2788 3736
441 236 576 299 394
924 205 1899 278 GENESIS,

429 349 663 401 ritualibus
700 346 753 395 &
778 343 1036 395 coelestibus
1074 360 1132 393 ex
1170 344 1247 392 tali
1262 343 1394 394 cultu
1410 343 1584 403 existat,
1620 345 1710 394 hoc
1733 346 1813 404 dt,
1845 348 1975 412 quod
2001 348 2181 406 Aschur
2197 351 2398 416 egness‘us
2419 369 2448 403 e

430 431 547 465 terra
578 416 818 469 Schinear;
855 428 996 476 quam
1018 411 1147 476 quod
1170 411 1270 459 talis
1295 412 1447 460 cultus
1470 413 1760 461 ratiocinetur
1781 413 1839 466 de
1859 414 2163 478 spiritalibus
2186 419 2237 466 ὅτ
2253 420 2451 468 coelesti-

432 486 532 540 bus,
575 482 662 529 hoc
689 479 769 537 est,
805 479 934 543 quod
956 478 1163 527 Nimrod
1175 480 1374 543 egressus
1411 496 1436 526 e
1455 491 1576 528 terra
1594 480 1645 527 in
1666 479 1928 528 Aschurem
1950 479 2025 529 seu
2043 476 2283 547 Affyriam.

506 568 525 598 1
541 567 556 597 1
570 549 643 598 86.
662 546 809 611 Qod
827 544 1008 594 Aschur
1022 546 1075 594 fit
1088 547 1392 604 ratiocinatio,
1410 546 1581 594 constat
1602 563 1627 594 a
1653 546 1978 610 fignificatione
1995 543 2213 601 Aschur-is
2229 551 2302 600 sou
2312 554 2449 618 Assy..

432 618 511 665 riae
537 617 582 662 in
600 614 776 670 Verb0,
801 613 881 660 ubi
891 610 1069 677 jugiter
1090 614 1309 677 accipitur
1323 630 1410 678 pro
1431 613 1524 661 illis-
1543 629 1649 677 quae
1665 615 1850 662 rationis
1875 613 1996 671 sunt,
2021 615 2070 662 in
2086 628 2280 682 utnoque
2303 620 2448 679 sensu,

430 698 601 746 nempe
647 697 733 746 pro
754 680 1046 728 rationalibus
1070 681 1120 727 δι’
1143 697 1230 745 pro
1254 681 1675 729 ratiocinationibus
1723 683 1827 745 (per
1876 683 2100 729 rationem
2123 684 2176 730 Ιδῑ
2218 686 2449 736 adonai-ia

432 749 749 812 intelliguntur
773 750 955 811 proprie
973 746 1050 794 illa
1071 762 1178 810 quae
1202 763 1308 794 vera
1330 748 1447 804 sunt,
1484 764 1565 812 per
1594 749 1984 796 ratiocinationem
2007 761 2159 796 autom
2179 750 2230 798 &
2257 754 2448 802 ‘mtioci-

431 818 503 863 nia
525 833 574 875 ea
597 831 703 880 quae
726 813 886 870 falsa);
924 812 1122 870 Aschur,
1157 815 1265 878 quia
1289 814 1512 878 significat
1553 816 1772 862 rationem
1814 817 1864 863 δε
1907 817 2316 875 ratiocinationem,
2350 820 2446 884 ple-

434 898 630 946 rumque
654 879 920 945 adjungitur
959 881 1189 944 AEgypto,
1226 897 1334 944 quae
1359 882 1583 945 significat
1606 881 1866 939 scientifica,
1903 883 2011 947 quia
2057 883 2170 931 ratio
2194 885 2244 931 &
2268 886 2445 935 ratiooi-

430 951 556 998 natio
592 947 656 995 est
694 964 749 995 ex
780 947 1046 994 scientificis.
1116 948 1267 1013 Qod
1309 947 1491 996 Aschur
1514 949 1931 996 Ratiocinationem
1966 949 2208 1013 fignifioot,
2267 953 2442 1002 constat

433 1017 555 1080 apud
581 1014 776 1071 Esaiam,
814 1019 849 1041 “
883 1014 973 1061 Vae
995 1014 1179 1077 Aschur,
1215 1015 1345 1078 virga
1367 1017 1447 1062 irae
1463 1031 1597 1072 meae,
1634 1015 1708 1062 ille
1732 1032 1824 1063 non
1856 1016 2030 1063 rea-um
2050 1018 2243 1081 cogitat,
2272 1019 2330 1066 &
2353 1035 2435 1069 cor

435 1089 469 1112 “
492 1081 585 1147 ejus
610 1097 702 1131 non
735 1082 912 1129 reustum
936 1081 1199 1137 meditatur,
1236 1080 1370 1138 dixit,
1419 1082 1467 1128 in
1490 1084 1662 1129 virtute
1699 1098 1862 1129 manus
1895 1098 2012 1129 meae
2038 1081 2141 1141 feci,
2178 1085 2227 1132 ὅτ
2255 1086 2301 1132 in
2326 1085 2438 1153 sapi-

433 1152 552 1197 entia
575 1164 691 1205 mea,
729 1149 835 1211 quia
850 1147 1106 1213 intelligens
1129 1146 1280 1203 sum,''
1305 1163 1363 1196 x:
1415 1166 1461 1211 5,
1502 1164 1549 1213 7,
1592 1165 1663 1211 13.
1689 1147 1770 1195 ubi
1789 1147 1971 1196 Aschur
1983 1165 2071 1214 pro
2088 1151 2444 1212 ratiocinatione,

431 1217 490 1264 de
512 1232 608 1279 quo
630 1215 734 1263 ideo
759 1213 1048 1276 praedicatur,
1087 1213 1215 1276 quod
1241 1229 1335 1260 non
1360 1215 1537 1261 redium
1579 1215 1752 1277 cogitet
1790 1215 1841 1262 δε
1880 1216 2146 1274 meditetur,
2183 1218 2234 1264 Sc
2272 1218 2446 1268 dicitur

433 1284 561 1346 quod
578 1297 659 1346 per
683 1281 939 1344 sapientiam
958 1278 1098 1336 suam,
1131 1281 1242 1343 quia
1259 1279 1530 1344 intelligens.
1600 1280 1750 1344 Apud
1768 1281 2078 1340 Ezechielem,
2117 1287 2152 1310 “
2185 1284 2309 1332 Duae
2335 1302 2440 1334 mu-

434 1356 469 1377 “
504 1350 647 1405 lieres,
665 1347 772 1394 filiae
791 1349 926 1394 unius
945 1348 1120 1403 matris,
1133 1345 1335 1394 scortatae
1346 1345 1448 1395 sunt
1463 1348 1507 1394 in
1525 1349 1732 1410 AEgypto,
1744 1348 1795 1398 in
1812 1346 2116 1396 adolescentiis
2129 1348 2219 1396 suis
2240 1349 2445 1400 scortatae

436 1422 469 1444 “
495 1414 613 1471 sunt,
650 1414 836 1462 scortata
870 1413 934 1460 est
963 1429 1069 1471 una,
1104 1413 1156 1460 &
1179 1413 1340 1462 dilexit
1378 1414 1567 1461 amasios
1605 1413 1723 1471 suos,
1762 1413 1993 1477 Aschurem
2027 1416 2276 1479 (Assyrios)
2334 1434 2442 1483 pro-

435 1489 469 1510 “
504 1483 719 1546 pinquos,
757 1479 942 1527 vestitos
961 1479 1270 1544 hyacinthino,
1306 1480 1446 1528 duces
1489 1479 1810 1544 &praefe6t03,
1838 1478 2032 1544 juvenes
2050 1482 2255 1530 desiderii
2280 1500 2442 1533 omnes

436 1554 470 1576 “
505 1564 598 1605 eos,
645 1548 820 1611 equites
843 1550 1092 1610 equitantes
1116 1548 1243 1610 equis
1269 1569 1283 1602 ;
1319 1559 1543 1594 venerunt
1559 1547 1617 1595 ad
1640 1563 1740 1594 eam
1751 1546 1844 1608 filii
1866 1548 2051 1605 Babelis,
2090 1550 2140 1597 &
2165 1549 2430 1612 polluerunt

437 1621 472 1643 ‘⁶
506 1631 606 1662 eam
644 1608 731 1678 per‘
748 1613 1066 1661 scortationem
1099 1612 1276 1670 sua-m,'’
1309 1624 1475 1661 xxnr:
1514 1630 1561 1670 2,
1601 1631 1646 1677 3,
1687 1630 1733 1676 5,
1772 1613 1819 1670 6,
1862 1627 1935 1679 17.
1972 1613 2052 1661 ubi
2084 1617 2321 1680 AEgyptus
2346 1634 2433 1682 pro

435 1681 705 1737 scientificis,
742 1680 923 1728 Aschur
955 1695 1041 1744 pro
1075 1679 1429 1737 ratiocinatione,
1466 1679 1548 1726 filii
1572 1679 1748 1727 Babelis
1764 1694 1849 1744 pro
1866 1678 1982 1728 fals1s
2015 1697 2072 1728 ex
2095 1684 2434 1746 cupiditatibus,

435 1748 583 1811 Apud
601 1747 835 1803 Eundem,
874 1752 908 1773 ‘⁶
932 1745 1261 1809 Hierosolyma
1282 1745 1470 1794 scortata
1485 1762 1530 1793 es
1549 1762 1658 1798 cum
1669 1746 1783 1806 filiis
1803 1748 2005 1811 AEgypti,
2042 1746 2229 1796 scortata
2250 1766 2295 1797 es
2329 1767 2439 1799 curn

437 1821 472 1842 “
492 1814 605 1873 filiis
627 1814 833 1876 Aschuris
859 1835 874 1869 ;
911 1811 1219 1877 multiplicasti
1243 1812 1723 1877 ‘scortationemusque
1757 1815 1806 1861 in
1835 1825 1952 1860 terra
1990 1814 2170 1862 Canaan
2206 1816 2264 1863 ad
2302 1816 2440 1865 Chal-

438 1887 472 1908 “
507 1881 707 1937 daeam,”
742 1895 859 1927 xvx:
899 1881 978 1937 26,
1018 1885 1097 1937 28,
1137 1897 1212 1945 29.
1249 1878 1486 1944 AEgyptus
1507 1879 1713 1927 similiter
1728 1895 1813 1944 pro
1836 1879 2123 1936 scientificis;
2160 1882 2342 1930 Aschur
2357 1900 2444 1947 pro

435 1948 807 2002 ratiocinatione,
844 1948 1127 1993 ratiocinatio
1165 1963 1223 1993 ex
1246 1945 1503 1994 scientificis
1541 1947 1601 1994 de
1624 1945 1925 2011 spiritualibus
1947 1948 1997 1994 ὅτ
2014 1947 2271 1996 coelestibus
2304 1965 2441 1997 voca-

435 2027 511 2061 tur
534 2014 756 2068 scortatio,
794 2014 842 2060 &
867 2011 940 2060 hic
962 2014 1014 2060 &
1031 2012 1135 2060 alibi
1154 2014 1201 2060 in
1217 2013 1404 2070 Verb03
1441 2013 1569 2077 quod
1595 2029 1687 2060 non
1702 2013 1908 2061 scortatio
1923 2013 1976 2060 fit
1992 2029 2102 2060 cum
2127 2015 2365 2078 AEgyptiis
2388 2017 2440 2064 ὅτ,

437 2096 548 2127 curn
575 2080 780 2142 Aflyriis,
817 2078 1007 2142 quisque
1038 2079 1191 2126 videre
1213 2078 1390 2143 potest:
1427 2080 1547 2144 apud
1571 2081 1837 2142 Jeremiam,
1864 2085 1899 2107 “
1920 2079 2065 2136 Israel,
2090 2078 2202 2143 quid
2227 2082 2309 2127 tibi
2325 2099 2438 2130 cum

438 2152 472 2174 “
494 2148 570 2193 via
592 2148 792 2208 AEgypti,
832 2145 889 2192 ad
914 2145 1164 2192 bibendum
1206 2162 1340 2209 aquas
1358 2146 1634 2203 SchichoriS,
1670 2147 1720 2194 ὅτ
1737 2146 1851 2208 quid
1866 2145 1950 2192 tibi
1982 2160 2088 2192 cum
2124 2147 2197 2192 via
2217 2149 2440 2211 Aschuris‚

433 2219 472 2241 '“
495 2214 550 2260 ad
570 2212 818 2259 bibendum
836 2228 971 2276 aquas
997 2212 1126 2259 fluvii
1163 2212 1451 2275 (Euphratis)
1471 2214 1500 2233 ”
1545 2228 1602 2258 11.
1635 2217 1710 2268 18,
1750 2213 1826 2276 36.
1851 2211 2054 2259 similiter
2076 2213 2319 2277 AEgpptus
2354 2231 2443 2278 pro

438 2279 709 2335 scientificiS,
746 2280 794 2326 &
820 2278 1008 2327 Aschur,
1024 2294 1108 2342 pro
1137 2279 1485 2325 ratiocinatione.
1558 2278 1705 2342 Apud
1733 2278 1964 2335 Eundem,
2001 2284 2035 2304 ‘⁶
2070 2280 2214 2326 Pecus
2249 2280 2441 2345 dispersa

439 2351 473 2373 ‘⁶
508 2345 652 2402 Israel,
688 2345 836 2392 leones
859 2345 1156 2409 dispulerunt,
1192 2346 1317 2407 prior
1354 2345 1557 2392 comedit
1586 2360 1696 2392 eum
1722 2345 1827 2392 Rex
1850 2344 2070 2408 Aschuris,
2110 2347 2158 2391 &
2185 2346 2257 2393 hic
2292 2346 2440 2412 poste-

442 2417 476 2440 “
513 2414 603 2459 rior
626 2411 840 2458 deoffavit
878 2426 984 2458 eum
1019 2426 1096 2458 rex
1122 2410 1336 2468 Babelis'',
1375 2426 1434 2459 L:
1480 2427 1554 2476 17,
1600 2416 1669 2460 18.
1698 2410 1878 2459 Aschur
1913 2426 1998 2474 pro
2022 2414 2358 2461 ratiocinatione
2379 2414 2440 2461 de

440 2477 756 2542 spiritualibus.
828 2477 977 2541 Apud
1019 2476 1247 2537 Micham,
1285 2482 1319 2504 “
1359 2478 1463 2525 Erit
1500 2478 1601 2525 haec
1652 2494 1758 2542 pax,
1794 2478 1964 2542 Aschur
2010 2494 2118 2526 cum
2174 2482 2345 2528 venen't
2396 2482 2444 2527 in

441 2552 475 2573 ‘⁴
511 2556 674 2593 terram
715 2544 928 2604 nostram,
967 2545 1016 2592 δε
1040 2560 1149 2591 cum
1191 2543 1427 2592 calcaverit
1448 2544 1610 2608 palatia
1655 2544 1818 2602 nostra,
1854 2545 1905 2592 ὅτ.
1943 2545 2265 2592 constituemus
2305 2546 2436 2610 super

442 2617 476 2641 “
510 2628 618 2659 eum
644 2610 814 2674 septem
850 2610 1059 2674 pastores,
1095 2612 1145 2658 δε
1192 2611 1297 2657 οᾶο
1342 2612 1568 2674 principes
1608 2611 1869 2668 hominum,
1905 2612 1954 2658 δι
1998 2610 2238 2674 depascent
2277 2621 2438 2659 terram

441 2685 475 2706 “
511 2679 716 2742 Aschuris
746 2678 916 2742 gladiO,
952 2678 1001 2724 ὅτ
1027 2687 1206 2737 terram,
1226 2677 1431 2725 Nimrodi
1464 2680 1510 2724 in
1534 2679 1679 2741 portis
1700 2675 1813 2742 ejus,
1849 2680 1899 2724 ὅτ
1925 2677 2129 2725 liberabit
2152 2677 2207 2724 ab
2228 2678 2434 2740 Aschure,

441 2750 477 2772 “
513 2761 620 2792 cum
661 2745 834 2791 venerit
874 2746 920 2791 in
945 2756 1106 2790 terram
1132 2743 1345 2798 nostram,
1368 2746 1430 2799 ,&
1458 2760 1573 2791 cum
1614 2744 1848 2792 calcaverit
1890 2745 2140 2790 terminum
2183 2744 2446 2800 nostrumss’v

440 2827 503 2858 v:
542 2830 590 2869 4,
628 2828 675 2872 5,
718 2811 780 2857 ibi
806 2811 861 2857 de
901 2809 1055 2858 Israele
1079 2810 1151 2856 seu
1182 2809 1383 2857 Ecclesia
1405 2809 1637 2874 spirituali,
1675 2811 1731 2857 de
1764 2825 1852 2872 qua
1891 2807 2086 2870 dicitur,
2109 2809 2236 2872 quod
2261 2810 2443 2858 Aschur

440 2893 533 2925 non
558 2877 754 2933 intrabit,
792 2877 878 2923 hoc
912 2876 991 2933 est,
1027 2875 1154 2939 quod
1200 2893 1292 2923 non
1329 2877 1639 2931 ratiocinati0;
1674 2888 1790 2922 terra
1815 2874 2035 2921 Nimrodi
2059 2890 2145 2938 pro
2187 2876 2263 2923 tali
2310 2877 2439 2924 cultu
2531 2911 2533 2913 -

439 2942 809 3008 quirffignificatus
833 2942 895 2988 est
917 2958 998 3005 per
1013 2943 1318 2998 Nimrodum,
1356 2943 1402 2988 in
1426 2957 1520 3004 quo
1544 2941 1659 2988 mala
1682 2941 1731 2987 &
1748 2938 1861 2986 falsa*
1877 2941 2101 2988 interiora.
2140 2940 2286 3006 Qod
2299 2945 2436 2991 etiarn

440 3009 621 3059 Aschur
660 3010 708 3054 in
730 3007 884 3054 Verbo
908 3009 962 3054 fit
991 3009 1130 3054 Ratio
1152 3024 1259 3071 quae
1285 3007 1407 3069 apud
1444 3008 1678 3054 hominem
1705 3001 1933 3062 Ecclefiae‚
1969 3022 2050 3070 per
2072 3020 2211 3071 quam
2226 3008 2438 3073 perspicit

439 3091 600 3123 verum
625 3075 672 3121 &
717 3073 908 3130 bonum,
945 3072 1115 3120 constat
1153 3072 1275 3136 apud
1298 3071 1520 3130 Hoseam,
1549 3077 1593 3110 -“
1628 3073 1870 3132 Pavebunt
1890 3073 2003 3120 ficut
2024 3076 2129 3121 “avis
2147 3090 2203 3121 ex
2224 3077 2432 3137 AEgypto,

443 3149 477 3172 ‘⁶
512 3143 560 3189 &
585 3140 697 3188 ficut
720 3139 930 3186 columba
953 3155 978 3185 e
1002 3151 1118 3185 terra
1140 3138 1393 3201 Aschuris,”
1438 3155 1490 3185 xl
1514 3157 1523 3186 :
1567 3155 1639 3201 ¹¹7²
1677 3139 1755 3185 ubi
1773 3139 2016 3210 AEgyptus
2049 3156 2134 3204 pro
2156 3139 2334 3188 scientia
2349 3142 2436 3188 ho-

444 3209 579 3258 minis
603 3206 833 3264 Ecclesiae,
869 3207 918 3254 &
944 3203 1124 3254 Aschur
1143 3205 1419 3271 pretatione
1439 3203 1638 3270 ejusdem
1659 3227 1674 3263 3
1709 3206 1836 3269 quod
1866 3207 1960 3266 avis
1978 3206 2032 3255 fit
2049 3206 2443 3319 scientillilcumin->

853 3294 857 3297 *
2165 3285 2208 3334 te
2244 3273 2432 3332 eetuale,
