2788 3736
484 266 616 328 402
957 245 1948 316 GENEKSIS.

487 382 754 428 exteriores:
790 396 873 445 per
891 379 1034 428 Gerar
1057 375 1363 443 significantur
1386 377 1463 427 illa
1498 394 1603 443 quae
1628 376 1743 428 sunt
1761 381 1954 431 revelata
1975 384 2033 432 d'e
2055 383 2146 434 fide
2166 405 2176 435 ε
2211 403 2294 453 per
2315 388 2477 438 Affam

492 445 567 492 illa
596 463 708 509 ,quae
742 445 843 494 sunt
882 446 1076 495 revelata
1099 446 1156 494 de
1200 446 1409 494 charitate
1429 464 1440 493 :
1477 446 1605 508 quod
1650 449 1868 496 terminus
1891 449 2231 502 Canaanitarum
2270 452 2415 506 *fuerit
2454 471 2505 503 a„

489 511 915 563 Zidoneveniendo
939 511 996 560 ad
1019 513 1159 561 Gerar
1182 508 1321 577 usque
1344 512 1401 559 ad
1422 512 1596 568 Aliam,
1634 512 1887 576 significant
1910 516 2211 566 extenfionem
2249 523 2477 584 cognitio-

488 593 602 625 num
626 579 683 626 ad
708 595 869 629 verum
892 579 941 628 &
960 578 1134 628 bonum
1159 579 1281 642 apud
1303 595 1396 636 eos,
1433 580 1514 642 qui
1550 578 1727 626 cultum
1753 592 1991 628 externum
2017 580 2179 645 absque
2202 586 2378 636 interno
2399 588 2476 635 ha⁴

489 643 622 692 bent:
664 645 886 700 veniendo
909 646 963 694 ad
989 646 1259 701 Sodomam,
1276 647 1519 702 Amoram,
1546 645 1772 704 Admam,
1809 646 2024 705 Zeboim,
2044 647 2183 712 usque
2206 651 2263 699 ad
2278 653 2479 711 Lascha,

490 710 740 774 significant
764 711 866 759 falsa
881 713 931 760 δι
947 712 1077 768 mala,
1115 713 1160 758 in
1185 711 1350 774 quibus
1367 713 1677 759 terminantur.

562 778 698 826 1208.
737 779 883 841 Qod
925 794 1005 841 per
1027 778 1255 825 Zidonem
1287 777 1597 841 significentur
1634 778 1913 842 cognitiones
1936 783 2191 839 exteriores,
2231 783 2401 835 constat
2422 786 2480 835 ab

487 843 589 900 illis,
625 861 731 907 quse
755 844 884 909 supra
906 844 963 892 ad
986 844 1111 892 vers:
1157 861 1230 905 15,
1266 843 1432 892 ostensa
1455 842 1570 891 sunt.

559 928 695 976 1209.
733 910 879 973 Quod
911 926 991 975 per
1013 911 1153 958 Gerar
1176 910 1498 974 significentur.
1522 910 1597 957 illa
1635 927 1741 975 quae
1765 911 1956 960 revelata
1980 911 2081 960 sunt
2104 913 2162 962 de
2205 915 2310 973 fide,
2346 918 2407 965 ita
2429 920 2474 967 in
2494 959 2497 961 .

485 992 646 1039 genere
670 975 761 1040 ipsa
787 976 912 1033 fides,
948 976 1144 1024 constare
1181 976 1326 1039 pctest
1350 975 1531 1025 abillis
1555 976 1681 1032 Ιοείε,
1719 978 1796 1037 ubi
1821 979 1963 1026 Gerar
1985 981 2261 1038 nominatur,
2287 995 2351 1031 ut
2382 985 2473 1032 Ge-

486 1041 587 1092 nes²
625 1058 715 1090 xx:
752 1062 797 1092 ⁷1.
836 1044 949 1106 Cap,
975 1059 1130 1090 xxv1·.:
1175 1061 1215 1099 1,
1249 1059 1328 1106 17.
1367 1042 1424 1088 de
1463 1056 1553 1106 qua
1591 1041 1686 1106 ejus
1722 1044 2068 1107 significatione,
2104 1061 2160 1094 ex
2182 1049 2356 1098 Divina
2376 1051 2475 1100 Do-

487 1109 598 1156 mini
634 1108 961 1165 Misericordia,
997 1111 1043 1155 in
1066 1107 1363 1172 sequentibus.
1467 1150 1469 1153 .
1512 1118 1518 1123 “

559 1192 687 1224 1210.
779 1175 870 1221 uod
917 1190 996 1237 per
1019 1174 1175 1221 Affam
1210 1174 1518 1237 significentur
1555 1174 1644 1232 illa,
1681 1191 1786 1237 quae
1819 1175 2008 1223 revelata
2031 1175 2132 1224 sunt
2155 1178 2213 1226 de
2250 1179 2475 1238 charitate.

485 1241 680 1289 constare
703 1239 850 1303 potest
886 1253 980 1287 tam
1004 1256 1060 1286 ex
1083 1255 1152 1296 eo,
1189 1238 1314 1300 quod
1354 1240 1399 1286 in
1423 1239 1578 1286 Verbo
1617 1239 1696 1286 ubi
1718 1241 1775 1287 de
1815 1240 2109 1303 spiritualibus
2140 1247 2275 1293 etiam
2298 1247 2475 1296 de-coe-

483 1306 663 1355 lestibus
687 1305 965 1369 conjunCtim
990 1318 1164 1369 agatur,
1199 1304 1287 1353 hoc
1310 1304 1390 1361 est,
1427 1305 1610 1369 quando
1633 1305 1690 1354 de
1715 1305 1801 1353 illis
1824 1322 1930 1370 quae
1953 1306 2054 1355 sunt
2087 1309 2211 1367 fidei,
2247 1313 2383 1361 etiam
2417 1315 2476 1363 de

482 1374 568 1420 illis
592 1389 697 1437 quae
725 1372 826 1420 sunt
843 1372 1063 1422 charitatis
1092 1395 1105 1427 ;
1142 1387 1291 1435 quam,
1310 1386 1495 1434 quoque
1518 1387 1574 1423 ex
1597 1370 1768 1431 Verbo,
1805 1372 1884 1437 ubi
1907 1373 2015 1421 Affa
2037 1376 2324 1427 nominatur:
2356 1395 2474 1443 prae-

481 1452 613 1496 terea,
646 1439 772 1503 quod
794 1440 1073 1502 cognitiones
1108 1437 1149 1485 se
1188 1437 1435 1488 extendant
1472 1437 1531 1484 ad
1554 1437 1694 1486 fidem
1722 1437 1860 1501 usque
1883 1438 1940 1486 ad
1967 1440 2245 1500 charitatem,
2280 1459 2387 1508 quae
2410 1446 2475 1494 est

483 1506 850 1556 ultimusearum
879 1506 1110 1553 terminus.
1867 1508 1870 1513 '
2043 1523 2046 1525 ·
2126 1508 2135 1518 '

557 1590 639 1621 121
658 1594 690 1620 ι.
730 1572 874 1636 Qiod
899 1573 1117 1620 terminus
1158 1572 1504 1620 Canaanitarum
1540 1568 1675 1618 fuerit
1698 1586 1723 1618 a
1746 1569 1925 1618 Zidone
1963 1571 2187 1621 veniendo
2231 1575 2288 1622 ad
2313 1576 2473 1636 Gerar,

482 1638 619 1702 usque
658 1639 714 1685 ad
747 1639 919 1694 Affarn,
955 1638 1208 1701 significent
1231 1637 1535 1686 extensionem
1559 1637 1876 1700 cognitionum
1915 1637 2036 1700 apud
2054 1654 2146 1696 eos,
2181 1641 2261 1704 qui
2286 1643 2471 1691 ,cultum

482 1710 720 1752 externum
735 1703 896 1768 absque
914 1706 1089 1752 interno
1111 1702 1291 1766 habent,
1326 1720 1351 1751 a
1373 1703 1698 1767 significatione
1727 1702 1905 1750 Geraris
1927 1703 1978 1750 δε
1994 1703 2120 1752 Affae
2142 1706 2314 1756 constat
2334 1728 2348 1764 ;
2383 1721 2475 1757 ter-

480 1772 593 1818 mini
618 1772 830 1822 omnium
868 1772 1187 1837 cognitionum
1220 1785 1327 1833 quae
1367 1769 1563 1833 spectant
1603 1767 1799 1823 cultum,
1834 1767 1925 1815 sive
1947 1779 2155 1818 externus
2179 1771 2250 1829 fit,
2286 1773 2378 1822 five
2400 1777 2474 1823 in-

482 1850 652 1894 ternus,
689 1837 795 1885 illuc
820 1838 1007 1894 vadunt,
1044 1852 1149 1884 nam
1173 1837 1323 1884 omnis
1346 1835 1496 1885 cultus
1517 1833 1651 1882 estex
1674 1834 1764 1882 fide
1778 1834 1837 1894 2&
1853 1843 1858 1867 ³
1871 1833 2100 1893 charitate,
2124 1838 2214 1900 'qui
2232 1841 2471 1900 noninde,

480 1921 571 1952 non
612 1903 674 1952 est
697 1904 861 1960 cultus,
898 1903 971 1952 sed
995 1902 1243 1951 idololatria
1263 1924 1277 1958 5
1300 1903 1420 1966 „quia
1465 1901 1523 1948 de
1547 1902 1770 1957 Canaane,
1804 1900 1891 1948 h'oc
1914 1899 1995 1958 est,
2030 1902 2088 1949 de
2115 1901 2243 1952 c‘ultu
2265 1917 2468 1965 externo,

482 1968 663 2033 ejusque
681 1970 1032 2018 derivationibus
1056 1971 1220 2032 agitur,
1257 1985 1350 2016 non
1380 1967 1480 2015 sunt
1502 1967 1654 2015 cultus
1678 1965 1754 2014 sed
1783 1966 2101 2030 cognitionum
2125 1966 2376 2020 termini&
2393 1989 2471 2021 ex·

481 2036 715 2093 tensiones,
751 2051 856 2098 quae
880 2036 953 2083 hic
972 2036 1300 2098 intelliguntur.
2318 2078 2321 2080 ,

554 2120 636 2151 121
653 2119 689 2150 2.
725 2102 963 2149 Veniendo
1003 2101 1060 2148 ad
1101 2101 1367 2157 Sodomam,
1425 2102 1670 2156 Amoram,
1713 2098 1940 2155 Admam,
1992 2098 2188 2149 Zeboim
2237 2100 2375 2166 usque
2414 2104 2472 2151 ad

480 2168 666 2224 Lascha,
700 2168 826 2231 quod
850 2169 1102 2231 significent
1123 2165 1225 2217 falsa
1247 2167 1297 2216 &
1325 2165 1458 2222 mala,
1477 2167 1540 2219 ‚in
1556 2165 1722 2228 quibus
1748 2165 2062 2221 terminantur,
2100 2165 2300 2215 constare
2322 2169 2472 2232 potest

480 2236 850 2299 asignificatione
888 2233 1130 2282 earundem
1168 2234 1213 2280 in
1237 2232 1379 2281 Verbi
1401 2230 1616 2280 historicis
1650 2231 1700 2278 δε
1733 2229 2020 2293 propheticis.
2091 2232 2208 2279 Sunt
2237 2234 2284 2280 in
2307 2250 2470 2297 genere

483 2303 600 2349 binae
616 2302 810 2363 origines
834 2298 1093 2354 falsitatum,
1130 2314 1218 2346 una
1240 2297 1304 2345 est
1326 2313 1382 2344 ex
1400 2296 1722 2359 cupiditatibus
1746 2311 1853 2359 quae
1874 2294 1974 2343 sunt
1992 2299 2158 2344 amoris
2175 2295 2239 2345 sui
2259 2299 2309 2347 δε
2334 2317 2468 2349 mun·
2487 2331 2489 2333 -

480 2368 545 2424 di,
581 2367 712 2414 altera
733 2382 789 2412 ex
822 2365 1157 2429 cognitionibus
1190 2364 1240 2410 &
1259 2362 1524 2419 scientificis‚
1561 2379 1642 2426 per
1664 2362 1925 2416 ratiocinia3
1961 2359 2063 2410 falsa
2084 2378 2191 2426 quae
2214 2365 2336 2423 inde,
2360 2383 2490 2415 cum¹

480 2433 704 2482 dominari
726 2429 889 2479 volunt
927 2430 1056 2494 super
1078 2445 1198 2485 vera,
1233 2428 1543 2492 significantur
1572 2444 1653 2492 per
1686 2428 1955 2484 Sodomam,
1991 2429 2235 2487 Amoram,
2260 2432 2470 2481 Admam.

480 2500 529 2547 &
554 2498 749 2548 Zeboim
770 2517 780 2545 ε
829 2496 955 2560 quod
979 2495 1082 2544 falsa
1107 2497 1155 2543 ὅτ
1181 2494 1284 2542 inde
1307 2494 1424 2542 mala
1445 2494 1531 2541 fint
1555 2494 1736 2542 termini
1758 2493 1908 2540 cultus
1924 2495 2095 2542 externi
2117 2498 2197 2558 qui
2221 2494 2284 2546 est
2307 2497 2474 2561 absque,

482 2567 672 2620 interno,
708 2560 932 2621 unicuivis
964 2561 1161 2610 constare
1184 2560 1345 2624 potest,
1381 2561 1427 2606 in
1465 2560 1590 2609 cultu
1616 2560 1692 2608 tali
1717 2559 1828 2606 nihil
1851 2558 1914 2614 est
1938 2560 2017 2606 nis1
2042 2573 2312 2618 mortuum‚:
2331 2579 2468 2626 quare

480 2646 754 2695 quocunque
778 2629 819 2677 se
834 2630 968 2676 vertit
985 2629 1142 2684 homo,
1168 2628 1249 2690 qui
1266 2628 1311 2673 in
1328 2626 1406 2673 tali
1423 2626 1574 2682 cultu,
1595 2627 1650 2673 in
1675 2624 1879 2673 falsitates
1897 2625 2076 2682 labitur,
2095 2626 2221 2673 ‘nihil
2239 2629 2468 2677 internum

481 2698 543 2744 est
566 2697 691 2761 quod
718 2696 844 2743 ducit
864 2695 913 2743 δι
939 2695 1108 2742 detinet
1132 2695 1176 2742 in
1202 2694 1276 2740 via
1291 2693 1508 2749 veritatis,
1537 2691 1615 2739 sed
1640 2691 1784 2739 modo
1796 2702 2051 2746 externum,
2084 2691 2212 2753 quod
2231 2694 2344 2755 rapit
2360 2710 2466 2743 eum

481 2778 751 2825 quocunque
775 2761 998 2824 cupiditas
1021 2762 1070 2809 δε
1093 2759 1330 2823 phantasia.
1402 2759 1527 2823 Qia
1550 2759 1596 2805 in
1622 2757 1759 2804 Verbi
1777 2755 1994 2803 historicis
2009 2757 2060 2802 &
2075 2756 2348 2818 propheticis
2371 2776 2467 2808 me-

484 2841 715 2882 morantur
731 2828 947 2884 Sodoma,
985 2828 1178 2882 Amora,
1206 2825 1363 2879 Adma
1387 2826 1436 2885 &
1461 2823 1672 2878 Zeboim,
1705 2821 1818 2884 quid
1842 2834 2125 2883 unaquaeque
2147 2822 2193 2868 in
2218 2822 2362 2886 specie*
2378 2825 2485 2890 fig-.

458 2893 650 2950 nificat,
685 2892 764 2947 ibi,
800 2909 855 2939 ex
871 2894 1044 2940 Divina
1065 2892 1258 2939 Domini
1283 2888 1608 2943 Misericordia,
1643 2887 1830 2933 dicetur.

394 3014 397 3018 ⁴
547 2974 640 3006 ,121
651 2974 695 3020 3.
728 2958 848 3004 Vers
858 2975 869 3004 z
908 2975 984 3005 20.
1020 2960 1086 3005 Hi
1117 2956 1208 3014 filii
1230 2956 1398 3010 Chami,
1425 2953 1648 3017 secundum
1659 2951 1858 3013 familias
1884 2951 2006 3013 suas,
2032 2953 2257 3013 secundum
2302 2955 2469 3020 linguas

470 3020 612 3089 fiaeas,'
627 3025 673 3070 in
700 3025 827 3070 terris
850 3021 1004 3078 eorum,
1039 3025 1084 3069 in
1113 3021 1311 3083 gentibus
1339 3034 1502 3070 eorum.
1573 3016 1675 3064 Filii
1691 3016 1854 3063 Chami
1894 3016 2145 3079 significant
2169 3021 2466 3071 derivationes

480 3087 796 3139 doctrinalium
819 3088 869 3134 δε
894 3087 1102 3142 cultuum
1125 3087 1183 3142 e'x
1198 3084 1326 3131 cultu
1361 3094 1576 3146 corrupto
1592 3083 1782 3137 interno,
1817 3083 1897 3145 qui
1920 3082 1982 3136 est
2007 3083 2182 3138 Cham:
2218 3085 2465 3138 secundum

479 3155 672 3205 familias
694 3152 806 3209 suas,
839 3152 1089 3201 secundum
1112 3151 1288 3213 linguas
1311 3147 1422 3207 suaS,
1458 3150 1503 3196 in
1529 3149 1654 3197 terris
1675 3163 1853 3206 eorum,
1879 3150 1935 3216 ,5¹¹
1954 3149 2163 3212 gentibus
2180 3167 2356 3209 eorum,
2379 3152 2467 3217 fig·

1740 3227 1746 3229 “
2287 3217 2470 3268 nificant
