2788 3736
2138 26 2142 29 ,
2145 15 2159 30 At

2127 30 2157 51 Q.

661 267 1007 336 CAPUT
1054 216 1541 333 'DECIMUM
1585 263 1943 360 'QUART
1967 274 2132 346 UM.
2272 272 2404 366 563

391 410 525 470 citur,
560 408 669 475 quia
691 410 748 458 de
771 410 951 458 servitio
968 408 1148 474 agitur:
1186 408 1310 473 apud
1341 408 1607 470 Jeremiam‚
1644 414 1680 437 “
1698 411 1747 457 A
1772 410 1863 471 fine
1895 410 2065 475 septem
2078 408 2316 461 'annorum
2338 415 2408 462 di-

391 483 429 510 “
452 480 640 526 mittetis
661 477 850 542 quisque
873 475 1058 524 fratrem
1081 475 1216 525 suum
1249 475 1494 533 Hebraeum,
1532 478 1614 539 qui
1652 478 1874 525 venditus
1897 478 2035 526 fuerit
2057 477 2159 537 tibi,
2194 481 2245 528 &
2258 480 2405 543 servi-

393 550 431 574 ‘⁸
453 548 572 593 verit
590 545 673 593 tibi
691 544 766 592 sex
788 545 982 601 annos,”
1006 559 1193 591 xxx1v:
1231 561 1276 608 9.
1304 557 1373 602 ¹4·
1403 541 1484 590 ubi
1508 541 1711 590 fimiliter
1737 545 1969 593 Hebraeus
1986 546 2172 604 dicitur,
2209 547 2319 611 quia
2350 547 2407 594 de

323 614 327 619 '
393 610 607 668 servitio;
643 612 847 676 alioquin
877 611 962 658 filii
985 610 1149 672 Jacobi
1187 609 1310 673 apud
1350 608 1598 672 Prophetas
1638 626 1730 657 non
1754 611 1950 659 Hebraei
1994 625 2247 661 vocantur:
2284 613 2409 676 apud

403 679 681 737 Samuelem,
719 683 754 706 “
778 677 997 726 Philistaei
1017 676 1246 733 dicebant,
1283 674 1607 731 confortamini
1633 677 1683 723 δε
1702 676 1840 725 estote
1878 680 1926 725 in
1952 680 2090 736 viros,
2131 697 2186 727 ne
2198 681 2413 743 serviatis

392 748 430 772 “
454 747 667 803 Hebraeis,
703 745 816 793 ficut
841 746 1127 808 serviverant
1162 742 1347 800 vobis,''
1372 761 1392 793 1
1420 743 1566 790 Sam:
1603 757 1689 789 1v:
1728 753 1787 807 9.*
1808 745 2040 792 similiter:
2078 746 2202 809 apud
2223 745 2406 803 Mosen,

398 816 435 839 “
469 813 607 860 Dixit
655 811 863 875 jehovah
908 812 967 859 ad
1005 810 1189 866 Mosen,
1247 811 1362 857 intra
1397 809 1456 857 ad
1495 809 1797 865 Pharaonem,
1853 812 1904 858 &
1946 811 2140 875 loquaris
2187 812 2243 859 ad
2282 828 2409 869 eum,

395 882 431 906 “
467 879 527 926 fic
563 879 682 926 dixit
727 878 936 940 Jehox'rah
982 878 1111 925 Deus
1156 877 1449 941 Hebraeorgtm,
1485 876 1668 923 dimitte
1710 876 1942 940 populum
1989 894 2166 935 meum,
2224 890 2278 925 ut
2312 880 2408 942 ser-

395 948 434 971 “
466 948 596 992 viant
626 944 803 1002 Mihiss’
853 945 1022 993 Exod:
1061 959 1142 991 lx:
1182 960 1234 991 1:
1291 961 1365 1007 13.
1415 944 1545 1006 Cap:
1582 958 1644 990 x:
1700 959 1745 1004 3.
1792 941 1872 988 ubi
1917 959 2101 1007 quoque
2138 959 2197 991 ex
2230 944 2410 992 servitio

393 1014 547 1059 vocati
594 1011 695 1060 sunt
741 1011 950 1060 Hebraei.
1019 1009 1278 1074 Potipharis
1324 1024 1441 1056 uxor
1474 1010 1531 1054 de
1572 1007 1788 1072 Josepho,
1839 1013 1874 1035 “
1910 1009 2139 1058 Clamavit
2184 1010 2241 1058 ad
2286 1012 2409 1057 viros

396 1084 434 1106 “
470 1078 640 1125 domus
679 1077 788 1135 suae,
823 1079 874 1124 &
894 1077 1030 1124 'dixit
1062 1077 1142 1130 eis,
1176 1075 1347 1132 videte,
1383 1074 1576 1122 adduxit
1607 1074 1740 1122 nobis
1778 1075 1935 1122 virum
1974 1077 2217 1134 Hebraeum,
2254 1077 2313 1124 ad
2355 1076 2411 1123 il-

399 1144 715 1192 “ludendum
732 1143 914 1198 nobis,”
948 1141 1082 1188 Gen:
1118 1155 1305 1188 xxxix:
1349 1157 1422 1201 14.
1442 1139 1675 1188 Hebraeus
1691 1140 1874 1199 dicitur,
1911 1143 2018 1206 quia
2030 1142 2093 1189 ibi
2110 1155 2202 1190 erat
2225 1142 2408 1191 servus:

395 1213 605 1275 princeps
643 1211 960 1273 pincernarum
995 1207 1054 1255 ad
1070 1206 1368 1263 Pharaonem,
1405 1212 1441 1234 “
1462 1205 1721 1254 Nobiscum
1737 1219 1835 1254 erat
1866 1223 1980 1272 puer
1994 1209 2218 1266 Hebraeus,
2249 1210 2409 1273 servus

397 1281 435 1304 ‘⁶
456 1277 673 1340 principis
696 1275 953 1331 satellitum,
990 1274 1378 1336 &interpretatus
1410 1271 1475 1319 est
1521 1271 1653 1320 nobis
1690 1271 1876 1327 somnia,
1914 1273 2051 1322 Gen:
2090 1291 2204 1323 xm:
2249 1293 2323 1335 12,
2359 1275 2410 1323 &

390 1347 431 1370 “
453 1355 670 1406 praeterea
684 1342 903 1406 AEgyptii
923 1339 1152 1388 vocabant
1187 1339 1306 1386 filios
1329 1338 1498 1387 Israelis
1537 1339 1756 1396 Hebraeos,
1793 1341 1904 1404 quia
1941 1353 2066 1388 erant
2089 1340 2221 1399 servi,
2257 1341 2331 1389 seu
2362 1342 2410 1388 in

395 1406 627 1466 servitute,
663 1421 716 1456 ut
734 1421 915 1464 notum,
951 1405 1118 1454 Exod:
1158 1422 1209 1454 1:
1253 1423 1330 1469 15,
1372 1406 1448 1462 16,
1490 1422 1563 1470 19.
1588 1404 1777 1454 &alibi.

471 1491 613 1540 1704.
649 1475 714 1522 Et
730 1476 767 1521 is
790 1473 992 1522 habitans
1021 1472 1068 1519 in
1103 1473 1326 1534 quercetis
1349 1472 1536 1518 Mamre
1560 1471 1811 1529 Emorraei,
1846 1472 1975 1536 quod
1998 1465 2222 1540 significet
2244 1472 2410 1521 statum

395 1541 699 1607 perceptionis
722 1556 781 1587 ex
803 1538 1008 1588 rationali
1025 1537 1229 1594 homine,
1247 1581 1249 1583 .
1265 1536 1441 1585 constat
1461 1552 1519 1584 ex
1542 1535 1871 1600 significatione
1894 1542 2112 1603 querceti,
2150 1542 2200 1588 δε
2223 1555 2410 1604 querce-

400 1620 555 1658 torum
580 1609 766 1655 Mamre
787 1606 1053 1717 Emorrlazeii·
1072 1604 1130 1651 de
1149 1619 1247 1714 {lua
1260 1605 1413 1679 prius,
1445 1619 1479 1679 ξι
1500 1669 1551 1717 ἃ
1554 1620 1715 1716 1131342,
1734 1621 1898 1716 13443,
1933 1607 2069 1654 1616.
2121 1673 2132 1684 ·

401 1690 597 1790 „if-1¹43?
603 1670 1295 1786 ·stft2²3{¹{³{{fss¹„a?1;·i‘0nfissss¹{z⁵
1305 1671 1475 1799 3122&
1484 1671 2412 1805 Exta&‚oessjzsst‘ssffaezssrffgufltg

396 1808 552 1863 essent,
588 1804 788 1852 constare
820 1803 968 1867 potest
1013 1819 1040 1851 a
1061 1801 1388 1866 significatione
1412 1801 1615 1859 illorum,
1650 1802 1708 1849 de
1743 1802 1910 1866 quibus
1934 1802 2050 1867 infra
2072 1804 2128 1852 ad
2162 1805 2271 1852 vers
2277 1807 2295 1852 τ’
2317 1811 2409 1866 24,

400 1873 483 1923 ubi
506 1887 693 1937 quoque
714 1873 1035 1918 nominantur:
1072 1881 1125 1916 ut
1146 1871 1300 1932 paucis
1323 1869 1516 1926 dicatur,
1549 1885 1633 1934 per
1647 1869 1851 1927 Mamre,
1886 1869 2092 1919 Eschkol
2117 1872 2166 1918 δε
2192 1873 2410 1920 Anerum

399 1937 774 2003 repraesentantur
796 1938 846 1994 δι
861 1936 1172 2000 significantur
1192 1935 1340 2000 angeli
1365 1936 1446 2000 qui
1463 1936 1586 1999 apud
1598 1936 1882 2005 Dominum,
1919 1953 2026 1984 cum
2052 1939 2100 1985 in
2122 1939 2273 2002 prima
2294 1953 2408 2001 pue-

398 2007 502 2053 ritia
517 2006 758 2069 pugnavit,
795 2005 876 2067 qui
899 2002 1126 2066 adaequati
1157 2000 1341 2049 fuerunt
1357 2001 1488 2050 bonis
1511 2003 1563 2050 &
1584 2004 1702 2050 veris
1731 2015 1843 2059 tunc
1872 2004 1995 2067 apud
2018 2005 2280 2053 Dominum
2308 2026 2323 2059 ;
2351 2021 2411 2052 ex

397 2071 527 2120 bonis
551 2073 600 2120 &
633 2072 751 2119 veris
774 2070 1100 2126 nominantur-3
1138 2067 1358 2133 nusquam
1394 2069 1556 2133 aliquis
1579 2068 1766 2133 angelus
1790 2071 1837 2116 in
1860 2070 1984 2118 coelo
2020 2066 2203 2135 aliquod
2240 2087 2409 2118 nomen

398 2138 550 2195 habet,
598 2137 672 2185 sed
698 2137 799 2184 sunt
822 2137 941 2186 bona
963 2137 1013 2184 &t
1034 2151 1157 2193 vera,
1192 2151 1252 2182 ex
1288 2134 1457 2199 quibus
1479 2135 1786 2199 praedicantur
1818 2138 2022 2194 nomina,
2058 2136 2171 2185 ficut
2200 2136 2407 2184 Michael

397 2204 451 2253 &
474 2204 548 2251 alii
564 2204 738 2268 Angeli
762 2203 809 2250 in
824 2203 997 2258 Verbo,
1025 2201 1247 2266 nusquam
1272 2201 1381 2249 tales
1405 2200 1524 2259 sunt,
1548 2201 1624 2249 sed
1647 2203 1709 2250 ita
1731 2204 2024 2251 nominantur
2040 2219 2098 2251 ex
2120 2204 2275 2258 officio
2297 2218 2408 2267 qua-

403 2270 620 2333 licunque
642 2270 776 2317 sunt:
813 2268 887 2316 hic
904 2270 1106 2326 Mamre,
1142 2266 1346 2316 Eschkol
1362 2268 1413 2316 &
1431 2270 1562 2316 Aner
1584 2268 1803 2326 similiter,
1838 2267 1913 2317 sed
1931 2268 2303 2334 repraesentativa
2331 2285 2334 2287 ’

475 2337 616 2400 1706.
652 2334 794 2384 Vers:
836 2352 910 2396 14.
947 2337 1013 2384 Et
1051 2335 1226 2383 audivit
1248 2335 1432 2392 Abram,
1468 2335 1579 2399 quod
1610 2338 1813 2397 captivus
1837 2335 1993 2398 fabius
2025 2336 2180 2399 frater
2212 2337 2316 2400 ejus,
2353 2336 2409 2384 Β

401 2402 620 2465 expedivit
651 2403 848 2450 initiatos
868 2403 988 2464 suos,
1023 2412 1147 2449 natos
1184 2402 1328 2450 domus
1339 2403 1451 2465 suae,
1488 2401 1706 2450 wodecim
1723 2402 1779 2451 δέ
1801 2411 2020 2459 trecentos,
2055 2403 2113 2452 δέ
2133 2404 2410 2466 persequutus

401 2469 458 2528 est
480 2469 604 2532 usque
621 2466 742 2515 Dan.
812 2468 1013 2515 Audivit
1055 2467 1253 2525 Abram,
1287 2468 1413 2531 quod
1452 2469 1658 2532 captivus
1697 2466 1840 2516 faetus
1872 2466 2009 2516 frater
2039 2467 2151 2533 ejus,
2186 2468 2408 2532 fignificat

402 2535 530 2598 quod
555 2535 804 2598 perceperit
816 2534 1008 2581 Interior
1030 2534 1205 2580 Homo·
1219 2534 1267 2579 in
1289 2534 1411 2596 quali
1434 2534 1548 2581 statu
1565 2534 1670 2581 effet
1689 2535 1950 2582 Externus:
1985 2535 2036 2582 &
2059 2535 2293 2599 expedivit
2322 2533 2407 2579 ini-

403 2602 538 2648 tiatos
560 2599 678 2658 suos,
714 2612 841 2647 natos
858 2600 1026 2646 domus
1048 2597 1157 2655 sure,
1193 2598 1416 2661 significat
1451 2599 1527 2645 illa
1550 2599 1669 2646 bona
1689 2599 1809 2661 apud
1833 2601 2091 2648 Externum
2124 2600 2404 2654 Hominem,

402 2682 512 2732 quae
535 2683 658 2715 nunc
694 2666 876 2714 liberata
898 2682 924 2712 a
950 2662 1067 2728 jugo
1095 2664 1349 2712 servitutis:
1379 2664 1644 2712 oetodecim
1664 2666 1714 2712 &
1740 2677 1980 2720 trecentos,
2015 2666 2238 2728 fignificat
2261 2664 2405 2728 quali-

402 2745 546 2782 tatem
569 2734 784 2781 illorum:
822 2734 871 2780 &
888 2732 1180 2796 persequutus
1193 2729 1332 2794 usque
1343 2732 1467 2787 Dan,
1503 2730 1726 2794 fignificat
1747 2730 2077 2794 purificationis·
2099 2732 2297 2778 initium.

477 2816 617 2865 ¹707·
657 2799 804 2864 Qod
844 2799 1021 2847 audivit
1054 2797 1234 2845 Abram
1270 2797 1398 2860 quod
1435 2798 1641 2859 captivus
1680 2795 1821 2844 faetus
1860 2795 1994 2844 frater
2032 2795 2143 2861 ejus,
2179 2797 2401 2861 significet

401 2867 529 2928 quod
550 2868 800 2930 perceperit
823 2866 1016 2913 Interior
1037 2865 1207 2926 Homo
1253 2865 1301 2909 in
1324 2862 1447 2927 quali
1469 2862 1586 2910 statu
1609 2863 1713 2910 estet
1737 2863 1982 2920 Externus,
2018 2863 2190 2911 constat
2213 2880 2238 2911 a
2263 2859 2400 2927 figni-

403 2930 612 2979 ficatione
634 2933 828 2980 Abrami
861 2930 1063 2991 in-versu
1087 2946 1203 2978 mox
1225 2929 1434 2993 praeced:
1469 2929 1599 2992 quod
1622 2929 1675 2976 fit
1697 2930 1889 2984 Interior
1923 2931 2091 2977 Homo
2129 2930 2205 2977 cui
2240 2928 2399 2991 adjun-

404 2995 505 3043 ἕως
536 2997 742 3051 Internus
764 2998 836 3046 seu
859 2999 1091 3054 Divinus3
1126 2998 1177 3044 &
1211 3012 1269 3044 ex
1289 2995 1614 3059 significatione
1636 2995 1780 3043 Lothi
1803 2995 1931 3060 quod
1953 2995 2008 3043 fit
2030 2997 2258 3043 Externus
2290 2996 2399 3042 Ho-

406 3075 505 3118 mo,
540 3074 592 3109 ut
615 3064 739 3124 prius
761 3063 986 3112 ostensum
1008 3064 1072 3112 est
1092 3086 1108 3120 3
1139 3076 1242 3110 tum
1267 3078 1326 3109 ex
1350 3062 1674 3126 significatione
1695 3063 1849 3110 audite
1883 3061 2014 3128 quod
2036 3063 2241 3127 captivus
2264 3058 2398 3107 frater

401 3125 514 3190 ejus,
549 3128 676 3192 quod
698 3128 753 3176 fit
773 3132 1001 3194 percipere
1023 3133 1070 3178 in
1108 3130 1231 3195 quali
1270 3128 1381 3176 statu
1415 3129 1536 3186 estet,
1571 3144 1738 3194 nempe
1775 3140 1828 3176 ut
1850 3129 1897 3176 in
1930 3134 2056 3176 vet-1:
2090 3145 2161 3176 12.
2196 3126 2390 3184 dietum,

404 3193 534 3259 quod
555 3193 673 3241 bona
704 3196 753 3240 &
794 3209 897 3242 vera
932 3198 1189 3258 apparentia
1219 3197 1539 3260 occupaverint
1571 3195 1735 3245 illum:
1770 3195 1871 3243 haec
1910 3195 1971 3242 ita
2007 3194 2050 3239 se
2088 3192 2283 3245 habent;
2320 3192 2395 3238 In·

403 3262 541 3312 terior
578 3260 748 3310 Homo
783 3275 866 3324 per
906 3261 1167 3309 Abramum
1196 3262 1468 3326 ‘Hebraeum
1507 3263 1777 3319 intellectus,
1829 3276 1937 3309 cum
1983 3260 2230 3323 perciperet
2268 3258 2395 3370 qpod

1331 3329 1372 3375 C
1397 3343 1422 3375 c
1447 3344 1474 3375 c
1497 3343 1521 3376 c
1559 3346 1583 3377 2
2315 3339 2400 3371 ona
