2788 3736
635 231 1167 347 'CAPUT
1283 259 1995 328 OCTAVUM
2276 286 2403 351 23

390 400 507 456 tatio
531 401 794 468 spiritualis,
832 401 896 450 est
931 403 1167 452 Huniluatio
1207 404 1326 450 inter
1354 418 1516 451 verum
1558 403 1609 449 δε
1647 401 1846 459 falsum;
1882 419 1991 451 cum
2016 403 2233 452 Tentatio
2271 417 2400 452 natu·

383 474 502 530 ralis,
532 483 644 518 tunc
668 470 903 518 fluctuatio
924 469 986 516 est
1010 471 1129 517 inter
1160 469 1235 516 illa
1267 485 1375 533 quae
1397 468 1499 517 sunt
1522 470 1828 532 cupiditatum
1851 472 1902 518 δε
1927 472 1980 517 iis
2003 473 2253 527 contraria3
2291 488 2398 520 nam

376 540 671 588 Tentationes
695 538 861 584 dantur
882 537 1051 600 plureS,
1094 538 1140 583 in
1162 535 1328 600 genere
1351 535 1452 582 sunt
1475 535 1711 592 Coelestes,
1748 537 2029 600 spirituales,
2064 539 2115 585 ὅτ
2139 539 2398 596 Naturales,

377 622 486 671 quae
510 605 700 652 minime
735 602 1071 652 confundendae
1111 602 1243 656 sunt:
1280 602 1499 650 Coelestes
1539 604 1805 650 tentationes
1845 620 1938 651 non
1976 606 2159 668 poffunt
2197 606 2281 653 effe
2315 606 2397 652 nisi

376 672 500 737 apud
522 688 615 729 eos,
649 673 731 735 qui
757 672 802 718 in
827 686 981 718 amore
1003 671 1050 717 in
1071 670 1334 717 Dominum
1358 669 1492 726 sunt3
1529 669 1792 732 Spiritu-aies
1832 671 1954 733 apud
1977 688 2071 726 eos,
2105 674 2187 735 qui
2221 675 2268 720 in
2285 673 2397 725 „cha-

376 741 506 787 ritate
539 754 648 802 erga
684 739 984 802 proximat-113
1021 732 1263 784 Naturales
1308 735 1411 783 sunt
1448 735 1629 800 prorsus
1659 735 1885 783 distinetae
1933 737 1990 783 ab
2029 737 2133 794 illis,
2171 756 2251 788 nec
2292 739 2396 786 sunt

375 807 660 862 tentationes,
714 805 789 856 sed
827 802 972 851 solum
1011 803 1250 849 anxietates
1291 819 1348 850 ex
1386 819 1442 851 eo
1475 803 1604 867 quod
1638 804 1968 866 impugnentur
1991 805 2210 852 naturales
2232 822 2393 853 eorum

375 888 568 930 amores,
608 873 815 919 excitatae
846 869 905 916 ab
927 866 1201 926 infortunii3‚
1239 869 1428 927 morbis,
1463 870 1514 917 &
1540 870 1658 918 mala
1681 867 1910 933 sanguinis
1933 871 1982 917 ὅτ
2008 872 2256 919 fluidorum
2292 889 2393 921 cor·

375 943 500 1004 poris
524 939 745 1002 temperie
762 959 783 992 ;.
810 952 869 984 ex
891 936 959 983 his
988 938 1143 1000 paucis
1166 936 1445 1000 aliquatenus
1479 935 1580 983 sciri
1613 937 1762 1000 potest
1801 936 1917 1000 quid
1939 938 2173 995 Tentati0,
2209 956 2393 1004 nempe,

374 1005 581 1070 angustia
615 1008 665 1052 ὅτ,
708 1005 909 1053 anxietas
946 1019 1003 1051 ex
1033 1002 1120 1050 illis
1155 1019 1263 1066 quae
1294 1015 1551 1067 repugnant
1580 1003 1840 1059 amoribus3
1876 1004 1999 1067 apud
2039 1021 2157 1068 quos
2190 1022 2321 1053 amor
2344 1009 2387 1054 in

375 1074 637 1120 Dominum
660 1070 740 1128 est,
764 1069 985 1135 quicquid
1010 1071 1256 1134 impugnat
1279 1085 1484 1119 amorem
1509 1071 1555 1117 in
1577 1071 1858 1127 Dominum,
1895 1073 2148 1119 cruciatum
2172 1073 2392 1120 intimum

371 1140 601 1203 producit,
638 1138 726 1185 hoc
765 1137 829 1184 est
866 1138 1054 1184 tentatio
1083 1135 1304 1185 coelestis:
1341 1137 1464 1202 apud
1488 1153 1604 1202 quos
1626 1137 1691 1185 est
1714 1155 1844 1185 amor
1865 1154 1974 1202 erga
1995 1140 2282 1203 proximum,
2318 1139 2391 1187 seu

374 1206 579 1263 charitas,
615 1204 837 1269 quicquid
878 1206 1124 1269 impugnat
1147 1203 1268 1252 hunc
1300 1221 1523 1261 amorem,
1559 1206 1812 1253 cruciatum
1835 1206 2118 1254 conscientiae
2141 1206 2267 1264 sistit,
2303 1207 2392 1254 hoc

371 1273 434 1320 est
472 1274 660 1320 tentatio
698 1271 934 1335 spiritualis
961 1285 970 1316 :
1001 1284 1047 1320 at
1076 1287 1187 1319 vero
1210 1271 1447 1328 naturales,
1483 1288 1595 1335 quas
1619 1271 1889 1336 perplurimi
1914 1286 2082 1320 vocant
2107 1276 2391 1331 tentationes,

356 1339 420 1389 ,δι
442 1339 620 1387 dolores
651 1351 819 1386 vocant
842 1337 1018 1388 morsus
1041 1338 1345 1396 conscientiae,
1381 1356 1476 1387 non
1514 1341 1616 1386 sunt
1651 1341 1934 1392 tentationes,
1972 1339 2044 1386 sed
2070 1340 2215 1388 modo
2238 1344 2392 1388 anxie·

368 1418 480 1454 tates
503 1422 560 1453 ex
582 1423 655 1462 eo,
689 1405 822 1470 quod
846 1421 1023 1453 amores
1052 1421 1214 1453 eorum
1239 1407 1589 1470 impugnentur,
1625 1418 1677 1453 ut
1699 1422 1808 1454 cum
1834 1407 2093 1470 praevident
2115 1408 2166 1454 δε
2191 1407 2389 1455 sentiunt

369 1471 411 1520 se
443 1475 611 1538 privari
634 1473 822 1530 honore,
858 1472 988 1520 bonis
1028 1471 1210 1529 mundi,
1246 1470 1383 1530 fama,
1419 1472 1749 1537 voluptatibus,
1785 1475 1880 1520 vita
1901 1476 2123 1538 corporis,
2158 1475 2209 1521 &
2232 1475 2389 1521 simili-

370 1538 471 1596 bus,
522 1539 596 1588 sed
632 1539 772 1604 usque
808 1539 980 1604 aliquid
1023 1540 1131 1588 boni
1170 1539 1312 1589 solent
1342 1540 1624 1604 producere:
1677 1553 1895 1605 praeterea
1932 1544 2070 1588 etiarn
2093 1542 2390 1589 Tentationes

368 1606 533 1655 dantur
555 1602 678 1672 apud
701 1622 795 1664 eos,
829 1608 911 1671 qui
937 1607 1221 1658 inveharitate
1242 1606 1434 1655 naturali
1469 1606 1590 1663 sunt,
1626 1609 1687 1654 ita
1725 1607 1852 1671 apud
1889 1608 2126 1656 haereticos
2159 1607 2389 1672 quoscun-

366 1689 473 1737 que,
509 1674 717 1737 gentiles,
756 1674 1075 1730 idolololatras,
1110 1679 1168 1721 ex
1197 1675 1268 1731 iis,
1302 1690 1409 1737 quae
1432 1676 1711 1737 impugnant
1733 1690 1893 1721 eorum
1918 1675 2025 1722 fidei
2048 1677 2210 1732 vitam,
2247 1691 2388 1739 quam

368 1740 548 1787 charam
582 1740 747 1790 habent
766 1762 782 1795 ·,
818 1739 892 1786 sed
910 1741 989 1793 liae
1013 1739 1115 1786 sunt
1138 1739 1359 1802 angustiae
1382 1740 1567 1787 aemulae
1607 1742 1912 1788 tentationum
1946 1741 2261 1804 spiritualium.

441 1811 557 1866 848..
587 1806 781 1854 Peractis
804 1806 1158 1854 Tentationibus
1175 1806 1238 1853 est
1260 1806 1384 1869 quasi
1399 1807 1438 1854 F
1440 1806 1676 1863 luctuatio,
1703 1809 1752 1854 δε
1775 1807 1806 1853 fi
1823 1809 2117 1854 Tentationes
2140 1807 2388 1872 spirituales

369 1872 487 1929 sunt,
524 1873 588 1921 est
611 1873 872 1921 Fluctuatio
908 1874 1023 1920 inter
1046 1888 1212 1921 verum
1252 1874 1303 1920 δε
1339 1870 1517 1930 falsum,
1568 1873 1697 1937 quod
1721 1874 1857 1920 etiam
1890 1874 1995 1921 inde
2030 1874 2127 1922 satis
2153 1874 2385 1922 manifeste

369 1940 568 1987 constare
607 1938 770 2003 potest,
806 1939 934 2002 quod
959 1940 1178 1986 Tentatio
1217 1939 1272 1986 sit
1311 1941 1590 2003 principium
1615 1941 2021 2003 Regenerationis3
2058 1943 2208 1988 omnis
2232 1943 2387 2004 Rege-

367 2008 538 2053 neratio
578 2006 682 2053 ideo
718 2005 798 2062 est,
836 2017 889 2052 ut
920 2005 1064 2053 homo
1103 2021 1275 2053 novam
1299 2009 1443 2054 vitam
1484 2008 1688 2069 accipiat,
1726 2007 1799 2054 seu
1839 2010 2010 2070 potius,
2046 2021 2100 2055 ut
2132 2010 2298 2065 vitam,
2334 2009 2385 2055 &

367 2073 447 2120 fiat
491 2072 635 2120 homo
680 2089 739 2119 ex
780 2071 909 2119 nullo
942 2071 1146 2129 homine,
1183 2069 1255 2119 seu
1279 2075 1415 2121 vivus
1450 2073 1593 2120 honio
1629 2079 1686 2120 ἐκ
1725 2087 1928 2131 mortuo,
1966 2091 2105 2138 quare
2146 2091 2252 2122 cum
2289 2078 2391 2121 vita

365 2137 460 2202 ejus
486 2141 624 2203 prior,
651 2156 757 2203 quae
780 2138 928 2186 solum
953 2139 1018 2186 est
1040 2139 1263 2196 animalis,
1285 2156 1367 2204 per
1388 2142 1658 2188 tentationes
1681 2140 1941 2195 destruitur,
1977 2154 2088 2188 tunc
2123 2158 2214 2188 non
2238 2141 2406 2205 potest'

366 2207 491 2255 aliter
535 2223 676 2270 quam
724 2205 824 2270 post
856 2207 1151 2254 tentationem
1193 2207 1412 2254 fluctuare
1446 2210 1562 2254 inter
1600 2223 1763 2254 verum
1796 2209 1846 2255 &
1886 2206 2079 2263 falsum3
2122 2204 2284 2255 verum
2319 2208 2386 2255 est

367 2289 502 2321 novae
526 2271 658 2329 vitae,
694 2272 854 2320 falsum
879 2272 943 2320 est
966 2275 1157 2320 veteris:
1195 2273 1275 2320 nisi
1300 2273 1551 2322 destruatur
1588 2276 1714 2337 prior
1760 2276 1868 2329 vita,
1903 2276 1953 2321 δε
1987 2276 2075 2322 tale
2111 2275 2180 2331 fit,
2217 2291 2386 2337 nequa-

362 2355 507 2404 quam
549 2339 696 2386 semen
735 2339 960 2403 spirituale
982 2337 1130 2404 potest
1153 2339 1422 2396 inseminari,
1458 2358 1563 2389 narn
1585 2342 1710 2388 nulla
1731 2341 1794 2388 est
1817 2342 1999 2388 humus.
2071 2343 2194 2389 Cum
2230 2354 2383 2388 autem

367 2408 496 2469 prior
518 2407 612 2453 vita
634 2405 858 2453 destrufta
879 2406 959 2463 est,
995 2408 1046 2455 δι·
1071 2407 1169 2454 talis
1204 2408 1457 2466 fluctuatio,
1494 2421 1604 2455 tunc
1646 2425 1785 2472 poene
1812 2409 1924 2456 nihil
1965 2408 2045 2456 scit
2079 2409 2191 2472 quid
2215 2424 2380 2457 verum
2431 2401 2437 2408 ¹

366 2475 414 2520 &
441 2472 634 2529 bonum,
669 2472 808 2536 usque
830 2473 942 2520 adeo
978 2487 1030 2520 ut
1051 2476 1136 2520 vix
1170 2473 1276 2521 sciat
1313 2475 1410 2522 dari
1450 2475 1620 2538 aliquid
1643 2491 1824 2531 verum,
1861 2476 1975 2522 sicut
2021 2492 2107 2539 pro
2143 2475 2380 2538 exemplo,

365 2555 472 2586 cum
512 2541 686 2602 cogitat
707 2539 764 2586 de
788 2539 917 2585 bonis
948 2540 1193 2596 charitatis,
1230 2540 1302 2587 seu
1326 2554 1377 2588 ut
1402 2542 1478 2588 illa
1496 2554 1680 2598 vocant,
1718 2542 1928 2589 debonis
1963 2543 2192 2605 operibus,
2231 2558 2382 2588 annon

364 2622 422 2652 ex
460 2609 649 2669 proprio
689 2605 766 2652 illa
804 2607 937 2669 poffit
977 2604 1136 2661 facere,
1174 2607 1295 2654 &in
1319 2609 1507 2670 proprio
1541 2609 1595 2654 sit
1627 2611 1863 2665 meritum,
1899 2621 2009 2656 tunc
2035 2611 2095 2656 ita
2118 2611 2164 2655 in
2189 2608 2382 2655 obscuro

362 2674 414 2720 δε
437 2672 671 2720 tenebroso
693 2671 771 2728 est,
806 2685 859 2720 ut
886 2688 996 2719 cum
1021 2672 1188 2719 dicitur
1210 2674 1267 2727 ei,
1302 2674 1431 2736 quod
1454 2691 1512 2721 ex
1535 2674 1689 2730 semet,
1726 2674 1798 2720 seu
1823 2691 1880 2721 ex
1909 2678 2113 2738 proprio,
2152 2691 2290 2722 nemo
2313 2673 2376 2720 fa·

365 2755 462 2786 cere
488 2740 661 2787 bonum
685 2741 836 2803 possa,
874 2741 1025 2786 minus
1048 2738 1223 2802 aliquid
1245 2743 1425 2796 mereri,
1461 2741 1536 2788 sed
1558 2742 1685 2803 quod
1710 2757 1848 2788 omne
1871 2741 2046 2788 bonurn
2070 2758 2129 2788 ex
2150 2743 2377 2798 Domino,

364 2806 415 2852 δε
438 2822 576 2854 omne
599 2807 816 2854 meritum
852 2806 904 2852 fit
927 2807 1138 2862 Domini,
1176 2805 1287 2852 nihil
1325 2807 1445 2854 aliud
1485 2810 1632 2870 possit,
1670 2824 1808 2870 quam
1841 2807 2188 2871 obstupescere3
2218 2808 2377 2855 simili-

364 2883 432 2919 ter
454 2873 502 2920 in
525 2873 738 2920 omnibus
770 2873 954 2936 reliquis
976 2889 1083 2937 quae
1118 2872 1219 2937 furit
1242 2873 1367 2930 fidei,
1404 2873 1478 2920 sed
1502 2873 1640 2937 usque
1664 2873 1907 2922 obscurum
1933 2875 2047 2921 illud
2071 2874 2145 2933 seu
2168 2877 2375 2922 tenebro-

311 2961 322 2972 ·
363 2937 480 2994 sum,
516 2940 564 2985 in
599 2955 696 3002 quo
731 2939 812 2997 est,
849 2939 1003 2987 senfin}
1028 2941 1079 2988 ὅτ
1120 2955 1199 3004 per
1232 2941 1415 3004 gradus,
1454 2940 1711 2988 illustratur.
1784 2942 2087 3004 Regeneratio
2122 2941 2164 2990 se
2197 2940 2379 3005 prorsus

364 3003 514 3060 habet,
550 3005 664 3052 ficut
693 3022 802 3054 cum
826 3006 969 3054 homo
993 3006 1187 3069 nascitur
1209 3006 1370 3065 infans,
1403 3021 1515 3055 tunc
1551 3009 1598 3055 in
1626 3008 1933 3058 obscuriffima
1954 3010 2049 3058 vita
2071 3009 2151 3066 est,
2190 3008 2281 3056 fere
2306 3011 2374 3055 ni-

365 3071 427 3120 hil
452 3071 602 3126 novit,
642 3087 780 3134 quare
820 3085 931 3120 tunc
972 3077 1238 3122 communia
1277 3081 1429 3122 rerum
1454 3077 1661 3138 primurn
1686 3076 1900 3133 influunt,
1934 3091 2044 3139 quae
2081 3093 2162 3140 per
2206 3076 2376 3138 gradus

363 3137 640 3184 distinctiora
678 3137 815 3194 fiunt,
854 3139 968 3185 sicut
991 3141 1317 3189 communibus
1341 3142 1624 3205 particularia
1645 3143 1940 3199 insinuantur,
1977 3159 2116 3206 porro
2138 3142 2376 3205 particula-

361 3204 484 3258 ribus
515 3202 781 3266 singularia3
818 3205 880 3251 ita
914 3209 1182 3254 communia
1204 3224 1229 3255 a
1254 3208 1553 3272 singularibus
1586 3209 1878 3265 illustrantur,
1914 3223 1965 3255 ut
1990 3210 2092 3256 sciat
2117 3225 2208 3255 non
2233 3207 2379 3253 modo

362 3270 489 3337 quod
510 3270 613 3327 sint,
649 3268 723 3318 sed
744 3271 881 3318 etiarn
914 3272 1062 3334 qualia
1091 3273 1224 3330 sunt.;
1261 3276 1322 3322 ita
1344 3274 1385 3323 se
1408 3275 1541 3324 habet
1563 3293 1674 3324 cum
1698 3279 1844 3333 omni,
1880 3277 1961 3337 qui
1984 3276 2177 3337 emergit
2199 3289 2255 3319 ex
2278 3286 2377 3319 ten-

1451 3348 1457 3354 ”
1670 3348 1701 3368 “·’
2214 3351 2382 3387 tattone
