2788 3736
391 276 596 360 ,596
949 269 1948 342 GENESIS.·

456 405 632 462 Primo,
668 420 807 470 quam
848 408 928 472 qui
952 408 998 456 in
1025 409 1203 466 Altero,
1239 407 1352 456 sicut
1395 409 1477 472 qui
1511 408 1559 456 in
1582 408 1759 469 Tertio,
1796 407 1883 457 hoc
1905 409 1986 467 est,
2010 416 2105 459 tam
2147 410 2228 478 qui
2260 413 2456 464 Externi

457 469 574 528 sunt,
611 489 752 535 quam
784 475 863 537 qui
897 475 1149 532 Interiores,
1186 475 1299 523 ficut
1330 477 1411 538 qui
1457 475 1643 531 Interni‚
1679 474 1781 522 sunt
1802 475 2002 523 haeredes
2041 477 2194 542 Regni
2240 483 2450 540 Domini,

458 554 564 584 nam
588 554 745 586 omnes
764 557 907 588 unum
925 543 1115 590 Coelum
1138 540 1309 589 faciunt
1329 563 1343 597 ;
1369 543 1416 588 in
1433 541 1577 588 Coelis
1604 541 1794 588 Domini
1818 541 1860 589 se
1893 542 2070 606 prorsus
2094 542 2260 593 habent
2273 548 2452 596 Interna

456 604 505 649 δε
530 603 748 666 Externa,
773 607 887 655 ficut
910 608 1033 672 apud
1049 609 1284 656 hominem
1303 630 1317 663 ·‚
1354 607 1526 670 Angeli
1549 609 1630 671 qui
1652 608 1699 653 in
1715 608 1877 656 Primo
1899 609 2037 666 coelo,
2055 609 2453 663 subordinativsunt
2476 621 2480 625 ’

455 670 648 732 Angelis
671 673 750 734 qui
783 675 829 720 in
853 675 1081 733 Secundo,
1116 676 1166 723 δε
1192 674 1238 722 hi
1269 674 1544 738 subordinati
1567 674 1761 737 Angelis
1784 677 1864 738 qui
1886 676 1950 722 'in
1980 677 2158 733 Tertio,
2194 675 2265 724 sed
2297 677 2455 728 subor-

454 734 734 785 dinationon
749 739 812 786 est
836 742 1032 805 imperii,
1065 757 1227 790 verum
1268 740 1346 797 est,
1383 740 1496 787 ficut
1532 741 1578 787 in
1618 739 1820 797 homine,
1856 743 2053 790 influxus
2097 744 2378 792 internorum
2402 748 2450 793 in

453 804 691 861 exteriora,
728 806 876 854 influit
899 824 1066 872 nempe
1083 809 1273 855 Domini
1306 808 1401 854 vita
1437 822 1519 870 per
1541 806 1733 854 Coelum
1769 809 1956 855 tertium
1982 811 2028 856 in
2050 809 2261 867 alterurn,
2296 812 2346 858 &
2370 828 2451 875 per

453 867 539 915 hoc
564 870 608 916 in
627 873 848 934 primum,
883 874 972 922 hoc
995 890 1075 938 per
1090 875 1296 922 ordinem
1321 872 1616 930 succeffionis,
1635 885 1800 936 praeter
1819 874 1947 938 quod
1962 877 2100 923 etiam
2117 876 2380 925 immediate
2402 879 2452 927 in

452 950 609 982 omnes
628 938 819 996 Coelos;
845 941 1018 1004 Angeli
1041 942 1270 988 interiores
1293 939 1366 986 seu
1385 938 1661 987 subordinati
1679 956 1770 987 non
1785 939 1944 997 sciunt,
1980 942 2108 1005 quod
2126 944 2187 990 ita
2209 942 2250 990 se
2274 943 2450 1002 habeat,

451 1001 531 1047 nifi
548 1002 680 1050 detur
701 1005 786 1054 illis
810 1007 990 1054 reflexio
1014 1024 1039 1054 a
1063 1008 1286 1064 Domino,
1323 1009 1384 1054 ita
1406 1022 1499 1052 non
1537 1005 1601 1053 est
1638 1004 1948 1055 subordinatio
1979 1008 2185 1072 imperii:
2221 1022 2447 1072 quantum

449 1078 687 1126 Internum
706 1075 768 1122 est
785 1073 908 1138 apud
933 1073 1172 1138 Angelum
1196 1073 1316 1120 tertii
1338 1072 1462 1127 coeli,
1480 1084 1660 1119 tantum
1675 1072 1738 1119 est
1754 1072 1898 1120 haeres
1921 1075 2079 1138 Regni
2103 1075 2313 1132 Domini,
2343 1088 2447 1125 tum

451 1155 674 1207 quantum
700 1142 937 1189 Internum
956 1140 1018 1186 est
1036 1140 1157 1202 apud
1176 1138 1416 1201 Angelum
1436 1136 1617 1185 secundi
1631 1138 1767 1195 coeli,
1786 1150 1965 1186 tantum
1986 1140 2050 1186 est
2066 1140 2225 1198 haeres,
2245 1141 2449 1191 similiter

449 1222 672 1275 quantum
698 1209 933 1254 Internum
956 1204 1019 1251 est
1035 1205 1157 1268 apud
1181 1204 1419 1266 Angelum
1443 1205 1582 1265 primi
1620 1203 1748 1259 coeli,
1783 1215 1962 1252 tantum
1991 1222 2174 1270 quoque
2198 1207 2263 1261 est.
2284 1208 2446 1267 hael'esae

447 1277 686 1326 Internum
702 1272 808 1320 facit
830 1270 1055 1318 haeredem
1078 1269 1192 1326 effe3
1218 1268 1338 1332 apud
1357 1268 1564 1331 Angelos
1590 1268 1818 1315 interiores
1841 1269 1945 1332 plus
1958 1271 2022 1318 est
2036 1272 2288 1330 Internum,
2303 1290 2446 1338 quam

450 1341 572 1407 apud
599 1339 804 1404 Angelos
824 1338 1081 1394 exteriores,
1118 1351 1255 1399 quare
1278 1336 1535 1400 propriores
1565 1332 1666 1381 sunt
1692 1335 1914 1392 Domino,
1950 1337 2000 1383 δι
2027 1339 2173 1400 magis
2207 1339 2440 1393 haeredes:

446 1410 680 1457 Internum
708 1405 772 1453 est
789 1419 918 1452 amor
934 1405 981 1450 in
1007 1404 1282 1458 Dominum,
1321 1403 1369 1448 &
1394 1401 1580 1448 charitas
1593 1416 1702 1465 erga
1722 1403 2007 1464 proximum,
2043 1405 2270 1466 quantum
2294 1407 2444 1470 itaque

449 1475 614 1522 amoris
633 1476 680 1520 δε
696 1471 920 1520 charitatis
942 1469 1122 1525 habent,
1160 1480 1338 1515 tantum
1363 1466 1463 1514 sunt
1487 1467 1570 1513 filii
1589 1466 1663 1513 seu
1686 1467 1904 1526 haerede3‚
1941 1485 2048 1516 nam
2071 1481 2259 1517 tantum»
2277 1470 2444 1520 habent

447 1558 473 1589 a
495 1540 682 1587 Domini
698 1540 805 1585 vita.
876 1535 963 1583 Sed
987 1552 1012 1582 a
1027 1536 1187 1582 Primo
1210 1533 1282 1581 seu
1306 1533 1513 1581 Externo
1528 1533 1665 1580 Coelo
1702 1532 1925 1597 nusquam
1947 1535 2124 1598 aliquis,
2160 1537 2209 1583 in
2223 1537 2441 1587 Alterum

443 1606 518 1654 seu
551 1607 743 1653 Interius
767 1602 957 1651 Cor-:lum
987 1602 1115 1648 evehi
1139 1600 1304 1663 potest,
1341 1599 1599 1663 priusquam
1640 1598 1880 1646 instructus
1897 1600 1963 1647 est
1983 1602 2030 1647 in
2048 1599 2177 1648 bonis
2200 1605 2365 1651 amoris
2389 1605 2440 1652 &

438 1674 562 1721 ‘veris
586 1671 708 1729 fidei,
744 1681 968 1733 quantum
984 1666 1239 1724 instructus,
1265 1678 1443 1713 tantum
1467 1664 1615 1730 potest
1636 1665 1767 1712 evehi
1792 1667 1841 1713 &
1858 1666 2010 1713 venire
2025 1667 2139 1714 inter
2155 1668 2348 1732 Spiritus
2364 1687 2440 1718 an·

433 1740 613 1803 ,gelicos
633 1760 647 1793 ·,
683 1736 884 1784 similiter
908 1736 953 1782 hi
971 1746 1209 1796 antequam
1227 1732 1357 1780 evehi
1380 1731 1452 1779 seu
1475 1733 1628 1778 venire
1651 1733 1816 1795 poffint
1839 1734 1885 1779 in
1909 1732 2101 1780 Coelum
2127 1736 2329 1793 tertium,
2366 1736 2438 1785 seu

442 1808 560 1853 inter
581 1803 765 1868 angelos
786 1825 801 1858 ·,
838 1818 918 1865 per
953 1800 1288 1847 instruetionem
1313 1797 1568 1846 formantur
1591 1799 1816 1855 interiora,
1850 1799 1900 1846 ὅτ
1924 1799 1984 1846 sic
2007 1800 2194 1858 interna,
2230 1801 2280 1848 &
2304 1802 2440 1867 adap-

442 1884 592 1920 tantur
615 1871 670 1917 ad
695 1868 1007 1933 recipiendum
1030 1866 1148 1914 bona
1179 1867 1344 1914 amoris
1367 1866 1417 1913 &
1440 1880 1549 1912 vera
1569 1864 1692 1922 fidei,
1727 1865 1777 1912 δε
1811 1864 1872 1913 fic
1896 1867 2234 1930 perceptionem
2258 1867 2367 1917 boni
2391 1872 2444 1922 δε

442 1939 569 1993 veri·,
606 1953 743 1984 nemo
766 1934 912 1999 potest
930 1935 1174 1998 percipere,
1209 1932 1337 1997 quod
1360 1948 1452 1985 non
1477 1931 1555 1979 scit
1581 1933 1629 1979 ὅτ
1654 1932 1816 1988 credit,
1851 1933 1914 1979 ita
1935 1949 2027 1981 non
2051 1933 2211 1981 donari
2232 1931 2440 1984 facultate

440 2003 721 2067 percipiendi
744 2002 919 2048 bonum
942 2002 1108 2047 amoris
1149 2002 1197 2047 ὅτ
1221 2015 1384 2046 verum
1418 1997 1543 2056 fidei,
1578 1997 1658 2045 nisi
1682 2014 1762 2062 per
1783 2000 2083 2063 cognitiones,
2119 2012 2171 2047 ut
2186 2003 2307 2048 norit
2328 2002 2440 2066 quid

442 2071 497 2119 sit
521 2072 569 2117 δε
593 2069 723 2133 quale
741 2068 828 2124 s1t·,
866 2067 1063 2114 similiter
1103 2065 1144 2112 se
1174 2065 1308 2113 habet
1346 2081 1454 2112 cum
1479 2065 1710 2121 omnibus,
1745 2066 1881 2113 etiam
1914 2082 2024 2114 eum
2063 2064 2324 2125 infantibus,
2358 2069 2441 2132 qui

441 2152 599 2183 omnes
640 2134 920 2181 instruuntur
958 2134 1005 2180 in
1029 2134 1198 2195 Regno
1226 2133 1430 2188 Domini,
1467 2144 1511 2178 at
1535 2131 1581 2178 hi
1604 2129 1749 2188 facile,
1785 2133 1891 2195 quia
1931 2133 2065 2180 nullis
2089 2134 2322 2196 principiis
2345 2132 2447 2182 falfi'

442 2203 637 2249 imbuti:
674 2200 749 2247 sed
773 2200 1052 2247 instruuntur
1068 2198 1210 2246 modo
1233 2201 1279 2245 in
1298 2198 1557 2245 veritatibus
1582 2198 1923 2253 communibUS,
1943 2214 2048 2260 quae
2063 2213 2173 2244 cum
2196 2200 2438 2262 recipiunt,

442 2281 552 2315 tunc
580 2265 810 2314 indefinita
832 2266 934 2313 sunt
970 2282 1077 2330 quae
1109 2266 1364 2328 percipiunt
1391 2263 1483 2320 3-se
1506 2264 1638 2311 habet
1659 2263 1763 2320 hoc,
1799 2262 1911 2316 ficut
1943 2264 2024 2326 qui
2047 2262 2274 2326 persuasus
2296 2265 2359 2312 est
2382 2266 2440 2314 de

444 2334 592 2397 aliqua
639 2335 828 2379 veritate
867 2334 913 2378 in
954 2333 1208 2388 communi,
1244 2333 1281 2377 is
1320 2331 1641 2378 communium
1675 2329 1970 2392 particularia,
2005 2330 2054 2376 &
2101 2330 2440 2393 particularium

441 2400 694 2463 singularia,
729 2415 835 2460 quae
874 2398 1189 2444 confirmantia
1234 2396 1351 2453 sunt,
1385 2395 1513 2443 facile
1552 2396 1601 2445 &
1625 2396 1748 2458 quafi
1787 2411 1844 2442 ex
1866 2395 1920 2453 se,
1961 2407 2037 2443 aut
2060 2394 2234 2459 sponte,
2267 2399 2438 2462 arripit,

443 2482 470 2513 a
492 2467 676 2514 veritate
700 2466 825 2511 enim
848 2466 893 2510 in
910 2463 1148 2510 communi
1165 2463 1372 2519 afficittir,
1398 2463 1502 2509 inde
1525 2463 1660 2508 etiam
1695 2461 1763 2508 ab
1790 2459 1989 2526 ejusdem
2012 2463 2209 2510 veritatis
2240 2466 2439 2527 particu-

442 2532 609 2579 laribus
629 2533 678 2578 &
703 2530 1015 2594 fingularibuS‚
1051 2545 1157 2592 quae
1181 2529 1470 2584 confirmant,
1507 2544 1613 2574 nam
1639 2528 1738 2575 haec
1778 2539 1887 2575 cum
1910 2526 2194 2592 jucunditate
2217 2530 2267 2581 &
2290 2547 2438 2580 amoe·

442 2600 579 2647 nitate
598 2600 764 2644 intrant
788 2599 834 2643 in
858 2611 1152 2644 communem
1192 2595 1494 2651 affeffionem,
1529 2595 1579 2641 δε
1605 2595 1663 2641 s1c
1682 2594 1804 2642 illam
1829 2593 2005 2658 jugiter
2027 2595 2302 2659 perficiunt;
2336 2597 2437 2646 haec

443 2664 545 2712 sunt
568 2667 755 2719 interna,
796 2679 876 2727 per
898 2679 1004 2725 quae
1023 2662 1223 2708 hseredes
1241 2659 1472 2717 dicuntur,
1508 2660 1582 2707 seu
1606 2676 1687 2723 per
1706 2677 1812 2724 quae
1828 2661 2089 2708 haereditare
2103 2662 2283 2725 pofl'unt
2306 2664 2434 2725 Reg-

443 2746 555 2777 num
592 2731 812 2784 Domini3
850 2735 1042 2776 at'tunc
1066 2729 1269 2791 primum
1301 2727 1500 2774 haeredes
1540 2726 1657 2783 sunt,
1688 2725 1760 2773 seu
1784 2727 2066 2784 haereditant,
2115 2743 2223 2774 cum
2257 2729 2307 2774 in
2327 2728 2434 2784 affe·

444 2796 591 2843 &ione
608 2796 715 2843 boni
739 2795 854 2852 sunt,
890 2796 976 2842 hoc
993 2794 1073 2851 est,
1118 2796 1165 2840 in
1187 2810 1339 2841 amore
1363 2806 1543 2850 mutuo²
1591 2795 1638 2839 in
1660 2809 1799 2856 quem
1824 2810 1904 2857 per
1928 2794 2213 2856 cognitiones
2238 2791 2345 2840 boni
2382 2795 2433 2851 δε

443 2863 555 2917 veri,
592 2862 837 2908 &illorum
855 2862 1126 2916 affeetiones,
1163 2860 1547 2915 introducuntur3
1584 2860 1633 2906 &
1657 2872 1881 2922 quantum
1905 2861 1951 2906 in
1974 2858 2206 2911 affeffione
2229 2858 2337 2906 boni
2361 2858 2434 2908 seu

440 2943 592 2973 amore
622 2939 801 2982 mutuo,
841 2939 1022 2973 tantum
1061 2927 1258 2973 haeredes
1282 2925 1382 2972 sunt
1412 2926 1485 2975 seu
1523 2925 1819 2980 haereditant;
1854 2940 1960 2971 nam
1983 2939 2112 2969 amor
2147 2926 2432 2973 mutuus‘est

439 2993 703 3056 ipfiffimum
726 2993 857 3037 vitale
880 2993 1006 3055 quod
1021 2994 1247 3054 accipiunt
1269 2991 1328 3038 ab
1340 2992 1515 3038 effentia
1529 2991 1738 3044 Domini,
1763 3002 1815 3036 ut
1829 3007 1853 3036 a
1876 2989 1954 3036 suo
1977 2990 2107 3037 Patre
2128 3011 2142 3045 ς,
2184 2989 2283 3037 haec
2315 3007 2432 3055 quo-

439 3075 528 3122 que
552 3057 748 3105 constare
766 3057 962 3120 possunt,
987 3074 1044 3104 ex
1067 3058 1152 3103 illis
1176 3074 1280 3120 quae
1298 3073 1408 3104 mox
1433 3058 1478 3102 in
1499 3055 1625 3101 vers:
1651 3071 1676 3115 5
1704 3054 1959 3117 sequuntur.
2430 3074 2433 3076 ·

512 3129 650 3186 1803.
687 3125 862 3169 Verum
881 3125 960 3185 qui
981 3123 1235 3185 egredietur
1251 3138 1275 3168 e
1306 3121 1546 3167 visceribus
1579 3122 1684 3177 tuis,
1726 3121 1852 3183 quod
1877 3121 2097 3185 significet
2120 3121 2238 3178 illos,
2277 3124 2357 3186 qui
2379 3125 2428 3172 in

440 3206 591 3237 amore
614 3193 661 3235 in
683 3189 855 3252 Ipsum,
891 3189 940 3236 &
964 3190 1011 3234 in
1036 3203 1187 3234 amore
1212 3202 1321 3249 erga
1342 3190 1626 3249 proximum,
1676 3186 1845 3233 constat
1885 3204 1909 3234 a
1945 3188 2267 3251 significatione
2287 3188 2429 3248 ,visce-

436 3267 561 3315 rum,
601 3256 650 3305 ὅτ
674 3254 831 3319 egredi
846 3270 901 3303 ex
922 3253 1180 3311 visceribuS‚
1219 3253 1347 3317 quod
1369 3252 1423 3302 sit
1446 3251 1577 3311 nasci,
1627 3253 1700 3302 hic
1723 3252 1851 3320 quod
1872 3253 1958 3303 smt
1975 3254 2057 3312 illi,
2097 3254 2176 3318 qui
2192 3253 2429 3368 nascurgur

2215 3374 2217 3377 ,
2284 3335 2311 3368 a
2364 3333 2430 3381 ,Qt
