2788 3736
598 214 941 305 CAPUT
1008 222 1488 285 DECIMUM
1542 221 2065 313 QUINTUM,
2210 224 2343 309 615

343 358 395 407 ὅτ
418 374 524 407 eum
554 357 616 405 ad
652 369 855 411 mortem
891 355 1058 411 trahit;
1093 356 1216 419 apud
1242 355 1478 411 hominem
1500 353 1832 418 quijudicatur
1863 354 1920 402 ad
1937 356 2101 410 vitam,
2126 352 2347 409 similiter,

341 427 499 474 omnia
521 425 572 472 δε
595 422 773 488 singula
793 421 889 487 ejus
922 423 1211 486 cogitationis
1241 424 1292 476 &
1312 422 1560 471 voluntatis
1590 422 1714 486 apud
1731 438 1840 468 eum
1870 422 2035 468 habent
2057 419 2231 468 Ultimi
2252 418 2350 483 ejus

341 491 516 555 Judicii
542 492 810 554 imaginem,
847 492 897 537 ὅτ
930 489 1064 536 illum
1085 487 1239 536 ferunt
1260 489 1319 538 ad
1341 489 1520 543 vitam·,
1555 505 1661 535 narn
1685 487 1830 551 qualis
1869 489 2013 536 homo
2047 486 2113 533 est
2149 488 2197 533 in
2219 502 2350 534 com-

346 559 495 615 muni,
511 550 621 605 'talis
644 556 708 604 est
742 558 789 604 in
813 555 1111 619 lingularibus
1125 556 1411 619 cogitationis
1444 556 1494 603 &
1518 555 1782 602 affecitionis,
1851 555 1978 602 Haec
2010 553 2111 601 sunt
2139 570 2247 617 quae
2269 568 2352 617 per

340 623 584 673 Ultimum
613 623 851 685 Judicium
876 622 1201 685 significantur.
1783 671 1788 677 q

416 696 471 740 18
479 709 506 755 5
517 708 557 740 ι.
592 691 659 740 Et
682 689 922 755 postquam
949 689 1028 745 ita,
1062 688 1253 737 exibunt
1282 688 1574 753 acquisitione
1606 703 1790 750 magna,
1825 687 1955 750 quod
1992 686 2214 749 significet
2230 684 2348 732 ‚libe-

339 760 580 815 rationem,
616 757 667 805 δε
683 756 810 820 quod
824 755 912 802 illis
935 753 1055 802 bona
1073 755 1272 804 coelestia
1295 758 1345 803 δε
1369 754 1626 819 spiritualia,
1662 753 1834 801 constat
1850 770 1909 800 ex
1927 754 2253 816 significatione
2269 767 2348 797 ex-

340 828 422 886 ire,
459 825 588 889 quod
610 824 665 872 fit
685 822 881 879 liberari,
915 821 967 869 &
1000 838 1028 868 a
1049 821 1376 885 fignificatione
1396 821 1700 886 acquifitionis
1737 820 1865 884 quod
1889 820 1944 867 fit
1968 821 2143 868 bonum
2167 817 2350 864 coeleste

334 894 393 940 ·&
418 891 659 955 spirituale,
695 905 802 937 nam
824 888 927 936 haec
965 888 1287 952 acquisitioest
1321 889 1521 946 illorum,
1556 889 1637 952 qui
1659 889 1895 951 patiuntur
1915 886 2260 950 persecutioneS,
2295 885 2346 930 &

342 958 535 1012 subeunt
547 957 833 1013 tentationes,
867 958 1188 1019 oppressiones,
1224 957 1486 1003 affliffiones
1502 954 1575 1003 seu
1599 953 1879 1010 servitutem,
1914 955 1973 1001 de
2001 952 2167 1017 quibus
2190 952 2240 1000 in
2261 950 2350 998 hoc

340 1025 394 1073 δι’
417 1037 570 1090 praec:
606 1022 767 1072 versu:
802 1022 906 1070 haec
931 1022 1048 1070 bona
1080 1038 1265 1086 quoque
1288 1022 1599 1087 repraesentata
1618 1022 1669 1068 δε
1693 1020 1941 1084 significata
1963 1019 2066 1068 sunt
2091 1035 2172 1082 per
2193 1018 2350 1081 acqui·

341 1092 552 1145 fitionern
571 1091 780 1138 filiorum
802 1087 980 1150 Jacobi‚
1012 1105 1125 1136 cum
1141 1091 1381 1136 exiverunt
1396 1090 1629 1153 AEgypto,
1665 1088 1835 1135 Exod:
1871 1103 1958 1135 x1:
1990 1084 2040 1136 ¹2.
2077 1088 2206 1150 Cap:
2239 1100 2355 1145 ιωιε7

345 1159 426 1222 36,
443 1170 547 1205 tum
570 1172 756 1220 quoque
777 1169 859 1217 per
878 1154 1223 1218 acquisitionem
1245 1171 1405 1202 eorum
1428 1156 1476 1202 in
1499 1168 1618 1202 terra
1640 1155 1853 1203 Canaane-
1864 1153 2060 1218 expulsis
2098 1149 2312 1216 gentibus
2333 1171 2353 1204 -,

341 1225 391 1272 δε
415 1225 574 1287 paffim
598 1221 722 1286 apud
738 1219 1004 1284 Prophetas,
1041 1220 1122 1267 ubi
1143 1221 1201 1269 de
1222 1221 1374 1285 spoliis
1390 1220 1447 1268 ab
1469 1220 1689 1277 hostibus,
1723 1221 1890 1284 quibus
1914 1220 2148 1275 ditescent,
2183 1218 2348 1280 agitur·

415 1295 556 1352 1852.
595 1287 732 1336 Vers:
775 1304 849 1349 15.
885 1289 950 1334 Et
973 1297 1022 1334 tu
1040 1289 1180 1335 venies
1211 1288 1273 1335 ad
1285 1298 1438 1350 patres
1459 1298 1555 1335 tuos
1576 1290 1622 1334 in
1638 1299 1762 1350 pace,
1788 1288 2003 1350 sepelieris
2030 1289 2077 1333 in
2089 1289 2207 1350 finio
2229 1285 2349 1332 bono.

337 1357 423 1404 Tu
445 1357 598 1403 venies
615 1355 673 1403 ad
690 1367 835 1418 patres
850 1366 954 1401 tuos
978 1353 1025 1400 in
1048 1370 1176 1417 paoe,
1211 1355 1436 1418 significat
1459 1354 1584 1418 quod
1609 1354 1720 1401 nihil
1738 1370 1764 1400 a
1781 1354 1909 1401 bonis
1924 1357 1971 1401 δε
1994 1355 2113 1401 veris
2126 1353 2348 1400 laedetur:

341 1422 561 1487 sepelieris
598 1420 780 1469 insenio
801 1420 940 1478 bone,
974 1419 1202 1483 fignificat
1220 1419 1488 1470 fruitionem
1534 1422 1748 1469 omnium
1782 1419 2011 1469 bonorum
2051 1421 2108 1468 ab
2138 1420 2224 1467 illis
2269 1418 2352 1481 qui

339 1490 536 1538 Domini
551 1488 668 1536 sunt.
2019 1527 2022 1532 .
2086 1504 2088 1509 ’

416 1560 556 1619 1853.
594 1554 745 1620 Qod
765 1565 817 1601 tu
840 1555 996 1601 venies
1021 1554 1079 1600 ad
1101 1566 1248 1618 patres
1264 1566 1368 1602 tuos
1386 1555 1431 1602 in
1455 1570 1584 1618 pace,
1619 1553 1841 1617 significet
1873 1553 2001 1618 quod
2024 1554 2137 1603 nihil
2162 1571 2187 1602 a
2219 1555 2350 1606 bonis

340 1621 392 1669 &
415 1624 533 1668 veris
556 1621 763 1676 laedetur,
801 1620 1000 1667 constare
1015 1621 1162 1683 potest
1186 1637 1212 1667 a
1233 1621 1560 1684 significatione
1584 1633 1781 1683 patrum,
1817 1633 1918 1668 tum
1936 1622 2162 1669 venii-ead
2184 1636 2352 1686 patres,

346 1701 400 1735 ut
424 1689 471 1735 &
499 1688 622 1751 pacis
644 1705 656 1735 :
692 1688 846 1736 Patres
869 1687 917 1733 in
942 1685 1063 1733 sensu
1083 1688 1260 1734 interno
1283 1687 1539 1750 significant
1563 1687 1635 1734 hic
1650 1687 1791 1744 idem,
1808 1703 1859 1734 ac
1876 1679 2009 1735 simul
2026 1689 2134 1735 filiae
2159 1691 2211 1737 δε
2233 1691 2314 1737 filii
2335 1714 2352 1747 3

341 1754 474 1818 quod
497 1754 606 1802 filiae
652 1753 908 1817 significent
928 1753 1065 1812 bona,
1101 1754 1152 1801 &
1175 1753 1259 1800 filii
1281 1768 1402 1810 vem,
1438 1752 1666 1800 ostensum
1700 1754 1767 1801 est
1789 1755 1931 1817 priUS,
1972 1771 2041 1802 n:
2078 1760 2195 1819 489,
2232 1774 2351 1821 490,

341 1835 459 1881 491,
499 1837 619 1884 533,
656 1836 796 1885 1147.
832 1821 938 1868 inde
970 1834 1118 1884 patres
1150 1820 1284 1867 simul
1306 1836 1414 1884 quae
1438 1820 1635 1868 filiarum
1657 1821 1710 1868 ὅτ
1732 1820 1966 1870 filiorum:
2003 1824 2157 1870 venire
2188 1824 2245 1871 'ad
2269 1841 2353 1887 pa·

343 1899 434 1934 tres
452 1886 517 1934 est
538 1887 719 1935 tranfire
741 1904 768 1934 a
804 1888 899 1934 vita
929 1888 1132 1951 corporis
1155 1888 1202 1935 in
1228 1887 1370 1934 vitam
1396 1885 1593 1951 spiritus,
1629 1886 1703 1934 seu
1728 1904 1754 1934 a
1777 1888 1956 1936 mundo
1979 1890 2025 1935 in
2049 1889 2236 1937 alteram
2278 1893 2351 1938 vi·

341 1965 438 2019 tarn
457 1976 473 2008 3
508 1955 558 2001 in
590 1970 701 2018 pace
733 1954 956 2017 fignificat
976 1954 1105 2018 quod
1129 1954 1241 2003 nihil
1264 1956 1457 2011 amittet,
1494 1952 1556 2002 ita
1585 1955 1714 2018 quod
1738 1954 1851 2002 nihil
1874 1955 2066 2002 laedetur
2086 1978 2100 2012 ;
2137 1973 2243 2004 nam
2267 1959 2353 2022 qui

340 2020 493 2068 transit
531 2022 580 2068 in
617 2021 801 2068 alteram
840 2022 1003 2078 vitam,
1040 2020 1151 2068 nihil
1185 2022 1354 2069 amittit
1392 2021 1448 2068 ab
1484 2021 1571 2068 illis
1604 2037 1711 2085 quae
1734 2020 1934 2068 hominis
1968 2021 2085 2080 sunt,
2110 2026 2266 2072 omnia
2300 2026 2353 2073 δε

340 2086 516 2150 singula
538 2089 760 2136 retinet&
777 2086 929 2135 secum
946 2087 1096 2145 habet,
1131 2100 1300 2151 praeter
1321 2103 1485 2152 corpus
1509 2087 1635 2152 quod
1651 2089 1862 2151 impediit
1882 2091 2147 2137 exercitium
2167 2092 2354 2139 interius

340 2151 436 2216 ejus
454 2153 721 2204 facultatum
741 2171 753 2202 :
789 2154 918 2218 quod
940 2155 1013 2202 hic
1038 2154 1163 2202 nulla
1185 2170 1326 2212 mors,
1350 2154 1426 2202 :seu
1449 2155 1651 2209 transitio
1674 2155 1731 2202 ad
1755 2168 1901 2218 patres
1923 2171 2004 2220 per
2023 2170 2242 2215 mortem,
2261 2158 2353 2221 fig·

342 2219 568 2277 nificetur,
604 2219 809 2276 constare
831 2220 979 2284 potest
994 2237 1030 2268 a
1050 2237 1162 2268 mox
1179 2221 1478 2286 sequentibus.

418 2290 559 2349 1854.
595 2287 745 2350 Quod
777 2286 995 2351 sepelieris
1025 2290 1081 2335 in
1105 2287 1226 2336 finio
1248 2289 1390 2346 bono,
1427 2287 1649 2353 significet
1671 2285 1936 2336 fruitionem
1965 2290 2182 2337 omnium
2207 2288 2352 2338 bono-

342 2368 448 2400 tum
471 2353 528 2400 ab
549 2351 736 2416 illisqui
755 2353 952 2401 Domini
980 2354 1101 2412 sunt,
1136 2355 1308 2403 constat
1329 2371 1386 2403 ex
1414 2372 1486 2413 eo,
1521 2355 1649 2419 quod
1674 2356 1706 2402 ii
1728 2357 1810 2419 qui
1835 2357 2094 2403 moriuntur
2117 2359 2163 2404 &
2198 2350 2354 2419 sepeli—

342 2430 502 2475 untur,
538 2435 632 2466 non
653 2421 925 2475 moriantur,
957 2419 1035 2467 sed
1050 2421 1272 2470 transeant
1294 2439 1319 2470 a
1332 2424 1428 2470 vita
1459 2421 1646 2470 obscura
1682 2422 1729 2468 in
1752 2421 1938 2479 claram,
1974 2439 2082 2470 nam
2105 2439 2230 2471 mors
2251 2439 2355 2472 cor·

347 2487 474 2548 poris
512 2485 577 2532 est
614 2485 760 2533 modo
798 2487 1097 2543 continuatio,
1155 2499 1209 2534 ut
1251 2489 1300 2536 &
1339 2487 1575 2551 perfeEiiO,
1616 2490 1747 2545 vitae,
1797 2489 1849 2536 δε
1881 2502 1994 2537 tunc
2031 2492 2238 2553 primum
2273 2505 2355 2538 ve-

347 2553 483 2599 niunt
505 2553 553 2598 in
576 2550 842 2600 fruitionem
863 2555 1076 2601 omnium
1099 2552 1329 2600 bonorum
1347 2553 1415 2600 illi
1438 2556 1519 2617 qui
1531 2555 1727 2601 Domini
1750 2553 1868 2612 sunt,
1906 2572 2010 2618 quae
2028 2556 2186 2604 fruitio
2217 2557 2358 2619 figni-

346 2619 509 2666 ficatur
526 2635 607 2682 per
619 2618 799 2666 senium
821 2619 1012 2668 bonum.
1076 2620 1261 2683 Saepius
1274 2621 1491 2677 occurrit,
1525 2620 1653 2684 quod
1668 2622 1841 2668 mortui
1874 2621 1977 2679 fint,
2013 2623 2240 2685 sepulti&
2259 2624 2358 2671 col-

344 2684 450 2732 leffi
473 2686 531 2733 ad
563 2698 726 2749 patres,
763 2685 839 2733 sed
872 2687 971 2734 haec
994 2702 1087 2734 non
1111 2686 1365 2750 significant
1397 2688 1447 2734 in
1485 2685 1608 2734 iensu
1630 2689 1808 2735 interno
1831 2687 1908 2734 illa
1942 2704 2049 2752 quae
2083 2691 2130 2735 in
2153 2688 2280 2737 sensu
2301 2690 2356 2737 li-

244 2786 251 2792 .
345 2763 455 2800 tetae
473 2775 490 2808 3
513 2754 572 2799 in
597 2752 720 2800 sensu
738 2754 922 2801 ‘interno
944 2752 1047 2800 sunt
1060 2753 1137 2800 illa
1156 2769 1266 2817 quae
1288 2753 1390 2801 sunt
1403 2754 1515 2800 vitae
1532 2752 1635 2817 post
1668 2766 1867 2801 mortem
1891 2755 1941 2801 ὅτ
1964 2771 2072 2819 quae
2095 2767 2277 2813 aeterna,
2311 2769 2358 2805 at

345 2818 536 2866 insensu
553 2819 698 2867 literae
718 2819 792 2866 illa
807 2835 914 2883 quae
941 2819 1043 2868 sunt
1065 2820 1178 2867 vitae
1199 2821 1248 2867 in
1272 2819 1468 2876 mundo,
1505 2822 1555 2869 δε
1578 2836 1686 2883 quae
1703 2822 1973 2884 temporaria
1992 2843 2006 2876 3
2042 2823 2243 2885 proinde
2274 2825 2358 2887 qui

335 2884 397 2930 in
419 2883 543 2932 sensu
566 2887 746 2934 interno
762 2885 880 2944 sunt,
914 2886 1029 2934 ficut
1052 2886 1245 2950 Angeli,
1261 2903 1372 2935 cum
1397 2887 1502 2933 talia
1513 2899 1775 2944 occurrunt,
1812 2886 2034 2951 nusquam
2058 2901 2295 2937 morantur
2311 2893 2358 2938 in

346 2949 747 3012 talibusquaesunt
763 2955 932 3000 ..mostis
948 2955 998 3000 &
1016 2952 1278 3017 sepulturae,
1290 2953 1365 3002 std
1378 2955 1426 3000 in
1434 2952 1599 3000 talibus
1617 2969 1726 3017 quae
1738 2953 1841 3001 sunt
1857 2955 2210 3003 continuationis
2227 2959 2358 3014 vitae,

348 3032 458 3063 nam
476 3019 1252 3078 mortemvnihilaliudconfiderant,
1276 3036 1418 3085 quam
1434 3021 1715 3068 exuitionem
1734 3020 1920 3069 illorum
1940 3037 2049 3085 quae
2066 3020 2167 3069 sunt
2185 3035 2359 3071 naturae

347 3084 621 3131 craffiflimae
658 3084 709 3133 &
744 3088 982 3148 tempor-is,
1024 3088 1076 3134 δε
1093 3103 1235 3151 quam
1258 3088 1395 3151 ipfius
1418 3087 1530 3134 vitae
1550 3088 1842 3150 continuum,
1869 3089 1967 3138 imo
1985 3090 2198 3151 ignorant
2234 3105 2358 3136 mor-

349 3159 464 3208 tem,
480 3165 586 3198 nam
603 3149 716 3198 nihil
733 3152 940 3214 cogitant
952 3152 1010 3201 de
1027 3166 1201 3204 mor-te:
1215 3154 1419 3207 fimiliter
1430 3153 1472 3203 se
1489 3153 1622 3203 habet
1637 3170 1754 3203 cum-
1764 3155 1974 3205 aetatibus
1990 3156 2213 3213 hominis;
2232 3155 2360 3219 quod

2286 3221 2361 3268 hic
