<?xml version="1.0" encoding="UTF-8"?>
<!DOCTYPE html PUBLIC "-//W3C//DTD XHTML 1.0 Transitional//EN"
    "http://www.w3.org/TR/xhtml1/DTD/xhtml1-transitional.dtd">
<html xmlns="http://www.w3.org/1999/xhtml" xml:lang="en" lang="en">
 <head>
  <title>
</title>
<meta http-equiv="Content-Type" content="text/html;charset=utf-8" />
  <meta name='ocr-system' content='tesseract 3.04.00' />
  <meta name='ocr-capabilities' content='ocr_page ocr_carea ocr_par ocr_line ocrx_word'/>
</head>
<body>
  <div class='ocr_page' id='page_1' title='image "arcanacaelestiaq01sweduoft_0499.png"; bbox 0 0 2788 3736; ppageno 0'>
   <div class='ocr_carea' id='block_1_1' title="bbox 587 275 2399 383">
    <p class='ocr_par' dir='ltr' id='par_1_1' title="bbox 587 275 2399 383">
     <span class='ocr_line' id='line_1_1' title="bbox 587 275 2399 383; baseline -0.01 -16"><span class='ocrx_word' id='word_1_1' title='bbox 587 300 1013 367; x_wconf 81' lang='lat' dir='ltr'><strong>CAPUT</strong></span> <span class='ocrx_word' id='word_1_2' title='bbox 1110 275 2035 362; x_wconf 67' lang='lat' dir='ltr'>DUoDE-chU‘M.</span> <span class='ocrx_word' id='word_1_3' title='bbox 2230 289 2399 383; x_wconf 58' lang='grc'>489,-</span> 
     </span>
    </p>
   </div>
   <div class='ocr_carea' id='block_1_2' title="bbox 354 437 2424 908">
    <p class='ocr_par' dir='ltr' id='par_1_2' title="bbox 354 437 2424 840">
     <span class='ocr_line' id='line_1_2' title="bbox 357 437 2370 504; baseline -0.003 -12"><span class='ocrx_word' id='word_1_4' title='bbox 357 445 433 492; x_wconf 90' lang='lat' dir='ltr'>hic</span> <span class='ocrx_word' id='word_1_5' title='bbox 474 443 643 491; x_wconf 88' lang='lat' dir='ltr'>domus</span> <span class='ocrx_word' id='word_1_6' title='bbox 664 441 908 490; x_wconf 82' lang='lat' dir='ltr'>Pharaonis</span> <span class='ocrx_word' id='word_1_7' title='bbox 949 456 1035 504; x_wconf 86' lang='lat' dir='ltr'>pro</span> <span class='ocrx_word' id='word_1_8' title='bbox 1059 439 1325 487; x_wconf 88' lang='lat' dir='ltr'>Scientificis</span> <span class='ocrx_word' id='word_1_9' title='bbox 1356 454 1438 502; x_wconf 91' lang='lat' dir='ltr'>per</span> <span class='ocrx_word' id='word_1_10' title='bbox 1464 453 1571 502; x_wconf 68' lang='lat' dir='ltr'>quae</span> <span class='ocrx_word' id='word_1_11' title='bbox 1603 438 1903 502; x_wconf 79' lang='lat' dir='ltr'><strong>intelligentia</strong></span> <span class='ocrx_word' id='word_1_12' title='bbox 1936 438 1984 485; x_wconf 85' lang='lat'>&amp;</span> <span class='ocrx_word' id='word_1_13' title='bbox 2026 439 2087 486; x_wconf 83' lang='lat' dir='ltr'>fic</span> <span class='ocrx_word' id='word_1_14' title='bbox 2125 437 2370 503; x_wconf 72' lang='lat' dir='ltr'>sapientia,</span> 
     </span>
     <span class='ocr_line' id='line_1_3' title="bbox 356 504 2371 573; baseline -0.001 -16"><span class='ocrx_word' id='word_1_15' title='bbox 356 510 518 558; x_wconf 87' lang='lat' dir='ltr'>firnilia</span> <span class='ocrx_word' id='word_1_16' title='bbox 546 526 730 573; x_wconf 87' lang='lat' dir='ltr'>quoque</span> <span class='ocrx_word' id='word_1_17' title='bbox 767 509 1015 572; x_wconf 73' lang='lat' dir='ltr'>fignificata</span> <span class='ocrx_word' id='word_1_18' title='bbox 1060 506 1163 554; x_wconf 90' lang='lat' dir='ltr'>sunt</span> <span class='ocrx_word' id='word_1_19' title='bbox 1207 504 1560 570; x_wconf 64' lang='lat' dir='ltr'>per&#39;Dornum,</span> <span class='ocrx_word' id='word_1_20' title='bbox 1595 520 1734 568; x_wconf 87' lang='lat' dir='ltr'>quam</span> <span class='ocrx_word' id='word_1_21' title='bbox 1772 506 2018 565; x_wconf 78' lang='lat' dir='ltr'>aedificavit</span> <span class='ocrx_word' id='word_1_22' title='bbox 2053 505 2242 558; x_wconf 69' lang='lat' dir='ltr'>Salumo,</span> <span class='ocrx_word' id='word_1_23' title='bbox 2263 507 2371 571; x_wconf 53' lang='lat' dir='ltr'>filia:</span> 
     </span>
     <span class='ocr_line' id='line_1_4' title="bbox 356 569 2421 639; baseline -0.001 -15"><span class='ocrx_word' id='word_1_24' title='bbox 356 577 618 633; x_wconf 86' lang='lat' dir='ltr'>Pharaonis,</span> <span class='ocrx_word' id='word_1_25' title='bbox 677 595 691 622; x_wconf 90' lang='lat'>1</span> <span class='ocrx_word' id='word_1_26' title='bbox 725 578 831 639; x_wconf 91' lang='lat' dir='ltr'>Reg</span> <span class='ocrx_word' id='word_1_27' title='bbox 857 594 867 623; x_wconf 91' lang='lat'>:</span> <span class='ocrx_word' id='word_1_28' title='bbox 892 578 1008 622; x_wconf 75' lang='lat' dir='ltr'>v1&#39;1:</span> <span class='ocrx_word' id='word_1_29' title='bbox 1038 578 1080 622; x_wconf 92' lang='lat'>8.</span> <span class='ocrx_word' id='word_1_30' title='bbox 1123 573 1224 636; x_wconf 89' lang='lat' dir='ltr'>seq:</span> <span class='ocrx_word' id='word_1_31' title='bbox 1262 569 1378 635; x_wconf 72' lang='lat' dir='ltr'>&#39;quia</span> <span class='ocrx_word' id='word_1_32' title='bbox 1410 571 1577 618; x_wconf 81' lang='lat' dir='ltr'>domus</span> <span class='ocrx_word' id='word_1_33' title='bbox 1616 587 1702 634; x_wconf 88' lang='lat' dir='ltr'>pro</span> <span class='ocrx_word' id='word_1_34' title='bbox 1740 571 1985 628; x_wconf 84' lang='lat' dir='ltr'>mentibus,</span> <span class='ocrx_word' id='word_1_35' title='bbox 2025 573 2071 619; x_wconf 75' lang='lat' dir='ltr'>i‘n</span> <span class='ocrx_word' id='word_1_36' title='bbox 2104 571 2282 637; x_wconf 77' lang='lat' dir='ltr'>quibus·</span> <span class='ocrx_word' id='word_1_37' title='bbox 2303 575 2376 637; x_wconf 54' lang='lat' dir='ltr'>5¹¹ss</span> <span class='ocrx_word' id='word_1_38' title='bbox 2417 621 2421 625; x_wconf 70' lang='grc'>,</span> 
     </span>
     <span class='ocr_line' id='line_1_5' title="bbox 358 637 2424 707; baseline -0.001 -17"><span class='ocrx_word' id='word_1_39' title='bbox 358 643 607 707; x_wconf 85' lang='lat' dir='ltr'>telligentia</span> <span class='ocrx_word' id='word_1_40' title='bbox 646 644 696 689; x_wconf 73' lang='grc' dir='ltr'>ὅτ</span> <span class='ocrx_word' id='word_1_41' title='bbox 735 637 1253 706; x_wconf 54' lang='grc' dir='ltr'>Γερὶεηῑίειξδῑςυίὸυέ</span> <span class='ocrx_word' id='word_1_42' title='bbox 1274 638 1534 702; x_wconf 60' lang='lat' dir='ltr'>affectiones</span> <span class='ocrx_word' id='word_1_43' title='bbox 1562 651 1670 700; x_wconf 81' lang='lat' dir='ltr'>quae</span> <span class='ocrx_word' id='word_1_44' title='bbox 1701 637 1803 684; x_wconf 89' lang='lat' dir='ltr'>sunt</span> <span class='ocrx_word' id='word_1_45' title='bbox 1837 639 2101 696; x_wconf 87' lang='lat' dir='ltr'>voluntatis,</span> <span class='ocrx_word' id='word_1_46' title='bbox 2139 640 2243 688; x_wconf 87' lang='lat' dir='ltr'>ideo</span> <span class='ocrx_word' id='word_1_47' title='bbox 2279 657 2374 689; x_wconf 85' lang='lat' dir='ltr'>vox</span> <span class='ocrx_word' id='word_1_48' title='bbox 2422 642 2424 645; x_wconf 77' lang='grc'><strong>’</strong></span> 
     </span>
     <span class='ocr_line' id='line_1_6' title="bbox 354 703 2374 770; baseline -0 -14"><span class='ocrx_word' id='word_1_49' title='bbox 354 710 523 757; x_wconf 88' lang='lat' dir='ltr'>domus</span> <span class='ocrx_word' id='word_1_50' title='bbox 549 712 595 756; x_wconf 90' lang='lat' dir='ltr'>in</span> <span class='ocrx_word' id='word_1_51' title='bbox 612 709 767 756; x_wconf 88' lang='lat' dir='ltr'>Verbo</span> <span class='ocrx_word' id='word_1_52' title='bbox 791 708 892 755; x_wconf 75' lang='lat' dir='ltr'>latae</span> <span class='ocrx_word' id='word_1_53' title='bbox 918 707 1257 770; x_wconf 74' lang='lat' dir='ltr'>significationis</span> <span class='ocrx_word' id='word_1_54' title='bbox 1279 705 1359 762; x_wconf 90' lang='lat' dir='ltr'>est,</span> <span class='ocrx_word' id='word_1_55' title='bbox 1389 704 1463 752; x_wconf 89' lang='lat' dir='ltr'>sed</span> <span class='ocrx_word' id='word_1_56' title='bbox 1493 704 1608 768; x_wconf 87' lang='lat' dir='ltr'>quid</span> <span class='ocrx_word' id='word_1_57' title='bbox 1638 703 1861 767; x_wconf 75' lang='lat' dir='ltr'>fignificat</span> <span class='ocrx_word' id='word_1_58' title='bbox 1896 707 1941 751; x_wconf 90' lang='lat' dir='ltr'>in</span> <span class='ocrx_word' id='word_1_59' title='bbox 1968 705 2126 768; x_wconf 87' lang='lat' dir='ltr'>specie,</span> <span class='ocrx_word' id='word_1_60' title='bbox 2175 703 2374 756; x_wconf 65' lang='lat' dir='ltr'>constare</span> 
     </span>
     <span class='ocr_line' id='line_1_7' title="bbox 360 771 2272 840; baseline -0.001 -17"><span class='ocrx_word' id='word_1_61' title='bbox 360 776 506 840; x_wconf 89' lang='lat' dir='ltr'>potest</span> <span class='ocrx_word' id='word_1_62' title='bbox 529 777 585 823; x_wconf 92' lang='lat' dir='ltr'>ab</span> <span class='ocrx_word' id='word_1_63' title='bbox 610 776 694 822; x_wconf 89' lang='lat' dir='ltr'>illis</span> <span class='ocrx_word' id='word_1_64' title='bbox 719 776 776 823; x_wconf 92' lang='lat' dir='ltr'>de</span> <span class='ocrx_word' id='word_1_65' title='bbox 809 774 975 838; x_wconf 90' lang='lat' dir='ltr'>quibus</span> <span class='ocrx_word' id='word_1_66' title='bbox 999 774 1270 837; x_wconf 86' lang='lat' dir='ltr'>praedicatur</span> <span class='ocrx_word' id='word_1_67' title='bbox 1291 795 1304 828; x_wconf 87' lang='lat'>;</span> <span class='ocrx_word' id='word_1_68' title='bbox 1342 772 1433 836; x_wconf 87' lang='lat' dir='ltr'>ipse</span> <span class='ocrx_word' id='word_1_69' title='bbox 1456 771 1598 819; x_wconf 88' lang='lat' dir='ltr'>homo</span> <span class='ocrx_word' id='word_1_70' title='bbox 1622 786 1806 834; x_wconf 86' lang='lat' dir='ltr'>quoque</span> <span class='ocrx_word' id='word_1_71' title='bbox 1824 771 2072 834; x_wconf 85' lang='lat' dir='ltr'>appellatur</span> <span class='ocrx_word' id='word_1_72' title='bbox 2090 773 2272 822; x_wconf 87' lang='lat' dir='ltr'>domus.</span> 
     </span>
    </p>

    <p class='ocr_par' dir='ltr' id='par_1_3' title="bbox 372 836 2419 908">
     <span class='ocr_line' id='line_1_8' title="bbox 372 836 2419 908; baseline 0 -18"><span class='ocrx_word' id='word_1_73' title='bbox 372 843 374 845; x_wconf 73' lang='grc'><strong>’</strong></span> <span class='ocrx_word' id='word_1_74' title='bbox 432 843 570 908; x_wconf 82' lang='lat'>1489.</span> <span class='ocrx_word' id='word_1_75' title='bbox 609 844 801 906; x_wconf 85' lang='lat' dir='ltr'>Propter</span> <span class='ocrx_word' id='word_1_76' title='bbox 823 841 1018 888; x_wconf 88' lang='lat' dir='ltr'>verbum</span> <span class='ocrx_word' id='word_1_77' title='bbox 1037 841 1157 887; x_wconf 84' lang='lat' dir='ltr'>Sarai</span> <span class='ocrx_word' id='word_1_78' title='bbox 1179 840 1333 887; x_wconf 86' lang='lat' dir='ltr'>uxoris</span> <span class='ocrx_word' id='word_1_79' title='bbox 1359 838 1570 894; x_wconf 81' lang='lat' dir='ltr'>Abrami,</span> <span class='ocrx_word' id='word_1_80' title='bbox 1602 836 1729 901; x_wconf 90' lang='lat' dir='ltr'>quod</span> <span class='ocrx_word' id='word_1_81' title='bbox 1755 836 1977 900; x_wconf 71' lang='lat' dir='ltr'>significet</span> <span class='ocrx_word' id='word_1_82' title='bbox 2001 853 2186 903; x_wconf 85' lang='lat' dir='ltr'>propter</span> <span class='ocrx_word' id='word_1_83' title='bbox 2210 857 2373 890; x_wconf 86' lang='lat' dir='ltr'>verum</span> <span class='ocrx_word' id='word_1_84' title='bbox 2413 883 2419 889; x_wconf 93' lang='lat'><strong><em>.</em></strong></span> 
     </span>
    </p>
   </div>
   <div class='ocr_carea' id='block_1_3' title="bbox 262 899 2411 973">
    <p class='ocr_par' dir='ltr' id='par_1_4' title="bbox 262 899 2411 973">
     <span class='ocr_line' id='line_1_9' title="bbox 262 899 2411 973; baseline -0 -17"><span class='ocrx_word' id='word_1_85' title='bbox 262 914 265 917; x_wconf 78' lang='grc'>’</span> <span class='ocrx_word' id='word_1_86' title='bbox 360 910 704 973; x_wconf 69' lang='lat' dir='ltr'>adjungendum</span> <span class='ocrx_word' id='word_1_87' title='bbox 743 907 932 964; x_wconf 89' lang='lat' dir='ltr'>coelesti,</span> <span class='ocrx_word' id='word_1_88' title='bbox 970 907 1142 954; x_wconf 88' lang='lat' dir='ltr'>constat</span> <span class='ocrx_word' id='word_1_89' title='bbox 1178 923 1204 954; x_wconf 93' lang='lat' dir='ltr'>a</span> <span class='ocrx_word' id='word_1_90' title='bbox 1239 905 1564 970; x_wconf 75' lang='lat' dir='ltr'>significatione</span> <span class='ocrx_word' id='word_1_91' title='bbox 1605 905 1780 961; x_wconf 80' lang='lat' dir='ltr'>uxoriS,</span> <span class='ocrx_word' id='word_1_92' title='bbox 1823 905 2016 967; x_wconf 87' lang='lat' dir='ltr'>proinde</span> <span class='ocrx_word' id='word_1_93' title='bbox 2040 906 2158 952; x_wconf 87' lang='lat' dir='ltr'>Sarai</span> <span class='ocrx_word' id='word_1_94' title='bbox 2201 899 2411 966; x_wconf 70' lang='lat' dir='ltr'>uxoris‚‘&#39;</span> 
     </span>
    </p>
   </div>
   <div class='ocr_carea' id='block_1_4' title="bbox 324 969 2439 3364">
    <p class='ocr_par' dir='ltr' id='par_1_5' title="bbox 360 969 2418 1697">
     <span class='ocr_line' id='line_1_10' title="bbox 360 969 2375 1039; baseline -0.001 -16"><span class='ocrx_word' id='word_1_95' title='bbox 360 976 487 1039; x_wconf 89' lang='lat' dir='ltr'>quod</span> <span class='ocrx_word' id='word_1_96' title='bbox 514 976 567 1022; x_wconf 84' lang='lat' dir='ltr'>fit</span> <span class='ocrx_word' id='word_1_97' title='bbox 588 991 751 1022; x_wconf 88' lang='lat' dir='ltr'>verum</span> <span class='ocrx_word' id='word_1_98' title='bbox 776 973 1124 1039; x_wconf 86' lang='lat' dir='ltr'>adjungendum</span> <span class='ocrx_word' id='word_1_99' title='bbox 1150 972 1341 1028; x_wconf 75' lang='lat' dir='ltr'>coelesti,</span> <span class='ocrx_word' id='word_1_100' title='bbox 1377 971 1434 1018; x_wconf 89' lang='lat' dir='ltr'>de</span> <span class='ocrx_word' id='word_1_101' title='bbox 1458 987 1553 1034; x_wconf 90' lang='lat' dir='ltr'>quo</span> <span class='ocrx_word' id='word_1_102' title='bbox 1593 969 1725 1034; x_wconf 87' lang='lat' dir='ltr'>supra</span> <span class='ocrx_word' id='word_1_103' title='bbox 1747 970 1800 1017; x_wconf 89' lang='lat' dir='ltr'>ad</span> <span class='ocrx_word' id='word_1_104' title='bbox 1827 970 1953 1018; x_wconf 89' lang='lat' dir='ltr'>vers:</span> <span class='ocrx_word' id='word_1_105' title='bbox 1987 988 2058 1020; x_wconf 85' lang='lat'>12.</span> <span class='ocrx_word' id='word_1_106' title='bbox 2131 973 2198 1019; x_wconf 89' lang='lat' dir='ltr'>Ita</span> <span class='ocrx_word' id='word_1_107' title='bbox 2230 972 2271 1019; x_wconf 90' lang='lat' dir='ltr'>se</span> <span class='ocrx_word' id='word_1_108' title='bbox 2309 991 2375 1021; x_wconf 88' lang='lat' dir='ltr'>res</span> 
     </span>
     <span class='ocr_line' id='line_1_11' title="bbox 360 1036 2374 1104; baseline -0.001 -14"><span class='ocrx_word' id='word_1_109' title='bbox 360 1042 509 1099; x_wconf 86' lang='lat' dir='ltr'>habet,</span> <span class='ocrx_word' id='word_1_110' title='bbox 548 1042 628 1089; x_wconf 85' lang='lat' dir='ltr'>nili</span> <span class='ocrx_word' id='word_1_111' title='bbox 653 1041 909 1098; x_wconf 86' lang='lat' dir='ltr'>scientifica,</span> <span class='ocrx_word' id='word_1_112' title='bbox 945 1056 1053 1104; x_wconf 84' lang='lat' dir='ltr'>quae</span> <span class='ocrx_word' id='word_1_113' title='bbox 1070 1038 1200 1086; x_wconf 88' lang='lat' dir='ltr'>usum</span> <span class='ocrx_word' id='word_1_114' title='bbox 1219 1036 1527 1102; x_wconf 75' lang='lat' dir='ltr'>praestiterunt</span> <span class='ocrx_word' id='word_1_115' title='bbox 1551 1039 1596 1084; x_wconf 89' lang='lat' dir='ltr'>in</span> <span class='ocrx_word' id='word_1_116' title='bbox 1621 1038 1829 1100; x_wconf 87' lang='lat' dir='ltr'>pueritia,</span> <span class='ocrx_word' id='word_1_117' title='bbox 1866 1050 1918 1084; x_wconf 93' lang='lat' dir='ltr'>ut</span> <span class='ocrx_word' id='word_1_118' title='bbox 1940 1037 2166 1085; x_wconf 87' lang='lat' dir='ltr'>rationalis</span> <span class='ocrx_word' id='word_1_119' title='bbox 2191 1039 2270 1086; x_wconf 90' lang='lat' dir='ltr'>fiat</span> <span class='ocrx_word' id='word_1_120' title='bbox 2294 1041 2374 1088; x_wconf 87' lang='lat' dir='ltr'>ho-</span> 
     </span>
     <span class='ocr_line' id='line_1_12' title="bbox 361 1102 2374 1168; baseline -0.002 -11"><span class='ocrx_word' id='word_1_121' title='bbox 361 1125 456 1164; x_wconf 91' lang='lat' dir='ltr'>m0,</span> <span class='ocrx_word' id='word_1_122' title='bbox 494 1109 794 1163; x_wconf 86' lang='lat' dir='ltr'>destruantur,</span> <span class='ocrx_word' id='word_1_123' title='bbox 830 1107 890 1154; x_wconf 86' lang='lat' dir='ltr'>fic</span> <span class='ocrx_word' id='word_1_124' title='bbox 930 1119 983 1152; x_wconf 89' lang='lat' dir='ltr'>ut</span> <span class='ocrx_word' id='word_1_125' title='bbox 1007 1105 1135 1152; x_wconf 88' lang='lat' dir='ltr'>nihili</span> <span class='ocrx_word' id='word_1_126' title='bbox 1163 1105 1263 1161; x_wconf 77' lang='lat' dir='ltr'>lint,</span> <span class='ocrx_word' id='word_1_127' title='bbox 1299 1103 1523 1167; x_wconf 87' lang='lat' dir='ltr'>nusquam</span> <span class='ocrx_word' id='word_1_128' title='bbox 1564 1102 1711 1167; x_wconf 89' lang='lat' dir='ltr'>potest</span> <span class='ocrx_word' id='word_1_129' title='bbox 1734 1119 1897 1151; x_wconf 87' lang='lat' dir='ltr'>verum</span> <span class='ocrx_word' id='word_1_130' title='bbox 1921 1102 2142 1168; x_wconf 86' lang='lat' dir='ltr'>conjungi</span> <span class='ocrx_word' id='word_1_131' title='bbox 2166 1105 2374 1163; x_wconf 71' lang='lat' dir='ltr'>coelesti3</span> 
     </span>
     <span class='ocr_line' id='line_1_13' title="bbox 361 1169 2377 1236; baseline -0.001 -13"><span class='ocrx_word' id='word_1_132' title='bbox 361 1175 602 1223; x_wconf 83' lang='lat' dir='ltr'>scientifica</span> <span class='ocrx_word' id='word_1_133' title='bbox 624 1174 699 1221; x_wconf 91' lang='lat' dir='ltr'>illa</span> <span class='ocrx_word' id='word_1_134' title='bbox 722 1175 871 1236; x_wconf 89' lang='lat' dir='ltr'>prima</span> <span class='ocrx_word' id='word_1_135' title='bbox 894 1171 996 1219; x_wconf 88' lang='lat' dir='ltr'>sunt</span> <span class='ocrx_word' id='word_1_136' title='bbox 1035 1172 1091 1219; x_wconf 90' lang='lat' dir='ltr'>ad</span> <span class='ocrx_word' id='word_1_137' title='bbox 1115 1170 1361 1235; x_wconf 86' lang='lat' dir='ltr'>plurimam</span> <span class='ocrx_word' id='word_1_138' title='bbox 1386 1183 1561 1234; x_wconf 88' lang='lat' dir='ltr'>partem</span> <span class='ocrx_word' id='word_1_139' title='bbox 1585 1169 1821 1228; x_wconf 88' lang='lat' dir='ltr'>terrestria,</span> <span class='ocrx_word' id='word_1_140' title='bbox 1858 1186 2090 1234; x_wconf 88' lang='lat' dir='ltr'>corporea,</span> <span class='ocrx_word' id='word_1_141' title='bbox 2128 1173 2377 1229; x_wconf 83' lang='lat' dir='ltr'>mundana,</span> 
     </span>
     <span class='ocr_line' id='line_1_14' title="bbox 362 1235 2377 1304; baseline -0 -15"><span class='ocrx_word' id='word_1_142' title='bbox 362 1255 595 1304; x_wconf 90' lang='lat' dir='ltr'>utcunque</span> <span class='ocrx_word' id='word_1_143' title='bbox 618 1254 847 1304; x_wconf 87' lang='lat' dir='ltr'>praecepta</span> <span class='ocrx_word' id='word_1_144' title='bbox 869 1239 971 1286; x_wconf 91' lang='lat' dir='ltr'>sunt</span> <span class='ocrx_word' id='word_1_145' title='bbox 986 1239 1160 1286; x_wconf 91' lang='lat' dir='ltr'>Divina</span> <span class='ocrx_word' id='word_1_146' title='bbox 1182 1253 1289 1301; x_wconf 86' lang='lat' dir='ltr'>quae</span> <span class='ocrx_word' id='word_1_147' title='bbox 1313 1252 1426 1301; x_wconf 90' lang='lat' dir='ltr'>puer</span> <span class='ocrx_word' id='word_1_148' title='bbox 1448 1237 1615 1294; x_wconf 88' lang='lat' dir='ltr'>haurit,</span> <span class='ocrx_word' id='word_1_149' title='bbox 1652 1235 1793 1299; x_wconf 87' lang='lat' dir='ltr'>usque</span> <span class='ocrx_word' id='word_1_150' title='bbox 1827 1253 1918 1284; x_wconf 89' lang='lat' dir='ltr'>non</span> <span class='ocrx_word' id='word_1_151' title='bbox 1955 1237 2088 1284; x_wconf 86' lang='lat' dir='ltr'>aliam</span> <span class='ocrx_word' id='word_1_152' title='bbox 2114 1238 2262 1287; x_wconf 85' lang='lat' dir='ltr'>ideam</span> <span class='ocrx_word' id='word_1_153' title='bbox 2300 1240 2377 1289; x_wconf 87' lang='lat' dir='ltr'>ha-</span> 
     </span>
     <span class='ocr_line' id='line_1_15' title="bbox 362 1302 2377 1370; baseline 0 -15"><span class='ocrx_word' id='word_1_154' title='bbox 362 1308 438 1355; x_wconf 87' lang='lat' dir='ltr'>bet</span> <span class='ocrx_word' id='word_1_155' title='bbox 461 1307 518 1354; x_wconf 93' lang='lat' dir='ltr'>de</span> <span class='ocrx_word' id='word_1_156' title='bbox 542 1307 645 1364; x_wconf 91' lang='lat' dir='ltr'>illis,</span> <span class='ocrx_word' id='word_1_157' title='bbox 681 1322 822 1370; x_wconf 90' lang='lat' dir='ltr'>quam</span> <span class='ocrx_word' id='word_1_158' title='bbox 845 1321 903 1352; x_wconf 85' lang='lat' dir='ltr'>ex</span> <span class='ocrx_word' id='word_1_159' title='bbox 926 1304 1090 1351; x_wconf 88' lang='lat' dir='ltr'>talibus</span> <span class='ocrx_word' id='word_1_160' title='bbox 1115 1303 1382 1357; x_wconf 75' lang='lat' dir='ltr'>scientificiS,</span> <span class='ocrx_word' id='word_1_161' title='bbox 1418 1318 1555 1367; x_wconf 89' lang='lat' dir='ltr'>quare</span> <span class='ocrx_word' id='word_1_162' title='bbox 1578 1302 1802 1366; x_wconf 78' lang='lat' dir='ltr'>quamdiu</span> <span class='ocrx_word' id='word_1_163' title='bbox 1836 1303 2067 1351; x_wconf 74' lang='lat' dir='ltr'>adhaerent</span> <span class='ocrx_word' id='word_1_164' title='bbox 2104 1304 2268 1354; x_wconf 88' lang='lat' dir='ltr'>infima</span> <span class='ocrx_word' id='word_1_165' title='bbox 2304 1307 2377 1355; x_wconf 88' lang='lat' dir='ltr'>illa</span> 
     </span>
     <span class='ocr_line' id='line_1_16' title="bbox 362 1368 2379 1438; baseline 0 -17"><span class='ocrx_word' id='word_1_166' title='bbox 362 1373 619 1430; x_wconf 74' lang='lat' dir='ltr'>scientifica,</span> <span class='ocrx_word' id='word_1_167' title='bbox 655 1389 713 1420; x_wconf 87' lang='lat' dir='ltr'>ex</span> <span class='ocrx_word' id='word_1_168' title='bbox 735 1371 1069 1438; x_wconf 66' lang='lat' dir='ltr'>quibus-ideae,</span> <span class='ocrx_word' id='word_1_169' title='bbox 1107 1387 1198 1418; x_wconf 89' lang='lat' dir='ltr'>non</span> <span class='ocrx_word' id='word_1_170' title='bbox 1222 1370 1384 1417; x_wconf 87' lang='lat' dir='ltr'>elevari</span> <span class='ocrx_word' id='word_1_171' title='bbox 1415 1385 1543 1416; x_wconf 88' lang='lat' dir='ltr'>mens</span> <span class='ocrx_word' id='word_1_172' title='bbox 1577 1368 1753 1433; x_wconf 89' lang='lat' dir='ltr'>potest:</span> <span class='ocrx_word' id='word_1_173' title='bbox 1788 1370 1910 1435; x_wconf 89' lang='lat' dir='ltr'>apud</span> <span class='ocrx_word' id='word_1_174' title='bbox 1934 1371 2198 1418; x_wconf 90' lang='lat' dir='ltr'>Dominum</span> <span class='ocrx_word' id='word_1_175' title='bbox 2221 1371 2379 1422; x_wconf 85' lang='lat' dir='ltr'>fimili-</span> 
     </span>
     <span class='ocr_line' id='line_1_17' title="bbox 360 1435 2379 1504; baseline -0 -16"><span class='ocrx_word' id='word_1_176' title='bbox 360 1453 447 1497; x_wconf 87' lang='lat' dir='ltr'>ter,</span> <span class='ocrx_word' id='word_1_177' title='bbox 483 1442 589 1504; x_wconf 87' lang='lat' dir='ltr'>quia</span> <span class='ocrx_word' id='word_1_178' title='bbox 606 1451 736 1487; x_wconf 89' lang='lat' dir='ltr'>natus</span> <span class='ocrx_word' id='word_1_179' title='bbox 754 1450 808 1486; x_wconf 89' lang='lat' dir='ltr'>ut</span> <span class='ocrx_word' id='word_1_180' title='bbox 829 1438 941 1486; x_wconf 86' lang='lat' dir='ltr'>alius</span> <span class='ocrx_word' id='word_1_181' title='bbox 964 1438 1124 1493; x_wconf 89' lang='lat' dir='ltr'>homo,</span> <span class='ocrx_word' id='word_1_182' title='bbox 1159 1437 1211 1484; x_wconf 90' lang='lat'>&amp;</span> <span class='ocrx_word' id='word_1_183' title='bbox 1234 1436 1524 1483; x_wconf 87' lang='lat' dir='ltr'>instruendus</span> <span class='ocrx_word' id='word_1_184' title='bbox 1546 1447 1598 1482; x_wconf 90' lang='lat' dir='ltr'>ut</span> <span class='ocrx_word' id='word_1_185' title='bbox 1621 1435 1750 1491; x_wconf 82' lang='lat' dir='ltr'>alius,</span> <span class='ocrx_word' id='word_1_186' title='bbox 1787 1436 1859 1483; x_wconf 91' lang='lat' dir='ltr'>sed</span> <span class='ocrx_word' id='word_1_187' title='bbox 1886 1435 2134 1484; x_wconf 87' lang='lat' dir='ltr'>secundum</span> <span class='ocrx_word' id='word_1_188' title='bbox 2169 1439 2379 1488; x_wconf 74' lang='lat' dir='ltr'>ordinem</span> 
     </span>
     <span class='ocr_line' id='line_1_18' title="bbox 363 1501 2418 1571; baseline -0.001 -17"><span class='ocrx_word' id='word_1_189' title='bbox 363 1508 610 1563; x_wconf 88' lang='lat' dir='ltr'>Divinum,</span> <span class='ocrx_word' id='word_1_190' title='bbox 645 1507 725 1569; x_wconf 91' lang='lat' dir='ltr'>qui</span> <span class='ocrx_word' id='word_1_191' title='bbox 750 1505 867 1561; x_wconf 84' lang='lat' dir='ltr'>talis,</span> <span class='ocrx_word' id='word_1_192' title='bbox 902 1517 954 1551; x_wconf 91' lang='lat' dir='ltr'>ut</span> <span class='ocrx_word' id='word_1_193' title='bbox 977 1503 1155 1551; x_wconf 63' lang='lat' dir='ltr'>dictum</span> <span class='ocrx_word' id='word_1_194' title='bbox 1177 1522 1186 1549; x_wconf 90' lang='lat'><strong>:</strong></span> <span class='ocrx_word' id='word_1_195' title='bbox 1222 1502 1491 1550; x_wconf 84' lang='lat' dir='ltr'>describitur</span> <span class='ocrx_word' id='word_1_196' title='bbox 1514 1502 1569 1558; x_wconf 72' lang='lat' dir='ltr'>in¹</span> <span class='ocrx_word' id='word_1_197' title='bbox 1585 1501 1654 1548; x_wconf 91' lang='lat' dir='ltr'>his</span> <span class='ocrx_word' id='word_1_198' title='bbox 1677 1517 1784 1565; x_wconf 85' lang='lat' dir='ltr'>quae</span> <span class='ocrx_word' id='word_1_199' title='bbox 1808 1503 1866 1550; x_wconf 89' lang='lat' dir='ltr'>de</span> <span class='ocrx_word' id='word_1_200' title='bbox 1890 1502 2100 1551; x_wconf 90' lang='lat' dir='ltr'>Abramo</span> <span class='ocrx_word' id='word_1_201' title='bbox 2125 1505 2170 1550; x_wconf 92' lang='lat' dir='ltr'>in</span> <span class='ocrx_word' id='word_1_202' title='bbox 2193 1506 2379 1571; x_wconf 87' lang='lat' dir='ltr'>AEgyp-</span> <span class='ocrx_word' id='word_1_203' title='bbox 2414 1550 2418 1569; x_wconf 23' lang='grc'>,-</span> 
     </span>
     <span class='ocr_line' id='line_1_19' title="bbox 366 1567 2418 1634; baseline 0 -14"><span class='ocrx_word' id='word_1_204' title='bbox 366 1586 434 1629; x_wconf 94' lang='lat' dir='ltr'>to,</span> <span class='ocrx_word' id='word_1_205' title='bbox 470 1573 587 1620; x_wconf 90' lang='lat' dir='ltr'>ordo</span> <span class='ocrx_word' id='word_1_206' title='bbox 622 1572 840 1628; x_wconf 91' lang='lat' dir='ltr'>Divinus,</span> <span class='ocrx_word' id='word_1_207' title='bbox 876 1570 1116 1633; x_wconf 85' lang='lat' dir='ltr'>quomodo</span> <span class='ocrx_word' id='word_1_208' title='bbox 1139 1569 1369 1617; x_wconf 82' lang='lat' dir='ltr'>Externus</span> <span class='ocrx_word' id='word_1_209' title='bbox 1406 1568 1550 1616; x_wconf 90' lang='lat' dir='ltr'>homo</span> <span class='ocrx_word' id='word_1_210' title='bbox 1589 1567 1885 1632; x_wconf 90' lang='lat' dir='ltr'>conjungitur</span> <span class='ocrx_word' id='word_1_211' title='bbox 1909 1570 2094 1618; x_wconf 88' lang='lat' dir='ltr'>Interno</span> <span class='ocrx_word' id='word_1_212' title='bbox 2133 1571 2255 1634; x_wconf 87' lang='lat' dir='ltr'>apud</span> <span class='ocrx_word' id='word_1_213' title='bbox 2279 1574 2380 1622; x_wconf 87' lang='lat' dir='ltr'>Do-</span> <span class='ocrx_word' id='word_1_214' title='bbox 2415 1575 2418 1582; x_wconf 89' lang='lat'>&#39;</span> 
     </span>
     <span class='ocr_line' id='line_1_20' title="bbox 364 1637 1443 1697; baseline -0.004 -11"><span class='ocrx_word' id='word_1_215' title='bbox 364 1642 563 1697; x_wconf 90' lang='lat' dir='ltr'>minum,</span> <span class='ocrx_word' id='word_1_216' title='bbox 599 1651 651 1688; x_wconf 91' lang='lat' dir='ltr'>ut</span> <span class='ocrx_word' id='word_1_217' title='bbox 674 1640 811 1685; x_wconf 87' lang='lat' dir='ltr'>etiam</span> <span class='ocrx_word' id='word_1_218' title='bbox 826 1638 1058 1685; x_wconf 87' lang='lat' dir='ltr'>Externus</span> <span class='ocrx_word' id='word_1_219' title='bbox 1082 1637 1208 1683; x_wconf 87' lang='lat' dir='ltr'>fieret</span> <span class='ocrx_word' id='word_1_220' title='bbox 1226 1637 1443 1683; x_wconf 87' lang='lat' dir='ltr'>Divinus.</span> 
     </span>
    </p>

    <p class='ocr_par' dir='ltr' id='par_1_6' title="bbox 324 1699 2439 2035">
     <span class='ocr_line' id='line_1_21' title="bbox 440 1699 2439 1770; baseline -0.004 -15"><span class='ocrx_word' id='word_1_221' title='bbox 440 1723 579 1770; x_wconf 89' lang='lat'>1490.</span> <span class='ocrx_word' id='word_1_222' title='bbox 621 1704 745 1753; x_wconf 90' lang='lat' dir='ltr'>Vers</span> <span class='ocrx_word' id='word_1_223' title='bbox 755 1725 764 1753; x_wconf 74' lang='grc' dir='ltr'>ε</span> <span class='ocrx_word' id='word_1_224' title='bbox 798 1709 869 1754; x_wconf 90' lang='lat'>18.</span> <span class='ocrx_word' id='word_1_225' title='bbox 907 1705 970 1751; x_wconf 92' lang='lat' dir='ltr'>Et</span> <span class='ocrx_word' id='word_1_226' title='bbox 993 1703 1175 1750; x_wconf 86' lang='lat' dir='ltr'>vocavit</span> <span class='ocrx_word' id='word_1_227' title='bbox 1198 1703 1379 1750; x_wconf 80' lang='lat' dir='ltr'>Pharao</span> <span class='ocrx_word' id='word_1_228' title='bbox 1395 1699 1661 1757; x_wconf 81' lang='lat' dir='ltr'>Abramum,</span> <span class='ocrx_word' id='word_1_229' title='bbox 1686 1702 1744 1750; x_wconf 56' lang='grc' dir='ltr'>ξεῖ)</span> <span class='ocrx_word' id='word_1_230' title='bbox 1765 1702 1894 1759; x_wconf 87' lang='lat' dir='ltr'>dixit,</span> <span class='ocrx_word' id='word_1_231' title='bbox 1930 1704 2033 1767; x_wconf 83' lang='lat' dir='ltr'>quid</span> <span class='ocrx_word' id='word_1_232' title='bbox 2052 1704 2130 1752; x_wconf 78' lang='lat' dir='ltr'>hoc</span> <span class='ocrx_word' id='word_1_233' title='bbox 2140 1704 2286 1767; x_wconf 87' lang='lat' dir='ltr'>fecisti</span> <span class='ocrx_word' id='word_1_234' title='bbox 2304 1706 2385 1754; x_wconf 80' lang='lat' dir='ltr'>mi·</span> <span class='ocrx_word' id='word_1_235' title='bbox 2436 1746 2439 1748; x_wconf 87' lang='lat'>.</span> 
     </span>
     <span class='ocr_line' id='line_1_22' title="bbox 366 1768 2382 1836; baseline 0.001 -18"><span class='ocrx_word' id='word_1_236' title='bbox 366 1773 429 1828; x_wconf 82' lang='lat' dir='ltr'>hi,</span> <span class='ocrx_word' id='word_1_237' title='bbox 466 1790 597 1836; x_wconf 85' lang='lat' dir='ltr'>quare</span> <span class='ocrx_word' id='word_1_238' title='bbox 619 1788 700 1819; x_wconf 90' lang='lat' dir='ltr'>non</span> <span class='ocrx_word' id='word_1_239' title='bbox 716 1770 909 1830; x_wconf 87' lang='lat' dir='ltr'>indicasti</span> <span class='ocrx_word' id='word_1_240' title='bbox 924 1770 1047 1826; x_wconf 80' lang='lat' dir='ltr'>mihi,</span> <span class='ocrx_word' id='word_1_241' title='bbox 1082 1769 1196 1833; x_wconf 87' lang='lat' dir='ltr'>quod</span> <span class='ocrx_word' id='word_1_242' title='bbox 1215 1785 1323 1816; x_wconf 85' lang='lat' dir='ltr'>uxor</span> <span class='ocrx_word' id='word_1_243' title='bbox 1345 1778 1424 1816; x_wconf 86' lang='lat' dir='ltr'>tua</span> <span class='ocrx_word' id='word_1_244' title='bbox 1447 1768 1538 1815; x_wconf 89' lang='lat' dir='ltr'>illa.</span> <span class='ocrx_word' id='word_1_245' title='bbox 1597 1768 1677 1821; x_wconf 62' lang='lat' dir='ltr'>„Et</span> <span class='ocrx_word' id='word_1_246' title='bbox 1697 1770 1885 1816; x_wconf 85' lang='lat' dir='ltr'>vocavit</span> <span class='ocrx_word' id='word_1_247' title='bbox 1908 1769 2082 1817; x_wconf 87' lang='lat' dir='ltr'>Pharao</span> <span class='ocrx_word' id='word_1_248' title='bbox 2099 1771 2382 1830; x_wconf 87' lang='lat' dir='ltr'>Abramum,</span> 
     </span>
     <span class='ocr_line' id='line_1_23' title="bbox 324 1832 2382 1902; baseline 0.001 -18"><span class='ocrx_word' id='word_1_249' title='bbox 324 1892 327 1895; x_wconf 66' lang='lat'><em>‚</em></span> <span class='ocrx_word' id='word_1_250' title='bbox 368 1839 591 1900; x_wconf 84' lang='lat' dir='ltr'>fignificat</span> <span class='ocrx_word' id='word_1_251' title='bbox 615 1837 740 1902; x_wconf 90' lang='lat' dir='ltr'>quod</span> <span class='ocrx_word' id='word_1_252' title='bbox 765 1837 1001 1884; x_wconf 83' lang='lat' dir='ltr'>Dominus</span> <span class='ocrx_word' id='word_1_253' title='bbox 1023 1835 1313 1883; x_wconf 84' lang='lat' dir='ltr'>recordatus:</span> <span class='ocrx_word' id='word_1_254' title='bbox 1350 1835 1400 1883; x_wconf 75' lang='grc' dir='ltr'>δι’</span> <span class='ocrx_word' id='word_1_255' title='bbox 1436 1834 1553 1882; x_wconf 84' lang='lat' dir='ltr'>dixit</span> <span class='ocrx_word' id='word_1_256' title='bbox 1575 1834 1687 1898; x_wconf 89' lang='lat' dir='ltr'>quid</span> <span class='ocrx_word' id='word_1_257' title='bbox 1714 1834 1800 1882; x_wconf 89' lang='lat' dir='ltr'>hoc</span> <span class='ocrx_word' id='word_1_258' title='bbox 1824 1832 1966 1884; x_wconf 88' lang='lat' dir='ltr'>fecisti</span> <span class='ocrx_word' id='word_1_259' title='bbox 1990 1836 2120 1894; x_wconf 88' lang='lat' dir='ltr'>mihi,</span> <span class='ocrx_word' id='word_1_260' title='bbox 2157 1837 2382 1901; x_wconf 85' lang='lat' dir='ltr'>fignificat</span> 
     </span>
     <span class='ocr_line' id='line_1_24' title="bbox 367 1898 2425 1968; baseline 0.002 -17"><span class='ocrx_word' id='word_1_261' title='bbox 367 1905 493 1968; x_wconf 91' lang='lat' dir='ltr'>quod</span> <span class='ocrx_word' id='word_1_262' title='bbox 518 1904 607 1968; x_wconf 91' lang='lat' dir='ltr'>Ips1</span> <span class='ocrx_word' id='word_1_263' title='bbox 640 1902 865 1951; x_wconf 88' lang='lat' dir='ltr'>indoluit:</span> <span class='ocrx_word' id='word_1_264' title='bbox 901 1902 1032 1967; x_wconf 78' lang='lat' dir='ltr'>&#39;quod</span> <span class='ocrx_word' id='word_1_265' title='bbox 1054 1898 1172 1949; x_wconf 83' lang='lat' dir='ltr'>u&#39;xor</span> <span class='ocrx_word' id='word_1_266' title='bbox 1202 1914 1281 1950; x_wconf 87' lang='lat' dir='ltr'>tua</span> <span class='ocrx_word' id='word_1_267' title='bbox 1302 1901 1393 1959; x_wconf 91' lang='lat' dir='ltr'>illa,</span> <span class='ocrx_word' id='word_1_268' title='bbox 1428 1901 1652 1965; x_wconf 88' lang='lat' dir='ltr'>fignificat</span> <span class='ocrx_word' id='word_1_269' title='bbox 1674 1917 1783 1949; x_wconf 91' lang='lat' dir='ltr'>cum</span> <span class='ocrx_word' id='word_1_270' title='bbox 1809 1902 1968 1960; x_wconf 86' lang='lat' dir='ltr'>noffet,</span> <span class='ocrx_word' id='word_1_271' title='bbox 2002 1904 2131 1967; x_wconf 91' lang='lat' dir='ltr'>quod</span> <span class='ocrx_word' id='word_1_272' title='bbox 2148 1920 2242 1952; x_wconf 91' lang='lat' dir='ltr'>non</span> <span class='ocrx_word' id='word_1_273' title='bbox 2259 1906 2383 1958; x_wconf 87' lang='lat' dir='ltr'>aliud</span> <span class='ocrx_word' id='word_1_274' title='bbox 2421 1951 2425 1955; x_wconf 84' lang='lat'>.</span> 
     </span>
     <span class='ocr_line' id='line_1_25' title="bbox 371 1966 2426 2035; baseline -0.002 -17"><span class='ocrx_word' id='word_1_275' title='bbox 371 1987 535 2035; x_wconf 75' lang='lat' dir='ltr'>verum</span> <span class='ocrx_word' id='word_1_276' title='bbox 560 1970 719 2018; x_wconf 90' lang='lat' dir='ltr'>habere</span> <span class='ocrx_word' id='word_1_277' title='bbox 741 1969 922 2018; x_wconf 87' lang='lat' dir='ltr'>deberet</span> <span class='ocrx_word' id='word_1_278' title='bbox 944 1985 1082 2033; x_wconf 89' lang='lat' dir='ltr'>quarn</span> <span class='ocrx_word' id='word_1_279' title='bbox 1107 1969 1236 2033; x_wconf 90' lang='lat' dir='ltr'>quod</span> <span class='ocrx_word' id='word_1_280' title='bbox 1257 1966 1612 2033; x_wconf 85' lang='lat' dir='ltr'>conjungeretur</span> <span class='ocrx_word' id='word_1_281' title='bbox 1634 1967 1821 2016; x_wconf 89' lang='lat' dir='ltr'>coelesti.</span> <span class='ocrx_word' id='word_1_282' title='bbox 2074 2004 2077 2005; x_wconf 13' lang='grc' dir='ltr'><em>γ</em></span> <span class='ocrx_word' id='word_1_283' title='bbox 2420 1966 2426 1971; x_wconf 72' lang='grc'><strong>”</strong></span> 
     </span>
    </p>

    <p class='ocr_par' dir='ltr' id='par_1_7' title="bbox 369 2030 2427 2483">
     <span class='ocr_line' id='line_1_26' title="bbox 442 2030 2382 2102; baseline 0.001 -16"><span class='ocrx_word' id='word_1_284' title='bbox 442 2054 580 2099; x_wconf 89' lang='lat'>1491.</span> <span class='ocrx_word' id='word_1_285' title='bbox 618 2037 767 2102; x_wconf 83' lang='lat' dir='ltr'>Qod</span> <span class='ocrx_word' id='word_1_286' title='bbox 789 2037 974 2084; x_wconf 88' lang='lat' dir='ltr'>vocavit</span> <span class='ocrx_word' id='word_1_287' title='bbox 995 2035 1171 2084; x_wconf 87' lang='lat' dir='ltr'>Pharao</span> <span class='ocrx_word' id='word_1_288' title='bbox 1194 2035 1472 2092; x_wconf 88' lang='lat' dir='ltr'>Abramum,</span> <span class='ocrx_word' id='word_1_289' title='bbox 1509 2030 1734 2099; x_wconf 82' lang='lat' dir='ltr'>fignificet</span> <span class='ocrx_word' id='word_1_290' title='bbox 1765 2035 1894 2099; x_wconf 89' lang='lat' dir='ltr'>quod</span> <span class='ocrx_word' id='word_1_291' title='bbox 1917 2036 2150 2085; x_wconf 88' lang='lat' dir='ltr'>Dominus</span> <span class='ocrx_word' id='word_1_292' title='bbox 2176 2039 2382 2087; x_wconf 89' lang='lat' dir='ltr'>recorda-</span> 
     </span>
     <span class='ocr_line' id='line_1_27' title="bbox 370 2101 2383 2168; baseline 0.002 -18"><span class='ocrx_word' id='word_1_293' title='bbox 370 2116 460 2160; x_wconf 88' lang='lat' dir='ltr'>tus,</span> <span class='ocrx_word' id='word_1_294' title='bbox 497 2103 699 2151; x_wconf 87' lang='lat' dir='ltr'>constare</span> <span class='ocrx_word' id='word_1_295' title='bbox 721 2102 870 2167; x_wconf 92' lang='lat' dir='ltr'>potest</span> <span class='ocrx_word' id='word_1_296' title='bbox 905 2119 932 2149; x_wconf 91' lang='lat' dir='ltr'>a</span> <span class='ocrx_word' id='word_1_297' title='bbox 963 2102 1288 2166; x_wconf 77' lang='lat' dir='ltr'>significatione</span> <span class='ocrx_word' id='word_1_298' title='bbox 1311 2101 1556 2150; x_wconf 86' lang='lat' dir='ltr'>Pharaonis</span> <span class='ocrx_word' id='word_1_299' title='bbox 1595 2101 1722 2166; x_wconf 91' lang='lat' dir='ltr'>quod</span> <span class='ocrx_word' id='word_1_300' title='bbox 1746 2101 1802 2149; x_wconf 86' lang='lat' dir='ltr'>fit</span> <span class='ocrx_word' id='word_1_301' title='bbox 1823 2101 2034 2159; x_wconf 78' lang='lat' dir='ltr'>scientia3</span> <span class='ocrx_word' id='word_1_302' title='bbox 2073 2103 2164 2168; x_wconf 88' lang='lat' dir='ltr'>ipsa</span> <span class='ocrx_word' id='word_1_303' title='bbox 2186 2104 2383 2163; x_wconf 88' lang='lat' dir='ltr'>scientia,</span> 
     </span>
     <span class='ocr_line' id='line_1_28' title="bbox 370 2168 2385 2234; baseline 0.001 -17"><span class='ocrx_word' id='word_1_304' title='bbox 370 2170 443 2217; x_wconf 90' lang='lat' dir='ltr'>seu</span> <span class='ocrx_word' id='word_1_305' title='bbox 467 2170 559 2234; x_wconf 82' lang='lat' dir='ltr'>ipsa</span> <span class='ocrx_word' id='word_1_306' title='bbox 575 2169 817 2218; x_wconf 90' lang='lat' dir='ltr'>scientifica</span> <span class='ocrx_word' id='word_1_307' title='bbox 839 2185 946 2233; x_wconf 85' lang='lat' dir='ltr'>quae</span> <span class='ocrx_word' id='word_1_308' title='bbox 961 2170 1195 2220; x_wconf 89' lang='lat' dir='ltr'>Dominus</span> <span class='ocrx_word' id='word_1_309' title='bbox 1216 2169 1360 2217; x_wconf 74' lang='lat' dir='ltr'>hausit</span> <span class='ocrx_word' id='word_1_310' title='bbox 1383 2184 1492 2222; x_wconf 82' lang='lat' dir='ltr'>curn</span> <span class='ocrx_word' id='word_1_311' title='bbox 1515 2184 1645 2232; x_wconf 90' lang='lat' dir='ltr'>puer,</span> <span class='ocrx_word' id='word_1_312' title='bbox 1680 2168 1756 2216; x_wconf 90' lang='lat' dir='ltr'>hic</span> <span class='ocrx_word' id='word_1_313' title='bbox 1786 2169 2072 2233; x_wconf 87' lang='lat' dir='ltr'>appellantur</span> <span class='ocrx_word' id='word_1_314' title='bbox 2095 2171 2286 2227; x_wconf 85' lang='lat' dir='ltr'>Pharao,</span> <span class='ocrx_word' id='word_1_315' title='bbox 2322 2175 2385 2220; x_wconf 90' lang='lat' dir='ltr'>ita</span> 
     </span>
     <span class='ocr_line' id='line_1_29' title="bbox 369 2234 2424 2301; baseline 0 -18"><span class='ocrx_word' id='word_1_316' title='bbox 369 2236 434 2283; x_wconf 86' lang='lat' dir='ltr'>est</span> <span class='ocrx_word' id='word_1_317' title='bbox 463 2235 554 2301; x_wconf 92' lang='lat' dir='ltr'>ipsa</span> <span class='ocrx_word' id='word_1_318' title='bbox 582 2236 760 2284; x_wconf 88' lang='lat' dir='ltr'>scientia</span> <span class='ocrx_word' id='word_1_319' title='bbox 781 2252 888 2300; x_wconf 85' lang='lat' dir='ltr'>quae</span> <span class='ocrx_word' id='word_1_320' title='bbox 918 2237 979 2283; x_wconf 92' lang='lat' dir='ltr'>ita</span> <span class='ocrx_word' id='word_1_321' title='bbox 1010 2236 1256 2300; x_wconf 89' lang='lat' dir='ltr'>alloquitur</span> <span class='ocrx_word' id='word_1_322' title='bbox 1277 2236 1558 2292; x_wconf 88' lang='lat' dir='ltr'>Dominum,</span> <span class='ocrx_word' id='word_1_323' title='bbox 1594 2234 1666 2282; x_wconf 87' lang='lat' dir='ltr'>seu</span> <span class='ocrx_word' id='word_1_324' title='bbox 1685 2235 1893 2296; x_wconf 89' lang='lat' dir='ltr'>Jehovah</span> <span class='ocrx_word' id='word_1_325' title='bbox 1924 2252 2006 2299; x_wconf 89' lang='lat' dir='ltr'>per</span> <span class='ocrx_word' id='word_1_326' title='bbox 2027 2237 2279 2295; x_wconf 71' lang='lat' dir='ltr'>scientiam,</span> <span class='ocrx_word' id='word_1_327' title='bbox 2314 2241 2384 2286; x_wconf 88' lang='lat' dir='ltr'>in-·</span> <span class='ocrx_word' id='word_1_328' title='bbox 2417 2278 2424 2283; x_wconf 79' lang='grc'><strong><em>,</em></strong></span> 
     </span>
     <span class='ocr_line' id='line_1_30' title="bbox 371 2301 2427 2368; baseline 0.004 -19"><span class='ocrx_word' id='word_1_329' title='bbox 371 2303 428 2349; x_wconf 91' lang='lat' dir='ltr'>de</span> <span class='ocrx_word' id='word_1_330' title='bbox 455 2315 595 2366; x_wconf 90' lang='lat' dir='ltr'>patet,</span> <span class='ocrx_word' id='word_1_331' title='bbox 631 2303 766 2366; x_wconf 30' lang='lat' dir='ltr'>quod·</span> <span class='ocrx_word' id='word_1_332' title='bbox 799 2303 898 2350; x_wconf 88' lang='lat' dir='ltr'>haec</span> <span class='ocrx_word' id='word_1_333' title='bbox 930 2302 1203 2366; x_wconf 86' lang='lat' dir='ltr'>fignificent,</span> <span class='ocrx_word' id='word_1_334' title='bbox 1238 2301 1367 2368; x_wconf 91' lang='lat' dir='ltr'>quod</span> <span class='ocrx_word' id='word_1_335' title='bbox 1386 2303 1620 2350; x_wconf 90' lang='lat' dir='ltr'>Dominus</span> <span class='ocrx_word' id='word_1_336' title='bbox 1656 2302 1949 2365; x_wconf 74' lang='lat' dir='ltr'>recordatus,</span> <span class='ocrx_word' id='word_1_337' title='bbox 1987 2305 2388 2357; x_wconf 80' lang='lat' dir='ltr'>animadvertentia</span> <span class='ocrx_word' id='word_1_338' title='bbox 2423 2358 2427 2364; x_wconf 80' lang='grc'><strong>,</strong></span> 
     </span>
     <span class='ocr_line' id='line_1_31' title="bbox 372 2369 2384 2481; baseline 0.003 -66"><span class='ocrx_word' id='word_1_339' title='bbox 372 2371 500 2481; x_wconf 65' lang='lat' dir='ltr'>1xsenit</span> <span class='ocrx_word' id='word_1_340' title='bbox 535 2385 615 2433; x_wconf 90' lang='lat' dir='ltr'>per</span> <span class='ocrx_word' id='word_1_341' title='bbox 646 2369 894 2426; x_wconf 85' lang='lat' dir='ltr'>scientiam,</span> <span class='ocrx_word' id='word_1_342' title='bbox 929 2371 992 2417; x_wconf 89' lang='lat' dir='ltr'>ita</span> <span class='ocrx_word' id='word_1_343' title='bbox 1022 2385 1106 2434; x_wconf 90' lang='lat' dir='ltr'>per</span> <span class='ocrx_word' id='word_1_344' title='bbox 1135 2369 1436 2428; x_wconf 88' lang='lat' dir='ltr'>Pharaonem,</span> <span class='ocrx_word' id='word_1_345' title='bbox 1471 2385 1554 2435; x_wconf 89' lang='lat' dir='ltr'>per</span> <span class='ocrx_word' id='word_1_346' title='bbox 1588 2385 1728 2434; x_wconf 88' lang='lat' dir='ltr'>quem</span> <span class='ocrx_word' id='word_1_347' title='bbox 1762 2369 2057 2434; x_wconf 78' lang='lat' dir='ltr'>fignifi&#39;catur,</span> <span class='ocrx_word' id='word_1_348' title='bbox 2099 2383 2151 2420; x_wconf 94' lang='lat' dir='ltr'>ut</span> <span class='ocrx_word' id='word_1_349' title='bbox 2185 2372 2384 2431; x_wconf 58' lang='lat' dir='ltr'>dietum,</span> 
     </span>
     <span class='ocr_line' id='line_1_32' title="bbox 391 2447 563 2483; baseline 0.012 -2"><span class='ocrx_word' id='word_1_350' title='bbox 391 2447 563 2483; x_wconf 70' lang='lat' dir='ltr'>crent1a.</span> 
     </span>
    </p>

    <p class='ocr_par' dir='ltr' id='par_1_8' title="bbox 340 2497 2429 3096">
     <span class='ocr_line' id='line_1_33' title="bbox 445 2497 2429 2569; baseline 0.002 -19"><span class='ocrx_word' id='word_1_351' title='bbox 445 2519 586 2566; x_wconf 87' lang='lat'>1492.</span> <span class='ocrx_word' id='word_1_352' title='bbox 622 2501 769 2568; x_wconf 83' lang='lat' dir='ltr'>Qod</span> <span class='ocrx_word' id='word_1_353' title='bbox 793 2501 926 2559; x_wconf 84' lang='lat' dir='ltr'>dixit,</span> <span class='ocrx_word' id='word_1_354' title='bbox 961 2497 1075 2566; x_wconf 69' lang='lat' dir='ltr'>quid</span> <span class='ocrx_word' id='word_1_355' title='bbox 1098 2502 1186 2550; x_wconf 90' lang='lat' dir='ltr'>hoc</span> <span class='ocrx_word' id='word_1_356' title='bbox 1210 2501 1351 2550; x_wconf 87' lang='lat' dir='ltr'>fecisti</span> <span class='ocrx_word' id='word_1_357' title='bbox 1375 2502 1504 2562; x_wconf 90' lang='lat' dir='ltr'>mihi,</span> <span class='ocrx_word' id='word_1_358' title='bbox 1544 2503 1764 2568; x_wconf 78' lang='lat' dir='ltr'>significet</span> <span class='ocrx_word' id='word_1_359' title='bbox 1780 2504 1907 2568; x_wconf 91' lang='lat' dir='ltr'>quod</span> <span class='ocrx_word' id='word_1_360' title='bbox 1925 2504 2015 2569; x_wconf 78' lang='lat' dir='ltr'>Ipsi</span> <span class='ocrx_word' id='word_1_361' title='bbox 2037 2505 2250 2564; x_wconf 89' lang='lat' dir='ltr'>indoluit,</span> <span class='ocrx_word' id='word_1_362' title='bbox 2275 2522 2385 2554; x_wconf 90' lang='lat' dir='ltr'>con·</span> <span class='ocrx_word' id='word_1_363' title='bbox 2427 2556 2429 2563; x_wconf 67' lang='lat'>‚</span> 
     </span>
     <span class='ocr_line' id='line_1_34' title="bbox 373 2564 2389 2634; baseline 0.002 -18"><span class='ocrx_word' id='word_1_364' title='bbox 373 2567 484 2616; x_wconf 91' lang='lat' dir='ltr'>stare</span> <span class='ocrx_word' id='word_1_365' title='bbox 506 2585 692 2633; x_wconf 89' lang='lat' dir='ltr'>quoque</span> <span class='ocrx_word' id='word_1_366' title='bbox 715 2568 863 2632; x_wconf 90' lang='lat' dir='ltr'>potest</span> <span class='ocrx_word' id='word_1_367' title='bbox 884 2584 942 2616; x_wconf 86' lang='lat' dir='ltr'>ex</span> <span class='ocrx_word' id='word_1_368' title='bbox 964 2567 1056 2632; x_wconf 86' lang='lat' dir='ltr'>ipsa</span> <span class='ocrx_word' id='word_1_369' title='bbox 1078 2564 1406 2632; x_wconf 78' lang='lat' dir='ltr'>indignatione,</span> <span class='ocrx_word' id='word_1_370' title='bbox 1428 2570 1475 2616; x_wconf 89' lang='lat' dir='ltr'>in</span> <span class='ocrx_word' id='word_1_371' title='bbox 1491 2585 1581 2632; x_wconf 90' lang='lat' dir='ltr'>qua</span> <span class='ocrx_word' id='word_1_372' title='bbox 1602 2570 1702 2617; x_wconf 87' lang='lat' dir='ltr'>haec</span> <span class='ocrx_word' id='word_1_373' title='bbox 1725 2570 1861 2627; x_wconf 70' lang='lat' dir='ltr'>dicta,</span> <span class='ocrx_word' id='word_1_374' title='bbox 1897 2570 1989 2634; x_wconf 91' lang='lat' dir='ltr'>ipsa</span> <span class='ocrx_word' id='word_1_375' title='bbox 2011 2572 2257 2620; x_wconf 89' lang='lat' dir='ltr'>indolentia</span> <span class='ocrx_word' id='word_1_376' title='bbox 2279 2572 2389 2620; x_wconf 88' lang='lat' dir='ltr'>inde</span> 
     </span>
     <span class='ocr_line' id='line_1_35' title="bbox 374 2634 2384 2700; baseline 0.001 -17"><span class='ocrx_word' id='word_1_377' title='bbox 374 2637 436 2683; x_wconf 89' lang='lat' dir='ltr'>ita</span> <span class='ocrx_word' id='word_1_378' title='bbox 457 2636 761 2699; x_wconf 65' lang='lat' dir='ltr'>exprimitur,</span> <span class='ocrx_word' id='word_1_379' title='bbox 797 2634 941 2682; x_wconf 90' lang='lat' dir='ltr'>sensus</span> <span class='ocrx_word' id='word_1_380' title='bbox 964 2635 1165 2682; x_wconf 89' lang='lat' dir='ltr'>internus</span> <span class='ocrx_word' id='word_1_381' title='bbox 1193 2634 1294 2682; x_wconf 90' lang='lat' dir='ltr'>talis</span> <span class='ocrx_word' id='word_1_382' title='bbox 1316 2634 1398 2691; x_wconf 88' lang='lat' dir='ltr'>est,</span> <span class='ocrx_word' id='word_1_383' title='bbox 1431 2647 1486 2682; x_wconf 89' lang='lat' dir='ltr'>ut</span> <span class='ocrx_word' id='word_1_384' title='bbox 1515 2634 1610 2698; x_wconf 88' lang='lat' dir='ltr'>ipsa</span> <span class='ocrx_word' id='word_1_385' title='bbox 1638 2635 1834 2693; x_wconf 74' lang='lat' dir='ltr'>affeffio,</span> <span class='ocrx_word' id='word_1_386' title='bbox 1869 2652 1976 2700; x_wconf 84' lang='lat' dir='ltr'>quae</span> <span class='ocrx_word' id='word_1_387' title='bbox 1999 2639 2107 2685; x_wconf 87' lang='lat' dir='ltr'>latet</span> <span class='ocrx_word' id='word_1_388' title='bbox 2140 2639 2187 2684; x_wconf 91' lang='lat' dir='ltr'>in</span> <span class='ocrx_word' id='word_1_389' title='bbox 2218 2638 2384 2696; x_wconf 87' lang='lat' dir='ltr'>verbis,</span> 
     </span>
     <span class='ocr_line' id='line_1_36' title="bbox 340 2699 2390 2767; baseline 0.001 -18"><span class='ocrx_word' id='word_1_390' title='bbox 340 2714 344 2715; x_wconf 71' lang='grc'>’</span> <span class='ocrx_word' id='word_1_391' title='bbox 376 2702 446 2760; x_wconf 87' lang='lat' dir='ltr'>fit,</span> <span class='ocrx_word' id='word_1_392' title='bbox 482 2719 589 2767; x_wconf 84' lang='lat' dir='ltr'>quae</span> <span class='ocrx_word' id='word_1_393' title='bbox 610 2703 839 2750; x_wconf 87' lang='lat' dir='ltr'>internum</span> <span class='ocrx_word' id='word_1_394' title='bbox 864 2701 1038 2749; x_wconf 89' lang='lat' dir='ltr'>sensum</span> <span class='ocrx_word' id='word_1_395' title='bbox 1062 2699 1310 2757; x_wconf 82' lang='lat' dir='ltr'>constituit,</span> <span class='ocrx_word' id='word_1_396' title='bbox 1347 2700 1406 2748; x_wconf 91' lang='lat' dir='ltr'>ad</span> <span class='ocrx_word' id='word_1_397' title='bbox 1430 2700 1576 2748; x_wconf 56' lang='lat' dir='ltr'>‘verba</span> <span class='ocrx_word' id='word_1_398' title='bbox 1598 2701 1740 2748; x_wconf 85' lang='lat' dir='ltr'>literae</span> <span class='ocrx_word' id='word_1_399' title='bbox 1765 2707 1866 2749; x_wconf 86' lang='lat' dir='ltr'>non</span> <span class='ocrx_word' id='word_1_400' title='bbox 1889 2704 2152 2759; x_wconf 86' lang='lat' dir='ltr'>attenditur,</span> <span class='ocrx_word' id='word_1_401' title='bbox 2188 2703 2390 2757; x_wconf 79' lang='lat' dir='ltr'>suntilla</span> 
     </span>
     <span class='ocr_line' id='line_1_37' title="bbox 375 2767 2391 2832; baseline 0.002 -17"><span class='ocrx_word' id='word_1_402' title='bbox 375 2768 490 2817; x_wconf 87' lang='lat' dir='ltr'>ficut</span> <span class='ocrx_word' id='word_1_403' title='bbox 527 2768 650 2816; x_wconf 89' lang='lat' dir='ltr'>nulla</span> <span class='ocrx_word' id='word_1_404' title='bbox 687 2767 870 2824; x_wconf 73' lang='lat' dir='ltr'>forent,</span> <span class='ocrx_word' id='word_1_405' title='bbox 906 2767 1100 2825; x_wconf 76' lang='lat' dir='ltr'>affefflo,</span> <span class='ocrx_word' id='word_1_406' title='bbox 1146 2783 1253 2832; x_wconf 87' lang='lat' dir='ltr'>quae</span> <span class='ocrx_word' id='word_1_407' title='bbox 1286 2768 1335 2814; x_wconf 93' lang='lat' dir='ltr'>in</span> <span class='ocrx_word' id='word_1_408' title='bbox 1371 2767 1440 2814; x_wconf 88' lang='lat' dir='ltr'>his</span> <span class='ocrx_word' id='word_1_409' title='bbox 1461 2767 1628 2823; x_wconf 86' lang='lat' dir='ltr'>verbis,</span> <span class='ocrx_word' id='word_1_410' title='bbox 1663 2767 1728 2814; x_wconf 89' lang='lat' dir='ltr'>est</span> <span class='ocrx_word' id='word_1_411' title='bbox 1751 2768 2006 2832; x_wconf 85' lang='lat' dir='ltr'>indignatio</span> <span class='ocrx_word' id='word_1_412' title='bbox 2028 2770 2152 2832; x_wconf 81' lang='lat' dir='ltr'>quast</span> <span class='ocrx_word' id='word_1_413' title='bbox 2175 2769 2391 2828; x_wconf 87' lang='lat' dir='ltr'>scientiae,</span> 
     </span>
     <span class='ocr_line' id='line_1_38' title="bbox 375 2833 2389 2899; baseline 0.002 -17"><span class='ocrx_word' id='word_1_414' title='bbox 375 2835 426 2882; x_wconf 86' lang='lat'>&amp;</span> <span class='ocrx_word' id='word_1_415' title='bbox 449 2835 695 2884; x_wconf 83' lang='lat' dir='ltr'>indolentia</span> <span class='ocrx_word' id='word_1_416' title='bbox 713 2837 924 2891; x_wconf 90' lang='lat' dir='ltr'>Domini,</span> <span class='ocrx_word' id='word_1_417' title='bbox 959 2835 1009 2883; x_wconf 86' lang='lat'>&amp;</span> <span class='ocrx_word' id='word_1_418' title='bbox 1027 2833 1220 2899; x_wconf 90' lang='lat' dir='ltr'>quidem</span> <span class='ocrx_word' id='word_1_419' title='bbox 1240 2833 1486 2882; x_wconf 87' lang='lat' dir='ltr'>indolentia</span> <span class='ocrx_word' id='word_1_420' title='bbox 1501 2833 1624 2889; x_wconf 91' lang='lat' dir='ltr'>inde,</span> <span class='ocrx_word' id='word_1_421' title='bbox 1659 2834 1789 2897; x_wconf 90' lang='lat' dir='ltr'>quod</span> <span class='ocrx_word' id='word_1_422' title='bbox 1813 2833 2143 2887; x_wconf 87' lang='lat' dir='ltr'>destruerentur</span> <span class='ocrx_word' id='word_1_423' title='bbox 2165 2837 2227 2884; x_wconf 90' lang='lat' dir='ltr'>ita</span> <span class='ocrx_word' id='word_1_424' title='bbox 2248 2836 2389 2888; x_wconf 91' lang='lat' dir='ltr'>scien—</span> 
     </span>
     <span class='ocr_line' id='line_1_39' title="bbox 377 2899 2390 2966; baseline 0.002 -19"><span class='ocrx_word' id='word_1_425' title='bbox 377 2900 518 2958; x_wconf 86' lang='lat' dir='ltr'>tifica,</span> <span class='ocrx_word' id='word_1_426' title='bbox 553 2907 670 2966; x_wconf 83' lang='lat' dir='ltr'>&#39;quae-</span> <span class='ocrx_word' id='word_1_427' title='bbox 692 2919 801 2951; x_wconf 89' lang='lat' dir='ltr'>cum</span> <span class='ocrx_word' id='word_1_428' title='bbox 841 2901 1191 2958; x_wconf 68' lang='lat' dir='ltr'>oblectamento,</span> <span class='ocrx_word' id='word_1_429' title='bbox 1230 2902 1279 2948; x_wconf 75' lang='grc' dir='ltr'>δε</span> <span class='ocrx_word' id='word_1_430' title='bbox 1316 2900 1482 2948; x_wconf 83' lang='lat' dir='ltr'>delitiis</span> <span class='ocrx_word' id='word_1_431' title='bbox 1512 2899 1689 2956; x_wconf 65' lang='lat' dir='ltr'>hausu,</span> <span class='ocrx_word' id='word_1_432' title='bbox 1741 2899 1783 2947; x_wconf 90' lang='lat' dir='ltr'>se</span> <span class='ocrx_word' id='word_1_433' title='bbox 1812 2900 1946 2949; x_wconf 88' lang='lat' dir='ltr'>habet</span> <span class='ocrx_word' id='word_1_434' title='bbox 1982 2901 2086 2956; x_wconf 82' lang='lat' dir='ltr'>hoc.</span> <span class='ocrx_word' id='word_1_435' title='bbox 2124 2902 2239 2953; x_wconf 84' lang='lat' dir='ltr'>ficut</span> <span class='ocrx_word' id='word_1_436' title='bbox 2273 2903 2390 2952; x_wconf 81' lang='lat' dir='ltr'>dum</span> 
     </span>
     <span class='ocr_line' id='line_1_40' title="bbox 378 2964 2390 3033; baseline 0.003 -21"><span class='ocrx_word' id='word_1_437' title='bbox 378 2964 570 3015; x_wconf 89' lang='lat' dir='ltr'>infantes</span> <span class='ocrx_word' id='word_1_438' title='bbox 587 2969 757 3032; x_wconf 80' lang='lat' dir='ltr'>aliquid</span> <span class='ocrx_word' id='word_1_439' title='bbox 780 2981 948 3026; x_wconf 87' lang='lat' dir='ltr'>amant,</span> <span class='ocrx_word' id='word_1_440' title='bbox 983 2968 1114 3033; x_wconf 90' lang='lat' dir='ltr'>quod</span> <span class='ocrx_word' id='word_1_441' title='bbox 1143 2979 1349 3031; x_wconf 85' lang='lat' dir='ltr'>parentes</span> <span class='ocrx_word' id='word_1_442' title='bbox 1371 2967 1531 3014; x_wconf 90' lang='lat' dir='ltr'>vident</span> <span class='ocrx_word' id='word_1_443' title='bbox 1553 2966 1643 3013; x_wconf 89' lang='lat' dir='ltr'>illis</span> <span class='ocrx_word' id='word_1_444' title='bbox 1674 2969 1886 3025; x_wconf 84' lang='lat' dir='ltr'>noxium,</span> <span class='ocrx_word' id='word_1_445' title='bbox 1921 2984 2032 3016; x_wconf 88' lang='lat' dir='ltr'>cum</span> <span class='ocrx_word' id='word_1_446' title='bbox 2060 2967 2149 3018; x_wconf 85' lang='lat' dir='ltr'>illis</span> <span class='ocrx_word' id='word_1_447' title='bbox 2173 2968 2390 3029; x_wconf 87' lang='lat' dir='ltr'>aufertur,</span> 
     </span>
     <span class='ocr_line' id='line_1_41' title="bbox 380 3033 1540 3096; baseline 0.007 -17"><span class='ocrx_word' id='word_1_448' title='bbox 380 3033 509 3096; x_wconf 90' lang='lat' dir='ltr'>quod</span> <span class='ocrx_word' id='word_1_449' title='bbox 532 3033 578 3080; x_wconf 87' lang='lat' dir='ltr'>id</span> <span class='ocrx_word' id='word_1_450' title='bbox 603 3033 691 3081; x_wconf 87' lang='lat' dir='ltr'>illis</span> <span class='ocrx_word' id='word_1_451' title='bbox 713 3034 862 3082; x_wconf 91' lang='lat' dir='ltr'>dolori</span> <span class='ocrx_word' id='word_1_452' title='bbox 884 3035 966 3095; x_wconf 52' lang='lat' dir='ltr'>fit„</span> <span class='ocrx_word' id='word_1_453' title='bbox 1084 3066 1085 3069; x_wconf 63' lang='lat'><em>=</em></span> <span class='ocrx_word' id='word_1_454' title='bbox 1114 3037 1119 3040; x_wconf 63' lang='grc'><em>’</em></span> <span class='ocrx_word' id='word_1_455' title='bbox 1244 3055 1249 3058; x_wconf 86' lang='grc'><em>·</em></span> <span class='ocrx_word' id='word_1_456' title='bbox 1536 3051 1540 3054; x_wconf 84' lang='grc'><strong>’</strong></span> 
     </span>
    </p>

    <p class='ocr_par' dir='ltr' id='par_1_9' title="bbox 381 3093 2431 3364">
     <span class='ocr_line' id='line_1_42' title="bbox 439 3093 2431 3165; baseline 0.004 -20"><span class='ocrx_word' id='word_1_457' title='bbox 439 3115 596 3163; x_wconf 80' lang='lat'>1493.</span> <span class='ocrx_word' id='word_1_458' title='bbox 633 3093 919 3162; x_wconf 62' lang='lat' dir='ltr'>Qodhxor</span> <span class='ocrx_word' id='word_1_459' title='bbox 940 3114 1018 3151; x_wconf 84' lang='lat' dir='ltr'>tua</span> <span class='ocrx_word' id='word_1_460' title='bbox 1040 3101 1131 3160; x_wconf 89' lang='lat' dir='ltr'>illa,</span> <span class='ocrx_word' id='word_1_461' title='bbox 1167 3101 1390 3165; x_wconf 73' lang='lat' dir='ltr'>significet</span> <span class='ocrx_word' id='word_1_462' title='bbox 1410 3100 1539 3165; x_wconf 68' lang='lat' dir='ltr'>&#39;quod</span> <span class='ocrx_word' id='word_1_463' title='bbox 1573 3116 1666 3148; x_wconf 91' lang='lat' dir='ltr'>non</span> <span class='ocrx_word' id='word_1_464' title='bbox 1699 3100 2018 3151; x_wconf 83' lang='lat' dir='ltr'>aliud&#39;verum</span> <span class='ocrx_word' id='word_1_465' title='bbox 2056 3103 2216 3152; x_wconf 89' lang='lat' dir='ltr'>habere</span> <span class='ocrx_word' id='word_1_466' title='bbox 2254 3103 2391 3151; x_wconf 85' lang='lat' dir='ltr'>debe·</span> <span class='ocrx_word' id='word_1_467' title='bbox 2426 3148 2431 3153; x_wconf 30' lang='lat'><strong>⁴</strong></span> 
     </span>
     <span class='ocr_line' id='line_1_43' title="bbox 382 3165 2394 3232; baseline 0 -18"><span class='ocrx_word' id='word_1_468' title='bbox 382 3177 467 3223; x_wconf 85' lang='lat' dir='ltr'>ret,</span> <span class='ocrx_word' id='word_1_469' title='bbox 502 3181 640 3227; x_wconf 90' lang='lat' dir='ltr'>quam</span> <span class='ocrx_word' id='word_1_470' title='bbox 665 3165 794 3228; x_wconf 89' lang='lat' dir='ltr'>quod</span> <span class='ocrx_word' id='word_1_471' title='bbox 817 3165 1168 3230; x_wconf 88' lang='lat' dir='ltr'>conjungeretur</span> <span class='ocrx_word' id='word_1_472' title='bbox 1190 3167 1378 3224; x_wconf 88' lang='lat' dir='ltr'>coelesti,</span> <span class='ocrx_word' id='word_1_473' title='bbox 1414 3167 1586 3215; x_wconf 88' lang='lat' dir='ltr'>constat</span> <span class='ocrx_word' id='word_1_474' title='bbox 1622 3183 1680 3214; x_wconf 88' lang='lat' dir='ltr'>ex</span> <span class='ocrx_word' id='word_1_475' title='bbox 1704 3167 2032 3232; x_wconf 63' lang='lat' dir='ltr'>significatione</span> <span class='ocrx_word' id='word_1_476' title='bbox 2055 3171 2231 3228; x_wconf 87' lang='lat' dir='ltr'>uxoris,</span> <span class='ocrx_word' id='word_1_477' title='bbox 2264 3168 2394 3231; x_wconf 85' lang='lat' dir='ltr'>quod</span> 
     </span>
     <span class='ocr_line' id='line_1_44' title="bbox 384 3231 2396 3298; baseline 0.001 -19"><span class='ocrx_word' id='word_1_478' title='bbox 384 3232 441 3280; x_wconf 87' lang='lat' dir='ltr'>fit</span> <span class='ocrx_word' id='word_1_479' title='bbox 462 3247 626 3280; x_wconf 87' lang='lat' dir='ltr'>verum</span> <span class='ocrx_word' id='word_1_480' title='bbox 648 3231 777 3295; x_wconf 90' lang='lat' dir='ltr'>quod</span> <span class='ocrx_word' id='word_1_481' title='bbox 803 3231 1184 3297; x_wconf 6' lang='lat' dir='ltr'>,conjungendum</span> <span class='ocrx_word' id='word_1_482' title='bbox 1210 3234 1411 3295; x_wconf 85' lang='lat' dir='ltr'>coelesti,</span> <span class='ocrx_word' id='word_1_483' title='bbox 1434 3234 1493 3282; x_wconf 91' lang='lat' dir='ltr'>de</span> <span class='ocrx_word' id='word_1_484' title='bbox 1515 3251 1607 3298; x_wconf 89' lang='lat' dir='ltr'>qua</span> <span class='ocrx_word' id='word_1_485' title='bbox 1630 3233 1762 3298; x_wconf 89' lang='lat' dir='ltr'>supra</span> <span class='ocrx_word' id='word_1_486' title='bbox 1783 3231 1989 3283; x_wconf 88' lang='lat' dir='ltr'>advers:</span> <span class='ocrx_word' id='word_1_487' title='bbox 2025 3251 2096 3284; x_wconf 84' lang='lat'>12.</span> <span class='ocrx_word' id='word_1_488' title='bbox 2133 3234 2396 3282; x_wconf 90' lang='lat' dir='ltr'>describitur</span> 
     </span>
     <span class='ocr_line' id='line_1_45' title="bbox 381 3298 2393 3364; baseline 0 -17"><span class='ocrx_word' id='word_1_489' title='bbox 381 3299 476 3358; x_wconf 85' lang='lat' dir='ltr'>hic,</span> <span class='ocrx_word' id='word_1_490' title='bbox 510 3311 564 3348; x_wconf 88' lang='lat' dir='ltr'>ut</span> <span class='ocrx_word' id='word_1_491' title='bbox 583 3298 779 3356; x_wconf 69' lang='lat' dir='ltr'>dietum,</span> <span class='ocrx_word' id='word_1_492' title='bbox 814 3299 930 3348; x_wconf 90' lang='lat' dir='ltr'>ordo</span> <span class='ocrx_word' id='word_1_493' title='bbox 962 3314 1058 3363; x_wconf 88' lang='lat' dir='ltr'>quo</span> <span class='ocrx_word' id='word_1_494' title='bbox 1094 3302 1302 3364; x_wconf 86' lang='lat' dir='ltr'>proceffit</span> <span class='ocrx_word' id='word_1_495' title='bbox 1320 3302 1554 3349; x_wconf 89' lang='lat' dir='ltr'>Dominus</span> <span class='ocrx_word' id='word_1_496' title='bbox 1594 3301 1650 3349; x_wconf 90' lang='lat' dir='ltr'>ad</span> <span class='ocrx_word' id='word_1_497' title='bbox 1676 3302 2036 3364; x_wconf 84' lang='lat' dir='ltr'>intelligentiam,</span> <span class='ocrx_word' id='word_1_498' title='bbox 2072 3303 2122 3349; x_wconf 86' lang='lat'>&amp;</span> <span class='ocrx_word' id='word_1_499' title='bbox 2148 3301 2207 3346; x_wconf 80' lang='lat' dir='ltr'>fic</span> <span class='ocrx_word' id='word_1_500' title='bbox 2240 3300 2297 3346; x_wconf 88' lang='lat' dir='ltr'>ad</span> <span class='ocrx_word' id='word_1_501' title='bbox 2330 3299 2393 3347; x_wconf 88' lang='lat' dir='ltr'>sa-</span> 
     </span>
    </p>
   </div>
   <div class='ocr_carea' id='block_1_5' title="bbox 1314 3366 2392 3430">
    <p class='ocr_par' dir='ltr' id='par_1_10' title="bbox 1314 3366 2392 3430">
     <span class='ocr_line' id='line_1_46' title="bbox 1314 3366 2392 3430; baseline 0.001 -18"><span class='ocrx_word' id='word_1_502' title='bbox 1314 3367 1361 3413; x_wconf 96' lang='lat' dir='ltr'>R</span> <span class='ocrx_word' id='word_1_503' title='bbox 1398 3382 1421 3412; x_wconf 91' lang='lat' dir='ltr'>r</span> <span class='ocrx_word' id='word_1_504' title='bbox 1454 3381 1477 3412; x_wconf 87' lang='lat' dir='ltr'>r</span> <span class='ocrx_word' id='word_1_505' title='bbox 2154 3366 2392 3430; x_wconf 85' lang='lat' dir='ltr'>pientiam,</span> 
     </span>
    </p>
   </div>
  </div>
 </body>
</html>
