2788 3736
402 284 478 351 12
760 302 763 304 ·
927 284 994 347 G
1085 285 1146 348 E
1238 279 1748 379 NEjSJ
1818 288 1983 366 S.

393 428 440 475 in
462 426 738 483 Dominum,
778 437 1060 489 praeceptum
1091 424 1156 471 est
1194 427 1239 472 in
1275 425 1474 474 Ecclesia
1509 427 1715 488 Judaica,
1746 441 1806 491 gut
1843 430 2092 478 Luminare
2121 442 2391 496 perpetuum

393 494 498 540 esset
521 492 751 539 accensum
782 508 806 537 a
828 490 1008 554 vespera
1029 491 1086 538 ad
1103 507 1250 548 mane,
1289 508 1394 538 nam
1417 493 1638 557 quicquid
1659 494 1872 542 Ecclesiae
1889 496 1953 543 illi
1975 512 2122 562 praece
2156 509 2256 544 tum
2281 493 2392 554 erat,

393 557 809 621 Representativum
833 557 1026 604 Domini
1055 569 1176 612 erat;
1213 557 1269 603 de
1290 573 1384 620 quo
1408 559 1647 606 Luminari
1678 560 1752 616 ita,
1797 564 1830 586 “
1853 561 1999 618 Praeci
2086 513 2190 611 fiiiis
2205 561 2393 620 Israelis,

397 629 432 652 ‘⁶
466 635 517 668 ut
540 625 759 685 accipiant
788 623 941 670 oleum
965 623 1022 670 ad
1040 623 1320 679 -Luminare,
1361 624 1419 671 ad
1442 624 1670 672 ascendere
1700 623 1955 672 faciendum
2027 623 2239 677 ucernam
2263 623 2392 692 jugir'

396 695 429 716 ‘⁶
464 699 556 734 ter:
595 689 648 735 In
676 689 898 742 Tentorio
934 701 1185 736 conventus
1221 701 1345 736 extra
1379 690 1566 751 Velum,
1615 690 1742 754 quod
1770 689 1833 737 est
1869 690 1998 754 super
2029 689 2391 751 Testimonium,

394 760 428 782 “
464 751 669 815 disponet
703 754 821 801 illam
846 754 1033 802 Aharon
1057 755 1106 801 ὅτ
1138 753 1221 801 filii
1243 754 1377 812 illius,
1418 772 1443 802 a
1465 755 1661 819 Vespera
1679 755 1817 820 usque
1845 757 1902 803 ad
1928 759 2082 819 Mane,
2124 772 2280 805 coram
2303 759 2387 820 Je-

394 824 428 847 “
463 817 659 866 hovah.'’
728 821 853 932 (ἒιεε
875 821 1001 883 quod
1034 820 1284 882 significent
1306 823 1532 869 Amorem
1555 822 1606 868 δε
1628 822 1804 878 Fidem,
1845 838 1951 885 quae
1972 823 2202 871 Dominus
2224 819 2386 871 accenss

390 886 461 934 dit
510 884 560 931 &
592 886 738 934 lucere
789 888 875 933 acit
898 888 945 933 in
969 887 1151 933 Interno
1168 885 1368 943 homine,
1402 888 1451 949 δε
1478 903 1559 950 per
1590 888 1818 934 internum
1838 887 2073 936 hominem
2100 890 2144 936 in
2169 888 2395 947 Externo,

390 952 454 1000 ibi
489 948 597 1009 loci,
633 969 690 1000 ex
711 953 882 998 Divina
902 952 1095 999 Domini
1113 950 1437 1010 Misericordia,
1471 952 1742 1000 ostendetur.

454 1037 534 1083 32.
568 1019 722 1066 Amor
744 1018 791 1065 δι
817 1017 952 1065 Fides
980 1028 1198 1063 vocantur
1220 1018 1426 1079 primum
1455 1018 1722 1081 Luminaria
1745 1034 1941 1083 magna;
1977 1019 2080 1066 dein
2105 1020 2258 1068 Amor
2290 1020 2388 1068 Lu-

387 1086 560 1134 minare
597 1099 834 1147 magnum,
882 1084 932 1131 δι
969 1083 1101 1129 fides
1137 1082 1386 1130 Luminare
1417 1085 1600 1140 minus·‚
1650 1085 1703 1142 ¹&
1739 1084 1794 1131 de
1831 1086 2009 1133 Amore
2042 1085 2229 1143 dicitur,
2262 1086 2390 1150 quod

389 1151 700 1200 dominabitur
723 1150 768 1195 in
780 1149 874 1205 die,
913 1149 962 1195 &
990 1148 1047 1194 de
1071 1147 1200 1203 Fide,
1235 1148 1362 1210 quod
1385 1148 1691 1196 dominabitur
1707 1151 1760 1197 in
1785 1151 1947 1206 noete3
1983 1150 2081 1198 haec
2116 1153 2223 1214 quia
2245 1153 2388 1200 Arca-

387 1232 444 1263 na
465 1217 584 1274 sunt,
616 1217 665 1263 &
689 1214 839 1262 abdita
862 1214 1087 1276 imprimis
1122 1214 1167 1259 in
1191 1212 1277 1260 hoc
1300 1213 1390 1261 fine
1413 1215 1609 1272 dierum,
1640 1230 1697 1261 ex
1722 1216 1890 1263 Divina
1911 1216 2104 1263 Domini
2127 1216 2385 1266 Misericor-

391 1282 480 1339 dia,
518 1283 622 1331 licet
643 1282 825 1344 aperire,
867 1275 1106 1342 quomodo
1141 1277 1182 1325 se
1221 1294 1288 1325 res
1326 1279 1486 1328 habet:
1517 1279 1644 1344 quod
1674 1280 1823 1328 abdita
1861 1282 2087 1345 imprimis
2110 1283 2157 1329 in
2186 1282 2272 1330 hoc
2296 1283 2387 1331 fine

379 1346 582 1406 dierum,
623 1345 748 1395 causa
782 1344 860 1402 est,
902 1346 1009 1407 quia
1034 1360 1155 1391 nunc
1179 1343 1241 1390 est
1263 1344 1559 1392 Consumatio
1582 1345 1748 1403 saeculi,
1789 1347 1839 1394 &
1875 1348 2027 1394 Amor
2050 1363 2181 1410 paene
2213 1347 2382 1406 nullus,

385 1413 574 1475 proinde
597 1428 677 1461 nec
704 1411 866 1466 Fides,
901 1410 1016 1458 ficut
1041 1408 1137 1474 Ipse
1154 1411 1384 1458 Dominus
1413 1412 1626 1474 praedixit
1664 1412 1808 1475 apud
1832 1410 2157 1476 Evangelistas,
2188 1412 2256 1472 his
2282 1429 2386 1472 ver-3

386 1478 471 1535 bis,
525 1485 557 1533 -ξ
590 1479 667 1526 Sol
683 1475 1008 1532 obscurabitur,
1045 1477 1094 1523 δε
1119 1475 1253 1522 Luna
1275 1492 1368 1524 non
1390 1477 1519 1524 dabit-
1536 1477 1703 1538 lucem,
1728 1478 1779 1540 ὃς
1801 1475 1940 1526 stellae
1963 1476 2125 1526 cadent
2148 1479 2205 1526 de
2228 1480 2385 1536 Coelo,

387 1549 422 1572 ‘⁶
456 1544 506 1592 &
547 1546 736 1591 virtutes
774 1542 1017 1595 Coelorum
1055 1541 1521 1601 commovebuntur,'’
1556 1543 1728 1603 Matth.
1764 1558 1916 1592 xxw:
1959 1561 2034 1608 29·
2096 1544 2193 1594 ‚Per
2230 1544 2384 1592 Solem

383 1609 458 1657 hic
482 1609 748 1673 intelligitur
771 1609 948 1671 Amor,
963 1607 1044 1670 qui
1066 1606 1322 1654 obscuratus
1341 1630 1354 1663 ·,
1379 1624 1458 1672 per
1480 1607 1672 1668 Lunamj
1684 1609 1722 1655 F
1725 1608 1836 1666 ides,
1860 1624 1966 1672 quae
1990 1625 2082 1656 non
2099 1609 2175 1656 dat
2197 1609 2382 1668 lucem;

382 1691 464 1740 per
487 1675 661 1734 Stellas,
695 1673 992 1736 cognitiones
1016 1672 1140 1728 fidei,
1171 1689 1277 1736 quae
1300 1673 1468 1721 cadunt
1489 1673 1546 1722 de
1569 1674 1726 1732 Coelo,
1757 1690 1864 1738 quae
1886 1673 1987 1722 sunt
2010 1676 2199 1723 virtutes
2218 1676 2270 1724 ὅτ
2290 1692 2376 1740 po-

377 1740 553 1788 testates
577 1740 815 1788 coelorum.
886 1739 1208 1800 Antiquiflima
1229 1738 1444 1796 Ecclesia,
1479 1755 1570 1786 non
1593 1739 1723 1790 aliam
1747 1740 1888 1802 fidem
1910 1742 2114 1803 agnovit,
2128 1784 2133 1799 ¹,
2145 1757 2286 1804 quam
2308 1743 2378 1805 ip..

382 1805 481 1852 sum
511 1808 770 1858 Amorem,
808 1803 1023 1850 Coelestes
1059 1818 1243 1864 quoque
1267 1804 1439 1866 Angeli
1462 1820 1555 1852 non
1598 1803 1744 1863 sciunt
1772 1804 1885 1867 quid
1906 1804 2037 1865 fides,
2074 1805 2162 1853 nisi
2210 1822 2284 1854 uae
2309 1810 2379 1855 A.-

382 1873 557 1927 moris;
601 1867 878 1918 Universum
919 1867 1109 1915 Coelum
1146 1866 1210 1914 est
1255 1869 1462 1926 Amoris,
1509 1885 1616 1916 nam
1653 1870 1699 1916 in
1718 1869 1850 1923 coelis
1870 1874 1976 1931 non
2013 1868 2146 1917 datur
2210 1870 2250 1919 'a
2270 1873 2380 1930 vita,

384 1953 528 1999 quam
559 1938 654 1983 vita
677 1936 881 1989 AmoriS,
902 1931 915 1940 ²
929 1933 1033 1980 inde
1066 1935 1215 1979 omnis
1245 1931 1447 1989 felicitas,
1485 1949 1590 1996 quae
1613 1947 1750 1993 tanta,
1771 1946 1838 1981 ut
1859 1934 2029 1999 aliquid
2065 1934 2159 1997 ejus
2181 1932 2275 1994 iibri
2299 1937 2378 1984 de-

379 2000 507 2048 scribi
531 2003 682 2065 poffit,
718 2015 800 2046 nec
823 1996 1010 2061 usquam
1034 1997 1180 2060 aliqua
1201 1997 1302 2045 idea
1322 1997 1520 2045 humana
1541 2000 1666 2062 capi:
1705 2000 1803 2060 Qui
1826 2001 1873 2046 in
1896 2015 2048 2047 amore
2069 1998 2186 2057 sunt,
2209 1996 2379 2050 Domi-
2404 2034 2412 2038 >

381 2083 494 2114 num
528 2083 584 2113 ex
606 2065 742 2113 corde
777 2076 942 2118 amant,
980 2062 1052 2109 sed
1089 2076 1273 2120 norunt,
1309 2063 1485 2120 dicunt,
1518 2064 1568 2110 δε
1591 2065 1864 2127 percipiunt,
1894 2065 2022 2128 quod
2051 2067 2200 2112 omnis
2231 2083 2376 2124 amor,

374 2134 442 2179 -ita
468 2134 615 2180 omnis
630 2133 741 2185 vita,
781 2146 886 2193 quae
925 2128 1058 2175 solius
1081 2130 1244 2175 amoris
1260 2127 1338 2185 est,
1369 2130 1419 2176 &
1443 2129 1503 2176 fic
1526 2131 1674 2176 omnis
1697 2129 1898 2187 felicitas,
1938 2130 2069 2177 unice
2091 2147 2148 2178 ex
2169 2126 2378 2181 Domino

379 2200 544 2254 veniat,
580 2198 630 2245 ὅτ
653 2196 778 2259 quod
814 2211 869 2241 ne
893 2193 1039 2241 hilum
1076 2195 1256 2250 amoris,
1283 2196 1394 2251 vitae
1431 2195 1486 2242 &n
1521 2193 1759 2259 felicitatis,
1788 2211 1852 2246 ⁴eit
1886 2191 2129 2260 semetipsis
2169 2191 2375 2249 habeant,

370 2263 523 2322 ‘Quod
545 2263 775 2318 Dominus
814 2260 884 2316 sit,
920 2276 976 2306 ex
999 2261 1114 2320 Qio
1135 2260 1284 2306 omnis
1307 2261 1476 2316 Amor,
1509 2259 1872 2323 repraesentatum
1910 2262 2045 2308 etiam
2081 2261 2145 2308 est
2166 2278 2247 2326 per
2261 2257 2369 2313 'Lu-

373 2331 547 2376 -minare
569 2329 801 2391 Magnum
834 2326 905 2373 seu
931 2325 1101 2381 Solem,
1141 2341 1249 2372 cum
1286 2322 1618 2382 transfomatus,
1654 2342 1758 2373 narn
1795 2331 1830 2354 “
1865 2325 2106 2389 Splenduit
2141 2326 2273 2390 facies
2295 2329 2371 2392 Ip-

378 2400 413 2420 “
447 2394 534 2441 sius
576 2393 689 2440 sicut
709 2391 804 2448 Sol,
829 2389 1110 2438 Vestimenta
1142 2403 1294 2437 autem
1332 2389 1444 2437 facta
1464 2389 1566 2437 sunt
1595 2391 1708 2439 ficut
1730 2391 1890 2448 Lux,”
1923 2392 2104 2440 Matth:
2141 2408 2284 2442 xvii:
2326 2412 2372 2444 2.

377 2459 698 2521 Signis-'icantur
730 2458 888 2504 intima
909 2472 989 2518 per
1011 2457 1209 2512 Faciem,
1250 2456 1300 2503 &
1325 2471 1431 2518 quae
1454 2455 1509 2502 ab
1532 2457 1702 2505 intimis
1723 2456 1976 2520 procedunt
1999 2474 2081 2521 per
2100 2458 2271 2515 Vestes,
2311 2461 2375 2508 ita

370 2521 600 2571 'Divinum
623 2523 764 2586 Ipsius
786 2538 865 2585 per
887 2521 1039 2568 Solem
1062 2520 1135 2568 seu
1160 2523 1403 2579 Amorem,
1434 2522 1484 2570 &
1509 2523 1786 2570 Humanum
1808 2522 1950 2586 Ipsius
1973 2539 2053 2586 per
2074 2523 2272 2582 Lucem,
2295 2524 2367 2573 seu

372 2590 643 2652 Sapientiam
665 2605 722 2636 ex
743 2590 932 2636 Amore.
2287 2590 2289 2592 ’

442 2673 516 2718 33.
553 2655 853 2702 Notiffimum
894 2653 1118 2700 unicuivis
1141 2653 1223 2700 effe
1247 2651 1408 2715 potest,
1444 2653 1573 2717 quod
1611 2654 1734 2701 nulla
1767 2652 1956 2717 usquam
1978 2655 2071 2702 vita
2111 2655 2165 2702 sit
2204 2653 2385 2718 abiqiie‘

374 2720 525 2782 aliquo
570 2723 761 2775 Amore,
796 2720 845 2766 &
877 2718 1004 2781 quod
1042 2717 1261 2782 nusquam
1301 2718 1483 2781 aliquod
1513 2719 1754 2782 gaudium,
1807 2720 1887 2765 nisi
1923 2719 2049 2782 quod
2086 2719 2274 2782 profluit
2307 2737 2361 2768 ex

372 2786 578 2841 Amore;
627 2785 701 2832 sed
738 2785 880 2847 qualis
903 2785 1073 2840 Amor,
1107 2785 1204 2830 talis
1238 2785 1349 2839 vita,
1385 2785 1434 2831 ὅτ
1473 2785 1562 2831 tale
1593 2785 1842 2846 gaudium:
1893 2783 1927 2830 fi
1951 2800 2200 2831 removeres
2233 2802 2359 2832 amo-

367 2866 456 2907 res,
490 2850 564 2898 ieu
587 2851 713 2913 quod
736 2851 857 2896 idem
881 2848 962 2905 est,
1002 2849 1283 2912 cupiditates,
1317 2850 1424 2911 quia
1444 2865 1510 2896 eae
1533 2848 1634 2895 sunt
1672 2850 1853 2904 amoris,
1887 2850 2063 2896 ceffaret
2090 2850 2212 2897 illico
2233 2853 2360 2913 cogi·

370 2917 495 2972 tatio,
531 2917 580 2962 ὅτ
604 2915 720 2962 fores
750 2914 883 2962 instar
907 2917 1074 2960 mortui
1094 2937 1107 2969 ·,
1143 2914 1269 2977 quod
1286 2913 1399 2961 mihi
1421 2913 1644 2961 ostensum
1665 2913 1729 2964 est
1751 2913 1806 2960 ad
1827 2914 2004 2960 vivum.
2075 2916 2272 2962 Amores
2296 2916 2360 2964 sui

371 2981 421 3027 &
445 2981 624 3036 mundi,
665 2980 898 3043 quoddam
921 2981 1031 3026 vitae
1062 2980 1220 3035 simile,
1256 2979 1307 3025 ὅτ
1329 2979 1561 3040 quoddam
1586 2979 1740 3041 gaudii
1762 2978 1905 3037 simile
1940 2979 2116 3036 sistunt,
2149 2979 2224 3027 sed
2255 2984 2359 3046 quia

370 3045 475 3092 sunt.
500 3048 705 3093 contrarii
739 3045 915 3107 prorsus
953 3047 1093 3092 amori
1124 3059 1253 3101 vero,
1290 3044 1372 3106 qui
1394 3043 1476 3100 est,
1507 3056 1560 3090 ut
1583 3056 1733 3091 ament
1749 3045 2008 3091 Dominum
2041 3044 2170 3110 supra
2190 3049 2358 3106 omnia,

368 3111 419 3157 ὅτ
455 3111 719 3174 proximum
755 3123 807 3157 ut
844 3110 998 3166 semet,
1037 3109 1231 3157 constare
1270 3108 1431 3171 potest,
1486 3109 1614 3172 quod
1643 3125 1735 3156 non
1774 3124 1947 3156 amores
1978 3109 2083 3169 lint,
2114 3110 2187 3157 sed
2229 3114 2356 3175 quod

367 3176 503 3231 odia;
539 3193 645 3223 narn
677 3192 771 3240 quo
810 3177 911 3238 plus
943 3176 1100 3238 aliquis
1130 3174 1267 3222 semet
1290 3175 1339 3221 ὅτ
1364 3175 1592 3222 mundum
1613 3186 1751 3231 amat,
1787 3190 1844 3222 eo
1866 3173 1968 3238 plus
1991 3177 2272 3239 proximum,
2306 3179 2355 3226 δε

363 3240 423 3288 fic
465 3243 741 3299 Dominum,
771 3243 895 3290 odit:
943 3257 1078 3304 quare
1104 3256 1237 3288 verus
1263 3241 1433 3298 Amor,
1462 3239 1525 3288 est
1558 3241 1787 3288 Amorvin
1826 3241 2117 3302 Dominiunj
2169 3243 2219 3290 δε
2247 3258 2354 3291 vera

1239 3314 1241 3316 ’
1292 3318 1297 3322 ’
2244 3307 2355 3366 vita,
