2788 3736
451 220 584 281 600
945 200 1921 270 GENESIS.

445 355 582 398 cata..-
627 341 702 390 Ex
725 338 792 388 his
816 335 1014 387 constare
1037 334 1196 399 petest,
1223 334 1352 398 ‚quid
1376 334 1658 385 intelleeium
1681 351 1761 400 per
1785 336 1884 385 haec
1907 339 2101 390 Domini
2123 342 2289 400 Verba,
2325 344 2453 408 apud

447 406 779 462 Matthaeum,'’
805 405 858 451 In
881 401 1276 453 consummatione
1292 401 1726 466 saeculi,statimpost
1743 404 2031 452 afflictionem
2046 402 2222 457 dierum
2246 411 2456 467 istorum,

449 481 484 504 “
500 466 504 470 ’
520 474 598 522 Sol
618 471 943 529 obscurabitur,
979 471 1028 517 δε
1052 471 1180 525 Luna
1209 485 1300 525 non
1323 468 1446 518 dabit
1469 468 1627 516 lumen
1651 468 1800 527 suum,
1832 471 1887 521 ,δε
1911 471 2048 519 Stellae
2078 474 2225 522 cadent
2262 477 2313 523 de
2342 477 2454 533 caelo,

454 547 488 570 ‘⁶
517 542 573 588 ,δι
617 541 808 597 virtutes
856 536 1087 584 coelorum
1131 535 1602 592 commovebuntur,’'
1651 552 1801 584 xxiv:
1858 553 1934 602 29.
1994 539 2042 585 δι
2089 540 2210 602 apud
2239 541 2457 599 Lucam,

452 613 489 635 ‘⁶
524 608 663 654 Tunc
703 616 836 652 erunt
875 603 1000 665 figna
1038 603 1083 650 in
1124 601 1214 649 Sole
1237 603 1285 649 &
1311 603 1440 648 Luna
1470 603 1519 648 δε
1545 601 1701 660 Astris,
1736 604 1787 650 ὅτ
1811 602 1940 667 super
1956 615 2086 661 terra,
2122 605 2325 669 angustia
2347 624 2459 671 gen-

458 679 492 701 “
528 674 647 720 tiu-m
671 674 718 718 in
743 669 1064 733 desperatione,
1095 667 1329 726 resonante
1353 669 1464 715 mari
1488 667 1701 725 &·salo,”
1729 685 1845 718 xxi:
1879 687 1963 734 25.
2001 670 2080 718 ubi
2119 672 2348 736 nusquam*
2382 689 2462 738 per

457 739 597 788 solem
635 737 911 801 fignificatur
949 734 1029 792 sol,
1058 750 1147 791 'nec
1181 750 1262 798 per
1281 734 1448 782 ‘lunam
1490 734 1611 791 luna,
1647 751 1730 783 nec
1767 752 1847 800 per
1883 736 2026 784 stellas
2057 737 2212 795 stellae,
2262 755 2345 786 nec
2382 745 2461 804 per

458 822 583 867 mare
623 821 760 865 mare,
797 802 869 857 sed
892 850 898 862 v,
911 802 988 850 illa
1025 817 1131 864 quae
1171 800 1503 864 repraesentant,
1540 817 1704 864 nempe
1730 818 1829 866 'per
1863 804 2021 851 solem·
2050 804 2464 863 coelestiaamoriS,

458 866 543 937 ‘per
567 871 721 933 lunam
746 869 1004 934 spiritualia,
1042 883 1121 930 per
1143 866 1284 914 stellas
1308 867 1426 914 bona
1458 868 1508 914 δε
1531 883 1650 925 vera,
1688 867 1761 923 seu
1801 872 2084 933 cognitione-s
2129 870 2235 918 boni
2276 872 2326 920 δε
2349 874 2462 929 veri,

462 954 571 1002 qua:
589 939 708 985 circa
736 934 1174 985 consummationem
1201 933 1369 992 saecufi,
1395 950 1505 982 cum
1528 934 1650 982 nulla
1662 935 1791 994 fides,
1827 936 1914 984 hoc
1931 935 2012 994 est,
2037 936 2161 985 nulla
2177 938 2380 996 charitas,
2406 941 2468 987 ita

463 1003 829 1053 obtenebrantur.
1252 1054 1254 1056 v

541 1077 680 1135 1809.
717 1070 765 1116 Si
783 1069 953 1132 'poteris
972 1083 1212 1115 vnumerare
1236 1067 1348 1125 illas,
1384 1067 1512 1131 quod
1538 1067 1760 1131 fignificet
1788 1067 2189 1121 frustificationem
2212 1072 2394 1128 amoris,
2421 1071 2471 1119 &

468 1136 894 1200 multiplicationem
919 1134 1044 1189 fidei,
1081 1133 1153 1180 seu
1176 1134 1320 1196 -quod
1351 1134 1494 1189 idem,
1530 1132 1928 1188 fruetificationem
1962 1135 2087 1192 boni,
2124 1139 2173 1184 δε
2198 1137 2472 1202 multiplica-

470 1205 646 1264 tionem
668 1203 782 1257 veri‚
819 1197 1018 1247 constare
1041 1198 1192 1261 potest
1220 1197 1385 1261 absque
1423 1197 1739 1262 explicatione,
1775 1215 1940 1264 nempe
1962 1203 2094 1265 quod
2130 1206 2356 1251 numerari
2395 1221 2474 1252 ne-

504 1280 652 1317 ueant.
1848 1312 1853 1317 ,
2113 1315 2118 1320 .

469 1286 503 1334 q
545 1340 684 1384 1810.
722 1333 789 1381 Ita
810 1333 895 1380 erit
910 1330 1060 1379 semen
1076 1330 1230 1388 tuum,
1264 1330 1393 1395 quod
1418 1329 1640 1396 significet
1654 1331 1854 1380 haeredes
1877 1332 2033 1396 Regni
2057 1334 2269 1393 Domini,
2305 1336 2476 1385 constat

472 1417 531 1450 ex
554 1401 878 1464 significatione
896 1397 1090 1456 seminis,
1127 1398 1255 1460 quod
1279 1398 1333 1445 fit
1357 1413 1486 1445 amor
1513 1399 1563 1446 &
1589 1398 1693 1445 inde
1715 1399 1844 1455 fides,
1879 1399 1954 1447 seu
1977 1400 2104 1462 quod
2134 1401 2275 1459 idem,
2311 1402 2376 1450 illi
2394 1403 2476 1466 qui

473 1467 577 1516 sunt
600 1469 648 1514 in
669 1482 820 1514 amore
842 1466 891 1512 δε
916 1465 1023 1521 fide,
1059 1477 1156 1511 tam
1179 1463 1329 1527 angeli
1353 1479 1494 1526 quam
1513 1465 1719 1512 homines
1746 1487 1761 1520 ·,
1796 1466 1924 1527 quod
1949 1465 2098 1513 semen
2121 1467 2208 1515 hoc
2233 1467 2475 1531 significet,

475 1535 600 1598 prius
624 1535 782 1597 paffim
806 1531 982 1578 diffisum
1021 1531 1072 1577 &
1093 1529 1318 1576 ostensum
1346 1529 1422 1577 est.
1493 1531 1617 1578 Haec
1647 1532 1695 1577 in
1719 1531 1958 1578 communi
1981 1531 2476 1597 fignificantRegnum

472 1601 692 1656 Domini,
729 1599 854 1663 quod
881 1610 976 1645 tam
1006 1595 1186 1643 vastum
1223 1595 1288 1642 est
1329 1595 1380 1643 &
1421 1596 1734 1653 numerosum,
1770 1608 1821 1644 ut
1862 1596 2082 1660 nusquam
2114 1598 2277 1662 aliquis
2291 1600 2476 1650 ‚credere

477 1668 630 1731 poffit,
667 1664 724 1712 fic
748 1677 916 1727 utnon
931 1663 1128 1726 exprimi
1149 1674 1286 1726 queat
1310 1677 1451 1726 quam
1474 1678 1555 1726 per
1572 1663 1883 1720 IMMENSUM,
1919 1663 1977 1710 de
2001 1661 2129 1727 cujus
2153 1665 2476 1723 Immenfitate,

478 1749 535 1780 ex
551 1732 723 1780 Divina
743 1731 937 1780 Domini
976 1727 1303 1786 Misericordia,
1340 1729 1464 1784 alibi,
1499 1745 1605 1792 quae
1643 1729 1717 1784 hic
1753 1729 2029 1792 significatur
2051 1746 2130 1793 per
2154 1730 2480 1792 ,verbahuius

472 1797 648 1854 versus,
685 1802 718 1824 “
740 1797 887 1862 specta
908 1793 1062 1861 quaeso
1085 1794 1236 1843 versus
1270 1794 1463 1852 coelum,
1501 1796 1550 1843 δε
1575 1811 1763 1843 numera
1786 1795 1928 1844 stellas
1982 1796 2014 1843 fi
2038 1797 2205 1860 poteris
2243 1812 2475 1847 numerare

482 1865 595 1922 illas,
632 1864 682 1912 &
705 1864 823 1911 dixit
838 1863 924 1921 illi,
957 1864 1021 1909 ita
1041 1862 1125 1909 erit
1147 1861 1296 1909 semen
1319 1874 1455 1909 tuum
1469 1862 1498 1884 ”
1518 1880 1531 1909 ε
1566 1874 1733 1926 praeter
1755 1862 1881 1925 quod
1897 1862 2206 1926 significentur
2220 1879 2301 1927 per
2323 1864 2479 1912 eadem

409 1942 413 1946 '
484 1931 638 1988 verba,
687 1930 763 1977 illa
786 1928 1129 1976 innumerabilia
1167 1928 1285 1975 bona
1323 1930 1373 1976 &
1397 1944 1519 1986 vera,
1554 1944 1660 1992 quae
1685 1927 1788 1977 sunt
1810 1928 2037 1994 sapientiae
2069 1931 2119 1979 &
2151 1930 2481 1996 intelligentiae,

486 2013 597 2045 cum
622 1996 805 2045 illorum
822 1995 959 2052 felici,
984 1994 1107 2058 apud
1124 1996 1483 2059 unumquemvis
1499 1995 1752 2060 Angelum.

561 2068 699 2112 1811.
736 2061 876 2110 Vers:
915 2064 959 2108 6.
996 2063 1060 2109 Et
1081 2062 1261 2109 credidit
1283 2065 1329 2108 in
1348 2061 1581 2125 Jehovam,
1618 2063 1674 2112 {9⁹
1697 2064 1934 2124 imputavit
1973 2063 2080 2112 illud
2099 2064 2178 2125 ipsi
2196 2062 2481 2126 injustitiam.

487 2129 696 2178 Credidit
719 2130 766 2175 in
781 2128 1027 2189 Jehovam,
1063 2126 1287 2190 fignificat
1308 2127 1451 2175 fidem
1467 2129 1660 2176 Domini
1683 2140 1824 2176 tunc:
1861 2130 1912 2176 δε
1929 2131 2175 2191 imputavit
2191 2129 2308 2175 iliud
2329 2129 2411 2193 ipfi
2435 2131 2483 2176 in

478 2194 719 2260 justitiam,
755 2194 977 2258 fignificat
997 2194 1125 2257 quod
1141 2195 1373 2241 Dominus
1395 2194 1578 2255 Justitia
1599 2196 1647 2242 in
1670 2194 1985 2256 hoc,primum
2003 2193 2159 2241 fadtus.
2183 2243 2185 2245 .
2305 2212 2308 2215 ⁴

560 2267 699 2311 1812.
735 2260 944 2308 Credidit
967 2260 1015 2306 in
1037 2260 1281 2320 Jehovam,
1317 2260 1444 2324 quod
1464 2260 1688 2324 significet
1710 2259 1851 2306 fidem
1866 2260 2058 2307 Domini
2081 2272 2210 2317 tunc,
2236 2259 2407 2309 constat
2423 2276 2481 2309 ex

487 2327 591 2390 ipsis
614 2326 794 2383 Verbis,
829 2338 930 2373 turn
970 2341 1028 2372 ex
1064 2325 1170 2372 ferie
1195 2342 1347 2372 rerum
1371 2330 1418 2373 in
1442 2325 1566 2373 sensu
1599 2327 1791 2382 interno,
1829 2342 1935 2388 quae
1967 2325 2047 2383 est,
2084 2326 2212 2390 quod
2235 2329 2482 2384 Dominus,

487 2393 746 2444 dum,vixit
768 2394 816 2438 in
839 2390 1033 2448 mundo,
1067 2392 1114 2437 in
1139 2392 1364 2438 continuis
1387 2394 1556 2455 pugnis
1593 2392 1894 2439 tentationum
1919 2389 2071 2450 fuerit,
2107 2393 2157 2440 &
2179 2394 2225 2440 in
2258 2393 2484 2441 continuis

489 2459 726 2513 vir-‘horim
777 2473 835 2505 ex
874 2458 1032 2504 intima
1069 2457 1343 2505 confidentia
1375 2459 1425 2505 &
1449 2458 1541 2504 fide
1562 2459 1791 2515 continue,
1813 2459 1969 2522 quod,
2004 2459 2110 2522 quia
2132 2458 2364 2523 pugnabat
2398 2474 2484 2523 pro

491 2524 628 2586 salute
650 2524 841 2572 universi
864 2523 1036 2587 generis
1057 2522 1260 2580 humani,
1296 2539 1356 2570 ex
1394 2539 1512 2587 puro
1544 2539 1715 2582 amore,
1751 2540 1843 2572 non
1881 2525 2024 2589 poffet
2061 2524 2188 2573 aliter
2208 2541 2261 2573 ac
2285 2526 2481 2582 vincere,

490 2592 619 2654 quod
643 2591 714 2638 hic
737 2590 800 2651 est
823 2590 1001 2638 credere
1023 2589 1070 2635 in
1087 2589 1327 2650 Jehovam.
1396 2589 1478 2638 Ab
1501 2606 1672 2648 amore,
1706 2606 1764 2638 ex
1788 2606 1886 2654 quo
1918 2591 2077 2654 aliquis
2113 2603 2304 2656 pugnat,
2340 2590 2482 2639 nosci-

482 2668 568 2704 tur
590 2673 696 2721 quae
720 2657 865 2712 fides;
901 2657 981 2719 qui
1003 2671 1062 2702 ex
1083 2655 1172 2703 alio
1204 2655 1371 2714 amore,
1406 2672 1549 2720 quam
1579 2672 1641 2704 ex
1673 2673 1828 2705 amore
1850 2673 1962 2721 erga
1976 2659 2259 2721 proximum,
2293 2657 2345 2704 ὅτ
2375 2672 2486 2719 erga

493 2723 715 2786 Regnum
742 2724 946 2779 Domini,
982 2738 1074 2769 non
1097 2734 1272 2785 pugnat
1306 2739 1364 2770 ex
1386 2722 1494 2780 fide,
1531 2722 1617 2771 hoc
1646 2722 1727 2780 est,
1763 2739 1856 2771 non
1889 2724 2045 2784 credit*
2066 2724 2113 2770 in
2132 2724 2375 2785 Jehovam,
2410 2722 2486 2770 sed

488 2789 541 2834 in
564 2790 676 2836 illud
708 2790 834 2852 quod
856 2800 1009 2845 amat,
1046 2787 1136 2851 ipse
1167 2790 1290 2835 enim
1309 2805 1454 2845 amor,
1488 2805 1575 2854 pro
1594 2805 1690 2852 quo
1710 2802 1901 2853 pugnat,
1936 2790 2000 2837 est
2028 2789 2140 2837 fides
2161 2785 2288 2851 ejus·‚
2324 2800 2376 2835 ut
2399 2803 2486 2853 pro

481 2855 720 2916 exemplo,
756 2857 836 2917 qui
859 2867 1034 2918 pugnat
1062 2870 1119 2901 ex
1143 2870 1312 2915 amore,
1347 2867 1401 2902 ut
1423 2857 1650 2902 maximus
1674 2857 1721 2902 in
1739 2856 1862 2903 coelo
1884 2856 1979 2911 fiat,
2017 2855 2054 2901 is
2077 2870 2169 2901 non
2186 2854 2330 2901 credit
2345 2856 2392 2901 in
2405 2855 2484 2915 Je-

490 2918 680 2975 hovam‚
717 2919 789 2965 sed
814 2922 962 2982 potius
999 2924 1045 2967 in
1078 2920 1153 2976 se;
1189 2937 1296 2969 nam
1338 2923 1566 2969 maximus
1589 2921 1704 2969 velle
1742 2922 1856 2976 fieri,
1893 2920 1958 2967 est
1986 2919 2101 2967 velle
2129 2922 2347 2984 imperare
2371 2921 2484 2978 aliis,

493 2985 557 3033 ita
579 3001 664 3048 pro
687 2985 878 3047 imperio
900 2999 1093 3050 pugnat,
1117 2987 1317 3034 similiter
1333 2989 1380 3034 in
1397 2987 1578 3049 reliquis
1594 3009 1610 3042 3
1644 3000 1780 3048 quare
1795 3000 1851 3032 ex
1873 2984 1969 3048 ipso
1985 2986 2153 3044 amore,
2179 3001 2237 3033 ex
2256 3002 2351 3049 quo
2366 3002 2489 3050 pug-

474 3049 475 3052 ’
494 3063 642 3107 natur,
678 3050 774 3097 sciri
797 3051 957 3113 potest,
993 3068 1098 3113 quae
1120 3052 1259 3100 fides:
1295 3053 1526 3100 Dominus
1549 3062 1700 3098 autem
1729 3051 1787 3097 in
1810 3051 2023 3098 omnibus
2046 3051 2133 3100 suis
2153 3054 2322 3117 pugnis
2344 3063 2486 3099 tenta-

494 3118 691 3175 tionum,
727 3115 946 3182 nusquam
982 3132 1040 3164 ex
1075 3133 1228 3165 amore
1259 3116 1341 3176 sui,
1377 3117 1450 3166 seu
1478 3132 1565 3181 pro
1600 3116 1658 3176 se,
1692 3118 1935 3182 pugnavit,
1970 3117 2046 3166 sed
2084 3135 2171 3183 pro
2203 3117 2416 3168 omnibus
2439 3119 2486 3165 in

2265 3181 2488 3240 universe,
