2788 3736
409 309 540 401 543
887 300 1869 376 GENESJS.

481 442 621 494 1666.
656 437 802 504 Qod
840 453 1001 486 omnes
1040 436 1306 502 congregati
1346 434 1448 485 sunt
1486 437 1543 485 ad
1582 438 1751 487 vallem
1791 439 1992 499 Siddim,
2010 440 2251 507 fignificet
2287 445 2419 513 quod

409 510 456 559 in
481 507 729 557 immundis
753 505 1058 570 cupiditatum
1081 504 1233 562 essent,
1268 504 1466 552 constare
1491 504 1638 568 potest
1661 522 1687 554 a
1709 506 2036 570 significatione
2060 511 2188 560 vallis
2211 515 2415 573 siddim,

411 578 469 624 de
500 591 589 638 qua
625 572 740 620 infra
761 571 886 620 vers:
917 589 995 630 10,
1032 575 1067 598 “
1088 571 1218 635 quod
1245 571 1376 619 vallis
1397 571 1580 620 Siddim
1604 575 1731 637 putei
1754 575 1879 637 putei
1902 573 2156 637 bituminis,
2184 579 2263 628 ‘seu
2285 579 2418 645 quod

415 648 450 670 ‘⁶
487 641 619 704 plena
641 641 790 703 puteis
808 638 1044 687 bituminis
1066 637 1220 696 effet,”
1243 654 1324 701 per
1346 654 1461 702 quos
1485 638 1976 705 significanturspurca
1995 644 2046 689 Bc
2070 643 2314 698 immunda
2334 664 2417 696 cu-

413 709 675 772 piditatum,
710 723 769 754 n:
801 722 922 772 1299
944 727 960 762 ς
983 704 1185 754 similiter
1206 721 1263 752 ex
1285 721 1358 762 e0,
1383 706 1511 769 quod
1535 722 1616 771 per
1638 706 1908 764 Sodomam,
1936 710 2182 768 Amoram,
2207 712 2423 773 Admamk

412 776 462 823 δε
485 773 697 830 Zeboim‚
732 772 995 836 significatae
1017 771 1103 820 fint
1136 771 1404 835 cupiditates
1429 773 1556 830 mali,
1590 773 1641 821 δε
1672 773 1968 838 persuasiones
1992 774 2104 834 falfi,
2140 794 2244 841 quae
2290 781 2342 827 in
2374 779 2427 829 se·

415 840 672 891 immundae
695 838 823 889 sunt:
858 839 988 904 quod
1009 838 1265 886 immundae
1288 838 1390 896 sint,
1426 840 1570 887 cuivis
1594 840 1710 888 intra
1732 841 1981 890 Ecclesiam
2005 843 2204 892 constare
2236 845 2383 909 potest
2406 870 2424 906 3

414 909 552 955 etiarn
574 906 802 954 actualiter
811 906 899 954 hoc
920 905 1089 954 constat
1104 906 1149 952 in
1166 905 1300 953 altera
1322 908 1436 963 vita,
1455 905 1635 970 spiritus
1652 907 1760 956 tales
1774 908 1884 957 nihil
1900 911 2052 973 potius
2069 913 2260 975 cupiunt
2276 930 2419 977 quam

417 976 464 1023 in
488 973 695 1038 stagneiS,
711 972 910 1030 caenofis,
928 973 1315 1028 &excrementiis,
1331 972 1513 1035 degere,
1531 973 1592 1020 fic
1615 985 1668 1021 ut
1690 986 1847 1023 natura
1861 975 2046 1024 illorum
2070 977 2173 1026 talia
2187 977 2338 1028 secum
2348 978 2417 1028 fe·-

414 1052 514 1097 rat·,
539 1039 778 1087 immunda
798 1039 902 1086 talia
923 1055 979 1087 ex
996 1038 1080 1086 illis
1103 1038 1159 1085 ad
1173 1037 1346 1085 sensum
1363 1038 1584 1097 exhalant,
1609 1057 1719 1088 cum
1733 1041 1791 1089 ad
1807 1040 2029 1106 sphaeram
2046 1043 2272 1093 bonorum
2290 1046 2417 1110 spiri-

418 1121 553 1155 tuum
577 1106 955 1170 appropinquant,
991 1105 1218 1169 imprimis
1242 1105 1425 1168 quando
1449 1104 1592 1153 bonos
1614 1104 1815 1154 infestare
1846 1110 2056 1171 cupiunt,
2081 1110 2169 1159 hoc
2199 1111 2280 1170 est,
2306 1129 2417 1160 con-

417 1173 594 1237 gregari
618 1173 673 1219 ad
697 1171 1067 1235 impugnandum
1091 1170 1223 1226 illos;
1258 1187 1315 1217 ex
1336 1171 1405 1218 his
1426 1183 1566 1234 patet,
1591 1173 1703 1235 quid
1727 1172 1856 1220 vallis
1879 1174 2075 1224 siddim.
2146 1179 2271 1227 Haec
2295 1195 2423 1228 mate.

416 1239 534 1297 salis,
565 1241 691 1302 quod
726 1238 949 1300 significet
980 1237 1133 1299 turpia
1168 1233 1420 1294 falsitatum
1443 1238 1565 1294 inde,
1600 1237 1799 1286 constare
1842 1240 1989 1304 potest
2030 1258 2056 1289 a
2090 1243 2418 1307 significatione

402 1306 563 1367 ‘Maris
585 1304 697 1362 salis,
732 1303 859 1367 quod
894 1302 1016 1366 quasi
1045 1302 1169 1349 idem
1192 1300 1256 1348 est
1279 1317 1388 1349 cum
1426 1302 1540 1350 valle
1562 1303 1761 1361 siddim,
1797 1321 1905 1352 nam
1944 1306 2126 1366 dicitur,
2160 1311 2288 1358 vallis
2312 1312 2419 1360 Sid-

417 1372 515 1419 dim
541 1372 641 1419 haec
666 1387 786 1419 mare
810 1369 921 1425 salis,
957 1369 1032 1416 sed
1054 1367 1285 1433 adjectum
1304 1367 1372 1429 *est
1395 1367 1482 1417 hoc
1503 1369 1625 1427 ideo,
1661 1372 1768 1434 quia
1791 1387 1912 1419 mare
1937 1371 2031 1420 salis
2055 1374 2279 1438 fignificat
2300 1376 2419 1426 falsi-

414 1450 527 1487 tates
556 1454 663 1501 quae
685 1453 743 1485 ex
766 1435 1088 1500 cupiditatibus
1111 1447 1453 1499 prorumpunt,
1489 1435 1711 1499 nusquam
1744 1439 1867 1485 enim
1906 1438 2055 1502 aliqua
2091 1441 2333 1506 cupiditas
2354 1443 2422 1491 est

418 1521 525 1568 quae
551 1521 643 1551 non
666 1503 879 1567 producit
917 1500 1155 1557 falsitates3
1205 1502 1301 1550 vita
1345 1501 1651 1565 cupiditatum
1689 1503 1911 1551 affimilari
1940 1506 2087 1567 potest
2122 1509 2220 1570 igni
2256 1509 2417 1558 carbo·-

419 1573 559 1628 nario‚
595 1570 802 1618 falsitates
835 1569 999 1617 lumini
1038 1567 1228 1615 obscuro
1260 1567 1401 1623 inde3
1452 1567 1568 1615 sicut
1605 1569 1723 1631 ignis
1762 1569 1983 1633 nusquam
2023 1573 2170 1636 potest
2202 1575 2285 1622 effe
2323 1576 2421 1626 sine

417 1638 608 1694 lumine,
631 1639 692 1684 ita
713 1653 794 1684 nec
818 1636 1040 1700 cupiditas
1062 1633 1225 1696 absque
1250 1631 1466 1690 falsitate;
1491 1636 1643 1682 omnis
1666 1636 1890 1698 cupiditas
1905 1637 1968 1684 est
1990 1640 2155 1686 amoris
2177 1638 2418 1704 cujusdam·

419 1704 552 1760 foedi,
588 1720 693 1751 nam
717 1705 900 1768 cupitur
915 1701 1042 1766 quod
1066 1712 1257 1757 amatur,
1282 1699 1387 1747 inde
1410 1712 1602 1749 vocatur
1624 1701 1866 1766 cupiditas,
1892 1704 2030 1768 inque
2053 1704 2144 1769 ipsa
2167 1703 2435 1771 cupiditate*

415 1770 479 1819 est
501 1771 774 1818 continuum
797 1772 961 1817 amoris
985 1767 1135 1825 istius;
1172 1766 1395 1831 quicquid
1417 1764 1539 1816 favet
1561 1779 1639 1817 aut
1660 1768 1889 1817 affentitur
1910 1772 2055 1819 amori
2079 1771 2148 1826 isti
2185 1771 2258 1820 seu
2284 1776 2417 1838 cupi,-

416 1838 565 1894 ditati,
600 1837 686 1885 hoc
709 1849 899 1884 vocatur
920 1833 1111 1891 falsitas,
1147 1834 1254 1882 inde
1287 1845 1411 1899 patet
1433 1850 1515 1883 cur
1549 1851 1671 1885 mare
1709 1835 1805 1884 salis
1837 1835 2068 1902 adjedtum
2103 1837 2176 1886 hic
2213 1839 2268 1887 fit
2307 1840 2422 1888 valli

417 1904 610 1952 Siddim.
679 1904 808 1969 Qia
831 1902 1099 1967 cupiditates
1124 1901 1173 1949 &
1196 1899 1402 1950 falsitates
1426 1900 1527 1950 sunt
1565 1919 1673 1967 quae
1712 1903 1886 1952 vastant
1919 1904 2174 1962 hominem,
2203 1905 2292 1954 hoc
2330 1907 2412 1965 est,

417 1973 656 2035 deprivant
679 1972 807 2018 omni
830 1972 925 2018 vita
946 1972 1111 2017 amoris
1134 1968 1260 2026 boni,
1297 1969 1346 2017 &
1371 1967 1603 2017 affectione
1626 1971 1723 2019 veri
1738 2006 1754 2028 ,
1795 1970 1981 2021 vastatio
2017 1972 2282 2021 describitur.
2317 1973 2416 2038 paf÷

414 2038 500 2087 fim
531 2053 612 2102 per
633 2035 972 2101 salsuginosum,
1010 2040 1043 2063 “
1067 2036 1179 2083 sicut
1202 2036 1325 2100 apud
1347 2037 1643 2098 Jeremiam,’'
1695 2038 1796 2102 Qi
1817 2039 1949 2102 ponit
1971 2054 2151 2087 carnem
2174 2039 2416 2088 brachium

419 2110 456 2132 “
490 2106 639 2161 suum,
673 2106 755 2151 erit
787 2104 900 2151 sicut
930 2103 1191 2166 virgultum
1225 2102 1449 2151 nudatum
1491 2105 1537 2151 in
1578 2103 1834 2162 solitudine,
1869 2106 1921 2154 ὅτ
1957 2122 2051 2166 non
2087 2106 2263 2154 videbit
2298 2123 2414 2156 cum

420 2176 454 2199 “
488 2172 613 2218 venit
637 2170 828 2228 bonurn,
863 2172 912 2219 δε
937 2169 1151 2218 habitabit
1185 2169 1332 2229 exustis
1354 2170 1453 2217 locis
1476 2171 1522 2217 in
1546 2170 1735 2227 deserto,
1771 2182 1890 2219 terra
1916 2172 2198 2233 salsuginosa,
2234 2173 2285 2218 δε
2317 2188 2412 2220 non

420 2243 458 2281 .“
491 2238 768 2294 habitatur,”'
787 2253 895 2284 xvii
917 2256 928 2286 ε
955 2238 998 2284 6.
1034 2236 1157 2299 apud
1180 2236 1488 2293 Ezechielem,
1528 2240 1562 2262 “
1586 2235 1775 2283 Caenosa
1795 2234 1906 2298 ejus,
1943 2235 1993 2282 δε
2017 2235 2201 2299 paludes
2221 2235 2338 2299 ejus,
2360 2239 2412 2286 ὅτ,

419 2308 454 2330 “
490 2321 581 2351 non
605 2304 825 2359 sanantur,
862 2305 908 2350 in
929 2303 1062 2366 solem
1095 2302 1374 2358 dabuntur,”
1398 2318 1563 2350 xnvn:
1605 2320 1677 2351 11.
1713 2302 1839 2365 apud·
1858 2301 2115 2359 Davidem,
2146 2306 2185 2343 “3
2203 2302 2413 2364 jehovah

418 2367 461 2400 ι’
489 2371 620 2433 ponit
650 2371 814 2418 fluvios
839 2370 885 2415 in
909 2368 1152 2424 desertum,
1188 2369 1237 2414 &
1260 2370 1414 2414 exitus
1435 2384 1653 2431 aquarum
1679 2370 1727 2415 in
1749 2367 2019 2425 siccitatem,
2047 2371 2222 2418 terram
2234 2369 2417 2432 fruHus

415 2433 453 2485 {⁴⁵
487 2439 535 2484 in
544 2436 864 2500 sczffuginosam,
901 2434 961 2480 ob
985 2434 1204 2480 malitiam
1226 2433 1526 2481 habitantium
1551 2435 1600 2481 in
1620 2433 1911 2492 ea,”Psalm:
1936 2451 2039 2482 cvu
2059 2454 2070 2484 ε
2093 2452 2173 2500 33,
2191 2454 2267 2499 34.
2287 2436 2415 2500 apud

417 2502 714 2566 Zephaniam,
752 2507 785 2528 “
806 2501 954 2548 Moab
975 2501 1087 2547 sicut
1110 2500 1282 2548 Sodoma
1318 2502 1418 2558 erit,
1454 2502 1503 2548 &
1529 2501 1611 2548 filii
1634 2502 1885 2549 Ammonis
1925 2501 2040 2549 ficut
2067 2504 2247 2560 Amora,
2281 2503 2413 2552 locus

417 2574 454 2598 ‘⁶
489 2569 724 2616 derelictus
748 2570 922 2624 urticae,
959 2567 1008 2614 δε
1029 2567 1166 2629 fovea
1180 2567 1306 2629 salis,
1359 2583 1409 2614 ac
1455 2566 1667 2616 desolatio
1705 2570 1754 2615 in
1791 2570 2065 2625 aeternum,”
2090 2586 2161 2617 11:
2189 2588 2234 2634 9.
2286 2569 2411 2634 apud

417 2637 598 2692 Mosen,
637 2641 670 2664 ‘⁶
695 2635 880 2696 Sulphur
900 2634 984 2681 erit
1005 2634 1055 2680 ὅτ
1078 2633 1167 2690 Sal,
1204 2632 1459 2681 combustio
1482 2645 1577 2682 tota
1599 2647 1729 2693 terra,
1766 2650 1859 2682 non
1882 2634 2070 2693 seretur,
2098 2636 2152 2683 δε
2173 2652 2273 2683 non„
2299 2652 2407 2699 ger-

415 2706 452 2750 5²
489 2701 699 2758 minabit,
731 2717 812 2749 nec
836 2699 1040 2750 ascendet
1071 2701 1118 2746 in
1141 2716 1191 2746 ea
1212 2699 1302 2747 ulla
1324 2699 1476 2758 herba,
1495 2698 1630 2764 juxta
1651 2701 1929 2750 eversionem
1947 2701 2133 2750 Sodomae·
2147 2702 2197 2748 ὅτ
2220 2703 2405 2758 Amom,

417 2773 452 2796 ‘-‘
489 2769 634 2815 Admae
657 2769 943 2822 &Zeboim,''
976 2767 1132 2815 Deut:
1171 2782 1330 2815 xxm:
1358 2783 1433 2816 22.
1470 2766 1656 2831 sulphur
1678 2769 1729 2816 ὅτ
1752 2767 1827 2825 sal,
1863 2768 2119 2816 combustio
2155 2777 2250 2814 tota
2272 2778 2407 2825 terra,

413 2849 502 2898 pro
523 2834 696 2882 vastatis
720 2834 847 2883 bonis
883 2834 933 2883 δε
956 2834 1090 2890 veris,
1125 2831 1313 2896 sulphur
1347 2849 1434 2896 pro
1469 2834 1712 2881 vastatione
1752 2835 1892 2891 boni,
1943 2833 2001 2880 sal
2039 2848 2125 2894 pro
2163 2832 2406 2882 vastatione

413 2900 528 2955 veri,
565 2898 805 2947 aestuosum
840 2901 963 2946 enim
1001 2900 1051 2948 &
1104 2897 1423 2962 salsuginosum
1463 2901 1537 2948 ita>
1557 2900 1792 2947 destruunt
1835 2912 1998 2946 terram
2033 2900 2082 2945 ὅτ
2121 2910 2251 2961 terrae
2297 2917 2407 2963 pro-

414 2965 565 3020 duffita,
601 2963 712 3011 sicut
744 2965 965 3026 cupiditas
1001 2964 1186 3014 destruit
1212 2962 1354 3021 bona,
1390 2966 1440 3012 ὅτ
1478 2964 1640 3012 falsitas
1679 2982 1812 3013 vera:
1868 2966 1975 3027 quia
2013 2963 2071 3011 sal
2109 2964 2409 3015 vastationem

414 3029 710 3094 significabat,
741 3031 877 3079 etiam
906 3029 1086 3076 solitum
1116 3042 1207 3077 erat
1230 3030 1379 3085 urbes,
1414 3046 1523 3092 quas
1562 3031 1894 3086 destruxerunt,
1930 3047 1985 3077 ne
2008 3031 2405 3090 reaedificarentur,

413 3097 635 3148 conserere
658 3095 757 3152 sale,
777 3107 830 3141 ut
844 3095 968 3155 Jud:
1007 3111 1084 3142 ix:
1105 3112 1203 3156 >45.
1273 3095 1346 3141 Sal
1367 3095 1502 3142 etiam
1525 3096 1573 3141 in
1595 3097 1817 3144 contrario
1850 3095 1972 3144 sensu
1996 3098 2229 3161 accipitur,
2264 3099 2406 3162 signif

411 3163 551 3216 fidans
574 3163 623 3210 id
645 3162 770 3225 quod
793 3159 1064 3209 fertilitatem
1105 3160 1197 3216 dat,
1248 3162 1297 3209 δε
1335 3159 1463 3223 quod
1501 3161 1623 3224 quasi
1657 3160 1870 3226 saporem.
2195 3203 2199 3208 .
2302 3219 2304 3221 v

479 3229 621 3281 Vers:
640 3246 686 3289 4·
725 3227 955 3280 Duodecim
977 3227 1099 3277 annis
1112 3226 1392 3291 ser-viverunt
1415 3227 1752 3288 IQdorloomero,
1789 3230 1844 3281 δ’
1867 3233 1993 3281 tertio
2018 3230 2182 3290 decimo>
2203 3245 2313 3278 anno
2334 3245 2408 3277 re-

1248 3302 1251 3305 ⁴
1324 3302 1330 3303 ’
2178 3296 2404 3352 bellarunt,
