<?xml version="1.0" encoding="UTF-8"?>
<!DOCTYPE html PUBLIC "-//W3C//DTD XHTML 1.0 Transitional//EN"
    "http://www.w3.org/TR/xhtml1/DTD/xhtml1-transitional.dtd">
<html xmlns="http://www.w3.org/1999/xhtml" xml:lang="en" lang="en">
 <head>
  <title>
</title>
<meta http-equiv="Content-Type" content="text/html;charset=utf-8" />
  <meta name='ocr-system' content='tesseract 3.04.00' />
  <meta name='ocr-capabilities' content='ocr_page ocr_carea ocr_par ocr_line ocrx_word'/>
</head>
<body>
  <div class='ocr_page' id='page_1' title='image "arcanacaelestiaq01sweduoft_0369.png"; bbox 0 0 2788 3736; ppageno 0'>
   <div class='ocr_carea' id='block_1_1' title="bbox 0 2746 13 3086">
    <p class='ocr_par' dir='ltr' id='par_1_1' title="bbox 0 2746 13 3086">
     <span class='ocr_line' id='line_1_1' title="bbox 0 2746 13 3086; textangle 90"><span class='ocrx_word' id='word_1_1' title='bbox 4 3081 6 3086; x_wconf 88' lang='lat'><em>-</em></span> <span class='ocrx_word' id='word_1_2' title='bbox 0 2974 13 3017; x_wconf 62' lang='lat' dir='ltr'>‚f-</span> <span class='ocrx_word' id='word_1_3' title='bbox 0 2935 6 2956; x_wconf 64' lang='lat' dir='ltr'>-v</span> <span class='ocrx_word' id='word_1_4' title='bbox 5 2904 7 2906; x_wconf 94' lang='lat'>-</span> <span class='ocrx_word' id='word_1_5' title='bbox 7 2870 11 2875; x_wconf 93' lang='lat'>.</span> <span class='ocrx_word' id='word_1_6' title='bbox 0 2846 2 2854; x_wconf 58' lang='lat'>&lt;·</span> <span class='ocrx_word' id='word_1_7' title='bbox 0 2746 13 2793; x_wconf 46' lang='grc' dir='ltr'>τ’,θ</span> 
     </span>
    </p>
   </div>
   <div class='ocr_carea' id='block_1_2' title="bbox 376 2905 1568 2972">
    <p class='ocr_par' dir='ltr' id='par_1_2' title="bbox 376 2905 1568 2972">
     <span class='ocr_line' id='line_1_2' title="bbox 376 2905 1568 2972; baseline -0.003 -14"><span class='ocrx_word' id='word_1_8' title='bbox 376 2968 380 2971; x_wconf 25' lang='lat'><strong>¹</strong></span> <span class='ocrx_word' id='word_1_9' title='bbox 405 2905 611 2971; x_wconf 81' lang='lat' dir='ltr'>alicujus,</span> <span class='ocrx_word' id='word_1_10' title='bbox 647 2924 740 2958; x_wconf 88' lang='lat' dir='ltr'>non</span> <span class='ocrx_word' id='word_1_11' title='bbox 778 2908 903 2957; x_wconf 90' lang='lat' dir='ltr'>aliud</span> <span class='ocrx_word' id='word_1_12' title='bbox 940 2906 1088 2972; x_wconf 86' lang='lat' dir='ltr'>potest</span> <span class='ocrx_word' id='word_1_13' title='bbox 1103 2906 1378 2971; x_wconf 75' lang='lat' dir='ltr'>significare,</span> <span class='ocrx_word' id='word_1_14' title='bbox 1407 2922 1518 2955; x_wconf 87' lang='lat' dir='ltr'>cum</span> <span class='ocrx_word' id='word_1_15' title='bbox 1538 2906 1568 2954; x_wconf 94' lang='lat' dir='ltr'>d</span> 
     </span>
    </p>
   </div>
   <div class='ocr_carea' id='block_1_3' title="bbox 841 247 2418 339">
    <p class='ocr_par' dir='ltr' id='par_1_3' title="bbox 841 247 2418 339">
     <span class='ocr_line' id='line_1_3' title="bbox 841 247 2418 339; baseline -0.003 -23"><span class='ocrx_word' id='word_1_16' title='bbox 841 247 1276 316; x_wconf 78' lang='lat' dir='ltr'>CAPUT</span> <span class='ocrx_word' id='word_1_17' title='bbox 1365 248 1861 315; x_wconf 67' lang='lat' dir='ltr'>NON-Um..</span> <span class='ocrx_word' id='word_1_18' title='bbox 2285 275 2418 339; x_wconf 66' lang='lat'>359</span> 
     </span>
    </p>
   </div>
   <div class='ocr_carea' id='block_1_4' title="bbox 403 375 2430 2575">
    <p class='ocr_par' dir='ltr' id='par_1_4' title="bbox 406 375 2430 776">
     <span class='ocr_line' id='line_1_4' title="bbox 409 375 2419 450; baseline -0.002 -17"><span class='ocrx_word' id='word_1_19' title='bbox 409 383 538 450; x_wconf 73' lang='lat' dir='ltr'>quod</span> <span class='ocrx_word' id='word_1_20' title='bbox 553 381 808 446; x_wconf 79' lang='lat' dir='ltr'>acceperint</span> <span class='ocrx_word' id='word_1_21' title='bbox 822 378 1022 436; x_wconf 70' lang='lat' dir='ltr'>vestem,</span> <span class='ocrx_word' id='word_1_22' title='bbox 1029 377 1255 442; x_wconf 86' lang='lat' dir='ltr'>fignificat</span> <span class='ocrx_word' id='word_1_23' title='bbox 1264 377 1395 441; x_wconf 88' lang='lat' dir='ltr'>quod</span> <span class='ocrx_word' id='word_1_24' title='bbox 1410 376 1466 424; x_wconf 87' lang='lat' dir='ltr'>in·</span> <span class='ocrx_word' id='word_1_25' title='bbox 1475 375 1651 425; x_wconf 88' lang='lat' dir='ltr'>bonum</span> <span class='ocrx_word' id='word_1_26' title='bbox 1667 377 1947 442; x_wconf 85' lang='lat' dir='ltr'>interpretati</span> <span class='ocrx_word' id='word_1_27' title='bbox 1970 375 2082 426; x_wconf 70' lang='lat' dir='ltr'>sint:</span> <span class='ocrx_word' id='word_1_28' title='bbox 2105 378 2158 428; x_wconf 75' lang='grc' dir='ltr'>δε</span> <span class='ocrx_word' id='word_1_29' title='bbox 2173 378 2419 444; x_wconf 82' lang='lat' dir='ltr'>posuerunt</span> 
     </span>
     <span class='ocr_line' id='line_1_5' title="bbox 409 443 2414 515; baseline -0.002 -17"><span class='ocrx_word' id='word_1_30' title='bbox 409 450 540 515; x_wconf 78' lang='lat' dir='ltr'>fiiper</span> <span class='ocrx_word' id='word_1_31' title='bbox 560 448 753 498; x_wconf 87' lang='lat' dir='ltr'>humero</span> <span class='ocrx_word' id='word_1_32' title='bbox 770 445 925 504; x_wconf 88' lang='lat' dir='ltr'>ambo,</span> <span class='ocrx_word' id='word_1_33' title='bbox 951 445 1174 509; x_wconf 83' lang='lat' dir='ltr'>fignificat</span> <span class='ocrx_word' id='word_1_34' title='bbox 1194 443 1324 509; x_wconf 92' lang='lat' dir='ltr'>quod</span> <span class='ocrx_word' id='word_1_35' title='bbox 1341 443 1458 491; x_wconf 86' lang='lat' dir='ltr'>illud</span> <span class='ocrx_word' id='word_1_36' title='bbox 1473 445 1604 491; x_wconf 88' lang='lat' dir='ltr'>omni</span> <span class='ocrx_word' id='word_1_37' title='bbox 1626 446 1853 507; x_wconf 85' lang='lat' dir='ltr'>potentia:</span> <span class='ocrx_word' id='word_1_38' title='bbox 1879 445 1929 492; x_wconf 77' lang='grc' dir='ltr'>δι</span> <span class='ocrx_word' id='word_1_39' title='bbox 1951 444 2132 494; x_wconf 86' lang='lat' dir='ltr'>iverunt</span> <span class='ocrx_word' id='word_1_40' title='bbox 2154 446 2414 505; x_wconf 82' lang='lat' dir='ltr'>retrorsum,</span> 
     </span>
     <span class='ocr_line' id='line_1_6' title="bbox 409 509 2416 582; baseline -0.001 -19"><span class='ocrx_word' id='word_1_41' title='bbox 409 516 633 582; x_wconf 76' lang='lat' dir='ltr'>fignificat</span> <span class='ocrx_word' id='word_1_42' title='bbox 650 513 779 579; x_wconf 86' lang='lat' dir='ltr'>quod</span> <span class='ocrx_word' id='word_1_43' title='bbox 805 528 902 562; x_wconf 83' lang='lat' dir='ltr'>non</span> <span class='ocrx_word' id='word_1_44' title='bbox 918 510 1198 560; x_wconf 85' lang='lat' dir='ltr'>attenderent</span> <span class='ocrx_word' id='word_1_45' title='bbox 1219 511 1278 559; x_wconf 87' lang='lat' dir='ltr'>ad</span> <span class='ocrx_word' id='word_1_46' title='bbox 1299 525 1470 559; x_wconf 74' lang='lat' dir='ltr'>errores</span> <span class='ocrx_word' id='word_1_47' title='bbox 1507 510 1557 557; x_wconf 74' lang='grc' dir='ltr'>δε</span> <span class='ocrx_word' id='word_1_48' title='bbox 1580 509 1814 573; x_wconf 78' lang='lat' dir='ltr'>perversa:</span> <span class='ocrx_word' id='word_1_49' title='bbox 1856 511 1910 558; x_wconf 78' lang='grc' dir='ltr'>ὅτ</span> <span class='ocrx_word' id='word_1_50' title='bbox 1929 522 2139 560; x_wconf 82' lang='lat' dir='ltr'>texerunt</span> <span class='ocrx_word' id='word_1_51' title='bbox 2162 514 2416 568; x_wconf 81' lang='lat' dir='ltr'>nuditatem</span> 
     </span>
     <span class='ocr_line' id='line_1_7' title="bbox 407 575 2417 648; baseline -0.001 -17"><span class='ocrx_word' id='word_1_52' title='bbox 407 584 545 648; x_wconf 83' lang='lat' dir='ltr'>patris</span> <span class='ocrx_word' id='word_1_53' title='bbox 569 582 650 639; x_wconf 88' lang='lat' dir='ltr'>sui,</span> <span class='ocrx_word' id='word_1_54' title='bbox 689 579 912 646; x_wconf 71' lang='lat' dir='ltr'>fignificat</span> <span class='ocrx_word' id='word_1_55' title='bbox 944 577 1074 643; x_wconf 86' lang='lat' dir='ltr'>quod</span> <span class='ocrx_word' id='word_1_56' title='bbox 1097 577 1160 625; x_wconf 86' lang='lat' dir='ltr'>fic</span> <span class='ocrx_word' id='word_1_57' title='bbox 1181 594 1233 626; x_wconf 90' lang='lat' dir='ltr'>ea</span> <span class='ocrx_word' id='word_1_58' title='bbox 1252 575 1591 625; x_wconf 78' lang='lat' dir='ltr'>excusaverint:</span> <span class='ocrx_word' id='word_1_59' title='bbox 1627 577 1677 623; x_wconf 74' lang='grc' dir='ltr'>δε</span> <span class='ocrx_word' id='word_1_60' title='bbox 1708 575 1842 624; x_wconf 88' lang='lat' dir='ltr'>facies</span> <span class='ocrx_word' id='word_1_61' title='bbox 1877 593 2040 624; x_wconf 90' lang='lat' dir='ltr'>eorum</span> <span class='ocrx_word' id='word_1_62' title='bbox 2063 579 2324 638; x_wconf 71' lang='lat' dir='ltr'>retrorsum,</span> <span class='ocrx_word' id='word_1_63' title='bbox 2360 583 2417 630; x_wconf 74' lang='grc' dir='ltr'>ὅτ</span> 
     </span>
     <span class='ocr_line' id='line_1_8' title="bbox 410 641 2430 711; baseline -0.003 -12"><span class='ocrx_word' id='word_1_64' title='bbox 410 650 667 699; x_wconf 77' lang='lat' dir='ltr'>nuditatem</span> <span class='ocrx_word' id='word_1_65' title='bbox 690 649 827 704; x_wconf 79' lang='lat' dir='ltr'>patris</span> <span class='ocrx_word' id='word_1_66' title='bbox 849 645 915 694; x_wconf 89' lang='lat' dir='ltr'>sui</span> <span class='ocrx_word' id='word_1_67' title='bbox 937 662 1030 695; x_wconf 80' lang='lat' dir='ltr'>nan</span> <span class='ocrx_word' id='word_1_68' title='bbox 1046 642 1277 706; x_wconf 80' lang='lat' dir='ltr'>viderunt,</span> <span class='ocrx_word' id='word_1_69' title='bbox 1309 641 1535 707; x_wconf 84' lang='lat' dir='ltr'>fignificat</span> <span class='ocrx_word' id='word_1_70' title='bbox 1556 642 1682 705; x_wconf 89' lang='lat' dir='ltr'>quod</span> <span class='ocrx_word' id='word_1_71' title='bbox 1706 643 1773 693; x_wconf 79' lang='lat' dir='ltr'>ita</span> <span class='ocrx_word' id='word_1_72' title='bbox 1788 641 2071 701; x_wconf 84' lang='lat' dir='ltr'>faciendum,</span> <span class='ocrx_word' id='word_1_73' title='bbox 2102 647 2152 695; x_wconf 88' lang='lat'>&amp;</span> <span class='ocrx_word' id='word_1_74' title='bbox 2174 647 2301 711; x_wconf 87' lang='lat' dir='ltr'>quod</span> <span class='ocrx_word' id='word_1_75' title='bbox 2324 663 2430 697; x_wconf 83' lang='lat' dir='ltr'>non.</span> 
     </span>
     <span class='ocr_line' id='line_1_9' title="bbox 406 707 2026 776; baseline -0.006 -10"><span class='ocrx_word' id='word_1_76' title='bbox 406 715 736 766; x_wconf 81' lang='lat' dir='ltr'>attendendum</span> <span class='ocrx_word' id='word_1_77' title='bbox 756 714 814 763; x_wconf 91' lang='lat' dir='ltr'>ad</span> <span class='ocrx_word' id='word_1_78' title='bbox 835 713 961 770; x_wconf 75' lang='lat' dir='ltr'>talia,</span> <span class='ocrx_word' id='word_1_79' title='bbox 989 726 1098 776; x_wconf 85' lang='lat' dir='ltr'>quae</span> <span class='ocrx_word' id='word_1_80' title='bbox 1132 710 1303 759; x_wconf 81' lang='lat' dir='ltr'>errores</span> <span class='ocrx_word' id='word_1_81' title='bbox 1324 710 1375 758; x_wconf 76' lang='grc' dir='ltr'>ὅτ</span> <span class='ocrx_word' id='word_1_82' title='bbox 1399 708 1546 774; x_wconf 82' lang='lat' dir='ltr'>lapsus</span> <span class='ocrx_word' id='word_1_83' title='bbox 1569 707 1671 757; x_wconf 87' lang='lat' dir='ltr'>sunt</span> <span class='ocrx_word' id='word_1_84' title='bbox 1690 725 1750 756; x_wconf 85' lang='lat' dir='ltr'>ex</span> <span class='ocrx_word' id='word_1_85' title='bbox 1771 711 2026 758; x_wconf 56' lang='lat' dir='ltr'>ratiocinii&amp;</span> 
     </span>
    </p>

    <p class='ocr_par' dir='ltr' id='par_1_5' title="bbox 403 775 2430 2575">
     <span class='ocr_line' id='line_1_10' title="bbox 485 775 2429 846; baseline -0.001 -14"><span class='ocrx_word' id='word_1_86' title='bbox 485 787 572 832; x_wconf 86' lang='lat'>108</span> <span class='ocrx_word' id='word_1_87' title='bbox 581 800 623 846; x_wconf 84' lang='lat'>3.</span> <span class='ocrx_word' id='word_1_88' title='bbox 660 780 809 846; x_wconf 82' lang='lat' dir='ltr'>Qod</span> <span class='ocrx_word' id='word_1_89' title='bbox 843 795 926 844; x_wconf 88' lang='lat' dir='ltr'>per</span> <span class='ocrx_word' id='word_1_90' title='bbox 962 777 1130 826; x_wconf 85' lang='lat' dir='ltr'>Schem</span> <span class='ocrx_word' id='word_1_91' title='bbox 1153 776 1432 841; x_wconf 70' lang='lat' dir='ltr'>significetur</span> <span class='ocrx_word' id='word_1_92' title='bbox 1454 775 1658 825; x_wconf 77' lang='lat' dir='ltr'>Ecclesia</span> <span class='ocrx_word' id='word_1_93' title='bbox 1691 776 1886 832; x_wconf 82' lang='lat' dir='ltr'>interna,</span> <span class='ocrx_word' id='word_1_94' title='bbox 1914 792 1995 839; x_wconf 89' lang='lat' dir='ltr'>per</span> <span class='ocrx_word' id='word_1_95' title='bbox 2018 777 2212 841; x_wconf 75' lang='lat' dir='ltr'>Japheth</span> <span class='ocrx_word' id='word_1_96' title='bbox 2250 781 2292 827; x_wconf 91' lang='lat' dir='ltr'>ei</span> <span class='ocrx_word' id='word_1_97' title='bbox 2315 797 2429 830; x_wconf 86' lang='lat' dir='ltr'>cor--</span> 
     </span>
     <span class='ocr_line' id='line_1_11' title="bbox 411 841 2418 915; baseline -0.001 -17"><span class='ocrx_word' id='word_1_98' title='bbox 411 850 685 915; x_wconf 83' lang='lat' dir='ltr'>respondens</span> <span class='ocrx_word' id='word_1_99' title='bbox 721 859 920 903; x_wconf 86' lang='lat' dir='ltr'>externa,</span> <span class='ocrx_word' id='word_1_100' title='bbox 952 845 1078 910; x_wconf 81' lang='lat' dir='ltr'>prius</span> <span class='ocrx_word' id='word_1_101' title='bbox 1097 842 1281 892; x_wconf 66' lang='lat' dir='ltr'>dietum</span> <span class='ocrx_word' id='word_1_102' title='bbox 1305 841 1399 892; x_wconf 87' lang='lat' dir='ltr'>est:</span> <span class='ocrx_word' id='word_1_103' title='bbox 1435 843 1516 892; x_wconf 85' lang='lat' dir='ltr'>ubi</span> <span class='ocrx_word' id='word_1_104' title='bbox 1539 841 1761 901; x_wconf 85' lang='lat' dir='ltr'>Ecclefia,</span> <span class='ocrx_word' id='word_1_105' title='bbox 1794 842 1859 889; x_wconf 87' lang='lat' dir='ltr'>ibi</span> <span class='ocrx_word' id='word_1_106' title='bbox 1883 843 2121 891; x_wconf 76' lang='lat' dir='ltr'>necessario</span> <span class='ocrx_word' id='word_1_107' title='bbox 2157 847 2243 894; x_wconf 77' lang='lat' dir='ltr'>etit</span> <span class='ocrx_word' id='word_1_108' title='bbox 2281 848 2418 896; x_wconf 89' lang='lat' dir='ltr'>inter-</span> 
     </span>
     <span class='ocr_line' id='line_1_12' title="bbox 410 908 2429 974; baseline -0.002 -9"><span class='ocrx_word' id='word_1_109' title='bbox 410 933 527 965; x_wconf 87' lang='lat' dir='ltr'>num</span> <span class='ocrx_word' id='word_1_110' title='bbox 551 917 599 963; x_wconf 87' lang='lat'>&amp;</span> <span class='ocrx_word' id='word_1_111' title='bbox 624 926 863 963; x_wconf 80' lang='lat' dir='ltr'>externum</span> <span class='ocrx_word' id='word_1_112' title='bbox 883 934 898 969; x_wconf 77' lang='lat'>3</span> <span class='ocrx_word' id='word_1_113' title='bbox 933 910 1078 960; x_wconf 87' lang='lat' dir='ltr'>homo</span> <span class='ocrx_word' id='word_1_114' title='bbox 1121 911 1270 968; x_wconf 85' lang='lat' dir='ltr'>enim,</span> <span class='ocrx_word' id='word_1_115' title='bbox 1296 910 1384 974; x_wconf 40' lang='lat' dir='ltr'>‘qui</span> <span class='ocrx_word' id='word_1_116' title='bbox 1422 909 1487 956; x_wconf 93' lang='lat' dir='ltr'>est</span> <span class='ocrx_word' id='word_1_117' title='bbox 1508 908 1727 966; x_wconf 76' lang='lat' dir='ltr'>Ecclesia,</span> <span class='ocrx_word' id='word_1_118' title='bbox 1760 908 1826 957; x_wconf 86' lang='lat' dir='ltr'>est</span> <span class='ocrx_word' id='word_1_119' title='bbox 1854 910 2057 956; x_wconf 85' lang='lat' dir='ltr'>internus</span> <span class='ocrx_word' id='word_1_120' title='bbox 2092 911 2143 958; x_wconf 84' lang='lat'>&amp;</span> <span class='ocrx_word' id='word_1_121' title='bbox 2163 925 2375 961; x_wconf 71' lang='lat' dir='ltr'>externus</span> <span class='ocrx_word' id='word_1_122' title='bbox 2399 936 2429 969; x_wconf 65' lang='lat'>32.</span> 
     </span>
     <span class='ocr_line' id='line_1_13' title="bbox 410 974 2418 1046; baseline -0.001 -16"><span class='ocrx_word' id='word_1_123' title='bbox 410 995 652 1046; x_wconf 88' lang='lat' dir='ltr'>antequam</span> <span class='ocrx_word' id='word_1_124' title='bbox 674 980 731 1029; x_wconf 88' lang='lat' dir='ltr'>fit</span> <span class='ocrx_word' id='word_1_125' title='bbox 753 978 975 1036; x_wconf 72' lang='lat' dir='ltr'>Ecclesia,</span> <span class='ocrx_word' id='word_1_126' title='bbox 1003 978 1092 1027; x_wconf 87' lang='lat' dir='ltr'>hoc</span> <span class='ocrx_word' id='word_1_127' title='bbox 1141 975 1222 1034; x_wconf 86' lang='lat' dir='ltr'>est,</span> <span class='ocrx_word' id='word_1_128' title='bbox 1257 988 1499 1040; x_wconf 75' lang='lat' dir='ltr'><strong>antequam</strong></span> <span class='ocrx_word' id='word_1_129' title='bbox 1524 988 1810 1038; x_wconf 82' lang='lat' dir='ltr'>regeneratus</span> <span class='ocrx_word' id='word_1_130' title='bbox 1849 974 1929 1032; x_wconf 90' lang='lat' dir='ltr'>est,</span> <span class='ocrx_word' id='word_1_131' title='bbox 1964 976 2011 1023; x_wconf 91' lang='lat' dir='ltr'>in</span> <span class='ocrx_word' id='word_1_132' title='bbox 2034 979 2228 1025; x_wconf 85' lang='lat' dir='ltr'>externis</span> <span class='ocrx_word' id='word_1_133' title='bbox 2251 978 2330 1036; x_wconf 87' lang='lat' dir='ltr'>est,</span> <span class='ocrx_word' id='word_1_134' title='bbox 2367 981 2418 1028; x_wconf 83' lang='lat'>&amp;</span> 
     </span>
     <span class='ocr_line' id='line_1_14' title="bbox 413 1042 2421 1112; baseline -0 -18"><span class='ocrx_word' id='word_1_135' title='bbox 413 1065 523 1099; x_wconf 87' lang='lat' dir='ltr'>cum</span> <span class='ocrx_word' id='word_1_136' title='bbox 571 1059 873 1112; x_wconf 85' lang='lat' dir='ltr'>regeneratur,</span> <span class='ocrx_word' id='word_1_137' title='bbox 909 1042 967 1092; x_wconf 90' lang='lat' dir='ltr'>ab</span> <span class='ocrx_word' id='word_1_138' title='bbox 988 1043 1181 1091; x_wconf 81' lang='lat' dir='ltr'>externis</span> <span class='ocrx_word' id='word_1_139' title='bbox 1226 1043 1324 1090; x_wconf 86' lang='lat' dir='ltr'>imo</span> <span class='ocrx_word' id='word_1_140' title='bbox 1357 1057 1439 1107; x_wconf 85' lang='lat' dir='ltr'>per</span> <span class='ocrx_word' id='word_1_141' title='bbox 1474 1055 1658 1090; x_wconf 86' lang='lat' dir='ltr'>externa</span> <span class='ocrx_word' id='word_1_142' title='bbox 1673 1042 1856 1090; x_wconf 86' lang='lat' dir='ltr'>ducitur</span> <span class='ocrx_word' id='word_1_143' title='bbox 1871 1042 1928 1089; x_wconf 88' lang='lat' dir='ltr'>ad</span> <span class='ocrx_word' id='word_1_144' title='bbox 1946 1044 2142 1101; x_wconf 84' lang='lat' dir='ltr'>interna,¹</span> <span class='ocrx_word' id='word_1_145' title='bbox 2169 1057 2221 1091; x_wconf 89' lang='lat' dir='ltr'>ut</span> <span class='ocrx_word' id='word_1_146' title='bbox 2244 1046 2421 1095; x_wconf 56' lang='lat' dir='ltr'>dierum</span> 
     </span>
     <span class='ocr_line' id='line_1_15' title="bbox 408 1108 2417 1178; baseline -0.001 -15"><span class='ocrx_word' id='word_1_147' title='bbox 408 1117 460 1166; x_wconf 82' lang='lat'>&amp;</span> <span class='ocrx_word' id='word_1_148' title='bbox 491 1113 717 1178; x_wconf 82' lang='lat' dir='ltr'>ostensum</span> <span class='ocrx_word' id='word_1_149' title='bbox 738 1113 804 1161; x_wconf 85' lang='lat' dir='ltr'>est</span> <span class='ocrx_word' id='word_1_150' title='bbox 825 1111 972 1176; x_wconf 78' lang='lat' dir='ltr'>prius,</span> <span class='ocrx_word' id='word_1_151' title='bbox 993 1110 1042 1158; x_wconf 86' lang='lat'>&amp;</span> <span class='ocrx_word' id='word_1_152' title='bbox 1078 1108 1183 1158; x_wconf 84' lang='lat' dir='ltr'>dein</span> <span class='ocrx_word' id='word_1_153' title='bbox 1212 1124 1324 1156; x_wconf 86' lang='lat' dir='ltr'>cum</span> <span class='ocrx_word' id='word_1_154' title='bbox 1365 1121 1648 1174; x_wconf 84' lang='lat' dir='ltr'>regeneratus</span> <span class='ocrx_word' id='word_1_155' title='bbox 1671 1109 1755 1167; x_wconf 84' lang='lat' dir='ltr'>est,</span> <span class='ocrx_word' id='word_1_156' title='bbox 1787 1122 1898 1158; x_wconf 78' lang='lat' dir='ltr'>tunc</span> <span class='ocrx_word' id='word_1_157' title='bbox 1921 1111 2075 1157; x_wconf 85' lang='lat' dir='ltr'>omnia</span> <span class='ocrx_word' id='word_1_158' title='bbox 2095 1127 2203 1174; x_wconf 86' lang='lat' dir='ltr'>quae</span> <span class='ocrx_word' id='word_1_159' title='bbox 2224 1110 2326 1161; x_wconf 87' lang='lat' dir='ltr'>sunt</span> <span class='ocrx_word' id='word_1_160' title='bbox 2350 1115 2417 1161; x_wconf 89' lang='lat' dir='ltr'>in—</span> 
     </span>
     <span class='ocr_line' id='line_1_16' title="bbox 409 1176 2418 1234; baseline -0.002 -2"><span class='ocrx_word' id='word_1_161' title='bbox 409 1184 527 1231; x_wconf 86' lang='lat' dir='ltr'>terni</span> <span class='ocrx_word' id='word_1_162' title='bbox 548 1180 746 1231; x_wconf 80' lang='lat' dir='ltr'>hominis</span> <span class='ocrx_word' id='word_1_163' title='bbox 785 1177 1084 1226; x_wconf 78' lang='lat' dir='ltr'>terminantur</span> <span class='ocrx_word' id='word_1_164' title='bbox 1119 1177 1166 1224; x_wconf 87' lang='lat' dir='ltr'>in</span> <span class='ocrx_word' id='word_1_165' title='bbox 1202 1177 1416 1234; x_wconf 89' lang='lat' dir='ltr'>externis,</span> <span class='ocrx_word' id='word_1_166' title='bbox 1454 1178 1515 1224; x_wconf 89' lang='lat' dir='ltr'>ita</span> <span class='ocrx_word' id='word_1_167' title='bbox 1551 1176 1789 1224; x_wconf 74' lang='lat' dir='ltr'>necessario</span> <span class='ocrx_word' id='word_1_168' title='bbox 1825 1178 1976 1224; x_wconf 88' lang='lat' dir='ltr'>omnis</span> <span class='ocrx_word' id='word_1_169' title='bbox 1999 1177 2202 1233; x_wconf 85' lang='lat' dir='ltr'>Ecclefia</span> <span class='ocrx_word' id='word_1_170' title='bbox 2240 1181 2326 1231; x_wconf 78' lang='lat' dir='ltr'>erit</span> <span class='ocrx_word' id='word_1_171' title='bbox 2350 1181 2418 1227; x_wconf 90' lang='lat' dir='ltr'>in-</span> 
     </span>
     <span class='ocr_line' id='line_1_17' title="bbox 409 1242 2418 1307; baseline -0.001 -10"><span class='ocrx_word' id='word_1_172' title='bbox 409 1262 534 1297; x_wconf 85' lang='lat' dir='ltr'>terna</span> <span class='ocrx_word' id='word_1_173' title='bbox 556 1248 605 1296; x_wconf 83' lang='lat'>&amp;</span> <span class='ocrx_word' id='word_1_174' title='bbox 629 1258 812 1294; x_wconf 84' lang='lat' dir='ltr'>externa</span> <span class='ocrx_word' id='word_1_175' title='bbox 837 1263 850 1294; x_wconf 72' lang='grc' dir='ltr'>ε</span> <span class='ocrx_word' id='word_1_176' title='bbox 885 1243 1000 1292; x_wconf 88' lang='lat' dir='ltr'>ficut</span> <span class='ocrx_word' id='word_1_177' title='bbox 1022 1242 1223 1291; x_wconf 78' lang='lat' dir='ltr'>Ecclesia</span> <span class='ocrx_word' id='word_1_178' title='bbox 1238 1243 1462 1307; x_wconf 86' lang='lat' dir='ltr'>Antiqua,</span> <span class='ocrx_word' id='word_1_179' title='bbox 1497 1243 1548 1291; x_wconf 76' lang='grc' dir='ltr'>ὅτ</span> <span class='ocrx_word' id='word_1_180' title='bbox 1571 1243 1772 1291; x_wconf 81' lang='lat' dir='ltr'>Ecclesia</span> <span class='ocrx_word' id='word_1_181' title='bbox 1796 1242 1931 1291; x_wconf 87' lang='lat' dir='ltr'>hodie</span> <span class='ocrx_word' id='word_1_182' title='bbox 1954 1242 2238 1302; x_wconf 78' lang='lat' dir='ltr'>Christiana3</span> <span class='ocrx_word' id='word_1_183' title='bbox 2274 1247 2418 1297; x_wconf 50' lang='lat' dir='ltr'>Inter*</span> 
     </span>
     <span class='ocr_line' id='line_1_18' title="bbox 407 1308 2418 1376; baseline -0.001 -13"><span class='ocrx_word' id='word_1_184' title='bbox 407 1332 467 1363; x_wconf 84' lang='lat' dir='ltr'>na</span> <span class='ocrx_word' id='word_1_185' title='bbox 488 1312 705 1362; x_wconf 87' lang='lat' dir='ltr'>Ecclefiae</span> <span class='ocrx_word' id='word_1_186' title='bbox 737 1313 962 1376; x_wconf 78' lang='lat' dir='ltr'>Antiquae</span> <span class='ocrx_word' id='word_1_187' title='bbox 994 1308 1179 1373; x_wconf 88' lang='lat' dir='ltr'>fuerunt</span> <span class='ocrx_word' id='word_1_188' title='bbox 1207 1311 1362 1357; x_wconf 90' lang='lat' dir='ltr'>omnia</span> <span class='ocrx_word' id='word_1_189' title='bbox 1396 1325 1504 1373; x_wconf 84' lang='lat' dir='ltr'>quae</span> <span class='ocrx_word' id='word_1_190' title='bbox 1527 1308 1629 1357; x_wconf 92' lang='lat' dir='ltr'>sunt</span> <span class='ocrx_word' id='word_1_191' title='bbox 1651 1309 1876 1358; x_wconf 88' lang='lat' dir='ltr'>charitatis</span> <span class='ocrx_word' id='word_1_192' title='bbox 1906 1311 1956 1358; x_wconf 86' lang='lat'>&amp;</span> <span class='ocrx_word' id='word_1_193' title='bbox 1981 1310 2088 1358; x_wconf 88' lang='lat' dir='ltr'>fidei</span> <span class='ocrx_word' id='word_1_194' title='bbox 2109 1311 2232 1369; x_wconf 86' lang='lat' dir='ltr'>inde,</span> <span class='ocrx_word' id='word_1_195' title='bbox 2267 1315 2418 1363; x_wconf 83' lang='lat' dir='ltr'>omnis</span> 
     </span>
     <span class='ocr_line' id='line_1_19' title="bbox 405 1375 2416 1443; baseline -0.002 -12"><span class='ocrx_word' id='word_1_196' title='bbox 405 1381 679 1435; x_wconf 76' lang='lat' dir='ltr'>humiliatio,</span> <span class='ocrx_word' id='word_1_197' title='bbox 704 1379 854 1427; x_wconf 88' lang='lat' dir='ltr'>omnis</span> <span class='ocrx_word' id='word_1_198' title='bbox 876 1377 1078 1425; x_wconf 86' lang='lat' dir='ltr'>adoratio</span> <span class='ocrx_word' id='word_1_199' title='bbox 1093 1376 1289 1424; x_wconf 85' lang='lat' dir='ltr'>Domini</span> <span class='ocrx_word' id='word_1_200' title='bbox 1305 1391 1362 1424; x_wconf 86' lang='lat' dir='ltr'>ex</span> <span class='ocrx_word' id='word_1_201' title='bbox 1385 1376 1612 1433; x_wconf 82' lang='lat' dir='ltr'>charitate,</span> <span class='ocrx_word' id='word_1_202' title='bbox 1637 1378 1790 1424; x_wconf 86' lang='lat' dir='ltr'>omnis</span> <span class='ocrx_word' id='word_1_203' title='bbox 1802 1375 1981 1424; x_wconf 76' lang='lat' dir='ltr'>affeffio</span> <span class='ocrx_word' id='word_1_204' title='bbox 2005 1377 2124 1425; x_wconf 85' lang='lat' dir='ltr'>bona</span> <span class='ocrx_word' id='word_1_205' title='bbox 2137 1394 2246 1441; x_wconf 86' lang='lat' dir='ltr'>erga</span> <span class='ocrx_word' id='word_1_206' title='bbox 2262 1382 2416 1443; x_wconf 75' lang='lat' dir='ltr'>proxi-</span> 
     </span>
     <span class='ocr_line' id='line_1_20' title="bbox 404 1440 2421 1505; baseline -0.003 -9"><span class='ocrx_word' id='word_1_207' title='bbox 404 1464 558 1505; x_wconf 87' lang='lat' dir='ltr'>mum,</span> <span class='ocrx_word' id='word_1_208' title='bbox 596 1448 644 1495; x_wconf 87' lang='lat'>&amp;</span> <span class='ocrx_word' id='word_1_209' title='bbox 669 1443 835 1494; x_wconf 88' lang='lat' dir='ltr'>fimilia</span> <span class='ocrx_word' id='word_1_210' title='bbox 852 1443 937 1492; x_wconf 89' lang='lat' dir='ltr'>alia</span> <span class='ocrx_word' id='word_1_211' title='bbox 961 1465 976 1500; x_wconf 89' lang='lat'>;</span> <span class='ocrx_word' id='word_1_212' title='bbox 1013 1443 1216 1491; x_wconf 84' lang='lat' dir='ltr'>Externa</span> <span class='ocrx_word' id='word_1_213' title='bbox 1238 1441 1358 1491; x_wconf 80' lang='lat' dir='ltr'>illius</span> <span class='ocrx_word' id='word_1_214' title='bbox 1380 1442 1598 1491; x_wconf 86' lang='lat' dir='ltr'>Ecclefiae</span> <span class='ocrx_word' id='word_1_215' title='bbox 1621 1440 1806 1491; x_wconf 74' lang='lat' dir='ltr'>fiiemnt</span> <span class='ocrx_word' id='word_1_216' title='bbox 1834 1442 2060 1500; x_wconf 86' lang='lat' dir='ltr'>sacrificia,</span> <span class='ocrx_word' id='word_1_217' title='bbox 2095 1443 2327 1504; x_wconf 86' lang='lat' dir='ltr'>libamina,</span> <span class='ocrx_word' id='word_1_218' title='bbox 2362 1448 2421 1496; x_wconf 15' lang='lat'>&amp;⁷</span> 
     </span>
     <span class='ocr_line' id='line_1_21' title="bbox 405 1507 2416 1630; baseline -0 -68"><span class='ocrx_word' id='word_1_219' title='bbox 405 1515 559 1630; x_wconf 60' lang='lat' dir='ltr'>plura,</span> <span class='ocrx_word' id='word_1_220' title='bbox 590 1512 698 1578; x_wconf 74' lang='lat' dir='ltr'>qu&#39;ae</span> <span class='ocrx_word' id='word_1_221' title='bbox 721 1513 878 1561; x_wconf 89' lang='lat' dir='ltr'>omnia</span> <span class='ocrx_word' id='word_1_222' title='bbox 891 1527 974 1576; x_wconf 88' lang='lat' dir='ltr'>per</span> <span class='ocrx_word' id='word_1_223' title='bbox 989 1509 1431 1575; x_wconf 65' lang='lat' dir='ltr'>repraesentationem</span> <span class='ocrx_word' id='word_1_224' title='bbox 1453 1508 1498 1558; x_wconf 89' lang='lat' dir='ltr'>se</span> <span class='ocrx_word' id='word_1_225' title='bbox 1515 1507 1763 1558; x_wconf 84' lang='lat' dir='ltr'>referebant</span> <span class='ocrx_word' id='word_1_226' title='bbox 1782 1510 1839 1558; x_wconf 85' lang='lat' dir='ltr'>ad</span> <span class='ocrx_word' id='word_1_227' title='bbox 1855 1511 2137 1568; x_wconf 85' lang='lat' dir='ltr'>Dominum,</span> <span class='ocrx_word' id='word_1_228' title='bbox 2173 1514 2221 1559; x_wconf 74' lang='grc' dir='ltr'>δι</span> <span class='ocrx_word' id='word_1_229' title='bbox 2248 1512 2416 1577; x_wconf 64' lang='lat' dir='ltr'>speeta-</span> 
     </span>
     <span class='ocr_line' id='line_1_22' title="bbox 405 1576 2415 1709; baseline 0 -12"><span class='ocrx_word' id='word_1_230' title='bbox 405 1577 1590 1708; x_wconf 49' lang='lat' dir='ltr'>oessssz¹1ssffssffei2ss⁰giffissssssssfflffiffiss</span> <span class='ocrx_word' id='word_1_231' title='bbox 1602 1577 2029 1696; x_wconf 52' lang='lat' dir='ltr'>ffiffssffiffl</span> <span class='ocrx_word' id='word_1_232' title='bbox 2051 1576 2303 1709; x_wconf 55' lang='grc' dir='ltr'>ἶῖἰῖζῗὲζ</span> <span class='ocrx_word' id='word_1_233' title='bbox 2338 1580 2415 1697; x_wconf 62' lang='lat'>{25</span> 
     </span>
     <span class='ocr_line' id='line_1_23' title="bbox 405 1709 2423 1775; baseline -0.004 -10"><span class='ocrx_word' id='word_1_234' title='bbox 405 1714 489 1765; x_wconf 83' lang='lat' dir='ltr'>alia</span> <span class='ocrx_word' id='word_1_235' title='bbox 510 1715 693 1773; x_wconf 74' lang='lat' dir='ltr'>‘externa</span> <span class='ocrx_word' id='word_1_236' title='bbox 708 1711 1019 1768; x_wconf 82' lang='lat' dir='ltr'>succefferunt,</span> <span class='ocrx_word' id='word_1_237' title='bbox 1055 1726 1222 1775; x_wconf 84' lang='lat' dir='ltr'>nempe</span> <span class='ocrx_word' id='word_1_238' title='bbox 1261 1709 1366 1757; x_wconf 90' lang='lat' dir='ltr'>loco</span> <span class='ocrx_word' id='word_1_239' title='bbox 1403 1709 1724 1762; x_wconf 86' lang='lat' dir='ltr'>sacrificiorum</span> <span class='ocrx_word' id='word_1_240' title='bbox 1764 1710 1814 1758; x_wconf 71' lang='grc' dir='ltr'>δι</span> <span class='ocrx_word' id='word_1_241' title='bbox 1838 1710 2025 1768; x_wconf 81' lang='lat' dir='ltr'>talium,</span> <span class='ocrx_word' id='word_1_242' title='bbox 2040 1711 2320 1775; x_wconf 87' lang='lat' dir='ltr'>Symbolica,</span> <span class='ocrx_word' id='word_1_243' title='bbox 2354 1730 2423 1763; x_wconf 71' lang='lat' dir='ltr'>ex:</span> 
     </span>
     <span class='ocr_line' id='line_1_24' title="bbox 404 1775 2414 1844; baseline -0.001 -15"><span class='ocrx_word' id='word_1_244' title='bbox 404 1780 570 1844; x_wconf 88' lang='lat' dir='ltr'>quibus</span> <span class='ocrx_word' id='word_1_245' title='bbox 590 1779 794 1828; x_wconf 74' lang='lat' dir='ltr'>similiter</span> <span class='ocrx_word' id='word_1_246' title='bbox 815 1778 1049 1826; x_wconf 84' lang='lat' dir='ltr'>Dominus</span> <span class='ocrx_word' id='word_1_247' title='bbox 1088 1775 1344 1841; x_wconf 60' lang='lat' dir='ltr'>spectatum</span> <span class='ocrx_word' id='word_1_248' title='bbox 1380 1777 1441 1824; x_wconf 88' lang='lat' dir='ltr'>ita</span> <span class='ocrx_word' id='word_1_249' title='bbox 1461 1792 1647 1840; x_wconf 89' lang='lat' dir='ltr'>quoque</span> <span class='ocrx_word' id='word_1_250' title='bbox 1676 1778 1850 1824; x_wconf 85' lang='lat' dir='ltr'>interna</span> <span class='ocrx_word' id='word_1_251' title='bbox 1886 1777 1937 1824; x_wconf 75' lang='grc' dir='ltr'>δε</span> <span class='ocrx_word' id='word_1_252' title='bbox 1958 1789 2143 1832; x_wconf 80' lang='lat' dir='ltr'>externa</span> <span class='ocrx_word' id='word_1_253' title='bbox 2175 1795 2324 1830; x_wconf 82' lang='lat' dir='ltr'>unum</span> <span class='ocrx_word' id='word_1_254' title='bbox 2347 1779 2414 1827; x_wconf 82' lang='lat' dir='ltr'>fa.-</span> 
     </span>
     <span class='ocr_line' id='line_1_25' title="bbox 403 1841 2415 1908; baseline -0.002 -14"><span class='ocrx_word' id='word_1_255' title='bbox 403 1848 534 1895; x_wconf 83' lang='lat' dir='ltr'>eiunt</span> <span class='ocrx_word' id='word_1_256' title='bbox 558 1868 573 1902; x_wconf 76' lang='lat'>3</span> <span class='ocrx_word' id='word_1_257' title='bbox 609 1846 819 1908; x_wconf 89' lang='lat' dir='ltr'>Antiqua</span> <span class='ocrx_word' id='word_1_258' title='bbox 839 1843 1044 1892; x_wconf 74' lang='lat' dir='ltr'>Ecclesia</span> <span class='ocrx_word' id='word_1_259' title='bbox 1081 1858 1138 1891; x_wconf 86' lang='lat' dir='ltr'>ne</span> <span class='ocrx_word' id='word_1_260' title='bbox 1173 1841 1324 1892; x_wconf 82' lang='lat' dir='ltr'>hilum</span> <span class='ocrx_word' id='word_1_261' title='bbox 1345 1841 1578 1891; x_wconf 80' lang='lat' dir='ltr'>differebat</span> <span class='ocrx_word' id='word_1_262' title='bbox 1597 1859 1629 1889; x_wconf 86' lang='lat' dir='ltr'>a</span> <span class='ocrx_word' id='word_1_263' title='bbox 1656 1842 1906 1891; x_wconf 87' lang='lat' dir='ltr'>Christiana</span> <span class='ocrx_word' id='word_1_264' title='bbox 1927 1843 2127 1903; x_wconf 80' lang='lat' dir='ltr'>Ecclefia</span> <span class='ocrx_word' id='word_1_265' title='bbox 2166 1845 2321 1908; x_wconf 77' lang='lat' dir='ltr'>quoad</span> <span class='ocrx_word' id='word_1_266' title='bbox 2345 1847 2415 1897; x_wconf 69' lang='lat' dir='ltr'>in.</span> 
     </span>
     <span class='ocr_line' id='line_1_26' title="bbox 409 1909 2422 1975; baseline -0.001 -14"><span class='ocrx_word' id='word_1_267' title='bbox 409 1925 555 1969; x_wconf 85' lang='lat' dir='ltr'>terna,</span> <span class='ocrx_word' id='word_1_268' title='bbox 590 1910 665 1959; x_wconf 92' lang='lat' dir='ltr'>sed</span> <span class='ocrx_word' id='word_1_269' title='bbox 690 1910 838 1959; x_wconf 90' lang='lat' dir='ltr'>solum</span> <span class='ocrx_word' id='word_1_270' title='bbox 861 1909 1014 1974; x_wconf 89' lang='lat' dir='ltr'>quoad</span> <span class='ocrx_word' id='word_1_271' title='bbox 1037 1921 1218 1957; x_wconf 85' lang='lat' dir='ltr'>externa</span> <span class='ocrx_word' id='word_1_272' title='bbox 1238 1931 1253 1965; x_wconf 88' lang='lat'>;</span> <span class='ocrx_word' id='word_1_273' title='bbox 1289 1909 1439 1957; x_wconf 85' lang='lat' dir='ltr'>cultus</span> <span class='ocrx_word' id='word_1_274' title='bbox 1463 1910 1661 1958; x_wconf 88' lang='lat' dir='ltr'>Domini</span> <span class='ocrx_word' id='word_1_275' title='bbox 1684 1926 1740 1957; x_wconf 90' lang='lat' dir='ltr'>ex</span> <span class='ocrx_word' id='word_1_276' title='bbox 1764 1909 1974 1957; x_wconf 88' lang='lat' dir='ltr'>charitate</span> <span class='ocrx_word' id='word_1_277' title='bbox 1996 1910 2216 1975; x_wconf 85' lang='lat' dir='ltr'>nusquam</span> <span class='ocrx_word' id='word_1_278' title='bbox 2239 1912 2422 1963; x_wconf 65' lang='lat' dir='ltr'>differre</span> 
     </span>
     <span class='ocr_line' id='line_1_27' title="bbox 404 1975 2414 2044; baseline -0.001 -14"><span class='ocrx_word' id='word_1_279' title='bbox 404 1978 573 2044; x_wconf 85' lang='lat' dir='ltr'>potest,</span> <span class='ocrx_word' id='word_1_280' title='bbox 606 1990 840 2042; x_wconf 89' lang='lat' dir='ltr'>utcunque</span> <span class='ocrx_word' id='word_1_281' title='bbox 863 1990 1047 2025; x_wconf 87' lang='lat' dir='ltr'>externa</span> <span class='ocrx_word' id='word_1_282' title='bbox 1068 1977 1326 2024; x_wconf 83' lang='lat' dir='ltr'>variantur:</span> <span class='ocrx_word' id='word_1_283' title='bbox 1361 1976 1412 2024; x_wconf 73' lang='grc' dir='ltr'>δε</span> <span class='ocrx_word' id='word_1_284' title='bbox 1428 1976 1552 2040; x_wconf 85' lang='lat' dir='ltr'>quia,</span> <span class='ocrx_word' id='word_1_285' title='bbox 1585 1975 1861 2035; x_wconf 68' lang='lat' dir='ltr'>urdietum,</span> <span class='ocrx_word' id='word_1_286' title='bbox 1874 1977 2072 2025; x_wconf 68' lang='lat' dir='ltr'>Ecclesia</span> <span class='ocrx_word' id='word_1_287' title='bbox 2093 1994 2188 2026; x_wconf 89' lang='lat' dir='ltr'>non</span> <span class='ocrx_word' id='word_1_288' title='bbox 2211 1979 2308 2027; x_wconf 87' lang='lat' dir='ltr'>dar-i</span> <span class='ocrx_word' id='word_1_289' title='bbox 2330 1997 2414 2043; x_wconf 89' lang='lat' dir='ltr'>po-</span> 
     </span>
     <span class='ocr_line' id='line_1_28' title="bbox 403 2041 2413 2106; baseline 0 -12"><span class='ocrx_word' id='word_1_290' title='bbox 403 2045 506 2103; x_wconf 82' lang='lat' dir='ltr'>test,</span> <span class='ocrx_word' id='word_1_291' title='bbox 541 2043 623 2093; x_wconf 90' lang='lat' dir='ltr'>nifi</span> <span class='ocrx_word' id='word_1_292' title='bbox 653 2044 708 2092; x_wconf 92' lang='lat' dir='ltr'>fit</span> <span class='ocrx_word' id='word_1_293' title='bbox 730 2045 960 2094; x_wconf 88' lang='lat' dir='ltr'>internum</span> <span class='ocrx_word' id='word_1_294' title='bbox 986 2044 1034 2090; x_wconf 77' lang='grc' dir='ltr'>ὅτ</span> <span class='ocrx_word' id='word_1_295' title='bbox 1075 2054 1336 2100; x_wconf 82' lang='lat' dir='ltr'>externum,</span> <span class='ocrx_word' id='word_1_296' title='bbox 1370 2043 1600 2091; x_wconf 88' lang='lat' dir='ltr'>internum</span> <span class='ocrx_word' id='word_1_297' title='bbox 1618 2041 1780 2106; x_wconf 84' lang='lat' dir='ltr'>absque</span> <span class='ocrx_word' id='word_1_298' title='bbox 1796 2055 1987 2091; x_wconf 83' lang='lat' dir='ltr'>externo</span> <span class='ocrx_word' id='word_1_299' title='bbox 2010 2041 2128 2092; x_wconf 86' lang='lat' dir='ltr'>foret</span> <span class='ocrx_word' id='word_1_300' title='bbox 2150 2046 2413 2095; x_wconf 73' lang='lat' dir='ltr'>inter-mina-</span> 
     </span>
     <span class='ocr_line' id='line_1_29' title="bbox 403 2108 2415 2178; baseline 0.001 -17"><span class='ocrx_word' id='word_1_301' title='bbox 403 2125 506 2164; x_wconf 89' lang='lat' dir='ltr'>tum</span> <span class='ocrx_word' id='word_1_302' title='bbox 531 2111 785 2178; x_wconf 88' lang='lat' dir='ltr'>quoddam,</span> <span class='ocrx_word' id='word_1_303' title='bbox 820 2110 902 2158; x_wconf 86' lang='lat' dir='ltr'>nifi</span> <span class='ocrx_word' id='word_1_304' title='bbox 925 2108 1239 2158; x_wconf 75' lang='lat' dir='ltr'>terminaretur</span> <span class='ocrx_word' id='word_1_305' title='bbox 1273 2111 1324 2156; x_wconf 88' lang='lat' dir='ltr'>in</span> <span class='ocrx_word' id='word_1_306' title='bbox 1353 2109 1507 2172; x_wconf 88' lang='lat' dir='ltr'>aliquo</span> <span class='ocrx_word' id='word_1_307' title='bbox 1538 2121 1760 2166; x_wconf 84' lang='lat' dir='ltr'>externo·,</span> <span class='ocrx_word' id='word_1_308' title='bbox 1793 2109 1938 2158; x_wconf 91' lang='lat' dir='ltr'>homo</span> <span class='ocrx_word' id='word_1_309' title='bbox 1960 2112 2085 2158; x_wconf 88' lang='lat' dir='ltr'>enim</span> <span class='ocrx_word' id='word_1_310' title='bbox 2123 2111 2224 2159; x_wconf 86' lang='lat' dir='ltr'>talis</span> <span class='ocrx_word' id='word_1_311' title='bbox 2246 2111 2339 2170; x_wconf 85' lang='lat' dir='ltr'>est,.</span> <span class='ocrx_word' id='word_1_312' title='bbox 2364 2115 2415 2162; x_wconf 74' lang='grc' dir='ltr'>δε</span> 
     </span>
     <span class='ocr_line' id='line_1_30' title="bbox 403 2175 2416 2243; baseline 0 -15"><span class='ocrx_word' id='word_1_313' title='bbox 403 2179 596 2243; x_wconf 87' lang='lat' dir='ltr'>quidem</span> <span class='ocrx_word' id='word_1_314' title='bbox 618 2177 900 2243; x_wconf 82' lang='lat' dir='ltr'>perplurima</span> <span class='ocrx_word' id='word_1_315' title='bbox 910 2192 1036 2241; x_wconf 77' lang='lat' dir='ltr'>parS,</span> <span class='ocrx_word' id='word_1_316' title='bbox 1065 2188 1118 2224; x_wconf 89' lang='lat' dir='ltr'>ut</span> <span class='ocrx_word' id='word_1_317' title='bbox 1139 2175 1304 2224; x_wconf 89' lang='lat' dir='ltr'>nesciat</span> <span class='ocrx_word' id='word_1_318' title='bbox 1324 2176 1441 2240; x_wconf 89' lang='lat' dir='ltr'>quid</span> <span class='ocrx_word' id='word_1_319' title='bbox 1474 2178 1676 2224; x_wconf 83' lang='lat' dir='ltr'>internus</span> <span class='ocrx_word' id='word_1_320' title='bbox 1699 2176 1863 2234; x_wconf 91' lang='lat' dir='ltr'>homo,</span> <span class='ocrx_word' id='word_1_321' title='bbox 1895 2177 1946 2224; x_wconf 74' lang='grc' dir='ltr'>δι</span> <span class='ocrx_word' id='word_1_322' title='bbox 1986 2177 2101 2241; x_wconf 84' lang='lat' dir='ltr'>quid</span> <span class='ocrx_word' id='word_1_323' title='bbox 2135 2179 2300 2229; x_wconf 88' lang='lat' dir='ltr'>interni</span> <span class='ocrx_word' id='word_1_324' title='bbox 2331 2180 2416 2228; x_wconf 73' lang='lat' dir='ltr'>ho«-</span> 
     </span>
     <span class='ocr_line' id='line_1_31' title="bbox 403 2240 2424 2308; baseline 0.002 -15"><span class='ocrx_word' id='word_1_325' title='bbox 403 2247 558 2302; x_wconf 87' lang='lat' dir='ltr'>minis,</span> <span class='ocrx_word' id='word_1_326' title='bbox 593 2260 730 2308; x_wconf 86' lang='lat' dir='ltr'>quare</span> <span class='ocrx_word' id='word_1_327' title='bbox 762 2243 843 2292; x_wconf 75' lang='lat' dir='ltr'>nisi</span> <span class='ocrx_word' id='word_1_328' title='bbox 866 2256 1076 2292; x_wconf 86' lang='lat' dir='ltr'>externus</span> <span class='ocrx_word' id='word_1_329' title='bbox 1099 2242 1250 2291; x_wconf 83' lang='lat' dir='ltr'>cultus</span> <span class='ocrx_word' id='word_1_330' title='bbox 1278 2240 1414 2301; x_wconf 85' lang='lat' dir='ltr'>foret,</span> <span class='ocrx_word' id='word_1_331' title='bbox 1449 2242 1564 2291; x_wconf 83' lang='lat' dir='ltr'>nihil</span> <span class='ocrx_word' id='word_1_332' title='bbox 1594 2243 1843 2307; x_wconf 83' lang='lat' dir='ltr'>quicquam</span> <span class='ocrx_word' id='word_1_333' title='bbox 1867 2242 1998 2292; x_wconf 88' lang='lat' dir='ltr'>sciret</span> <span class='ocrx_word' id='word_1_334' title='bbox 2021 2244 2136 2307; x_wconf 83' lang='lat' dir='ltr'>quid</span> <span class='ocrx_word' id='word_1_335' title='bbox 2173 2244 2375 2294; x_wconf 68' lang='lat' dir='ltr'>sanetum</span> <span class='ocrx_word' id='word_1_336' title='bbox 2396 2269 2424 2303; x_wconf 55' lang='lat'>33</span> 
     </span>
     <span class='ocr_line' id='line_1_32' title="bbox 405 2309 2423 2376; baseline 0.002 -17"><span class='ocrx_word' id='word_1_337' title='bbox 405 2312 454 2359; x_wconf 91' lang='lat' dir='ltr'>hi</span> <span class='ocrx_word' id='word_1_338' title='bbox 477 2311 593 2359; x_wconf 89' lang='lat' dir='ltr'>dum</span> <span class='ocrx_word' id='word_1_339' title='bbox 611 2311 878 2359; x_wconf 76' lang='lat' dir='ltr'>charitatem</span> <span class='ocrx_word' id='word_1_340' title='bbox 900 2309 1064 2358; x_wconf 84' lang='lat' dir='ltr'>habent</span> <span class='ocrx_word' id='word_1_341' title='bbox 1093 2310 1143 2358; x_wconf 73' lang='grc' dir='ltr'>ὅτ</span> <span class='ocrx_word' id='word_1_342' title='bbox 1166 2309 1274 2358; x_wconf 89' lang='lat' dir='ltr'>inde</span> <span class='ocrx_word' id='word_1_343' title='bbox 1298 2309 1633 2367; x_wconf 82' lang='lat' dir='ltr'>conscientiam,</span> <span class='ocrx_word' id='word_1_344' title='bbox 1670 2311 1899 2372; x_wconf 84' lang='lat' dir='ltr'>internum</span> <span class='ocrx_word' id='word_1_345' title='bbox 1923 2310 2104 2358; x_wconf 87' lang='lat' dir='ltr'>cultum</span> <span class='ocrx_word' id='word_1_346' title='bbox 2128 2312 2252 2376; x_wconf 78' lang='lat' dir='ltr'>apud</span> <span class='ocrx_word' id='word_1_347' title='bbox 2275 2312 2317 2368; x_wconf 87' lang='lat' dir='ltr'>se</span> <span class='ocrx_word' id='word_1_348' title='bbox 2339 2314 2423 2363; x_wconf 77' lang='lat' dir='ltr'>ha-</span> 
     </span>
     <span class='ocr_line' id='line_1_33' title="bbox 406 2376 2417 2442; baseline 0 -14"><span class='ocrx_word' id='word_1_349' title='bbox 406 2377 515 2428; x_wconf 79' lang='lat' dir='ltr'>bent</span> <span class='ocrx_word' id='word_1_350' title='bbox 531 2378 578 2425; x_wconf 82' lang='lat' dir='ltr'>in</span> <span class='ocrx_word' id='word_1_351' title='bbox 601 2388 811 2434; x_wconf 74' lang='lat' dir='ltr'>externo,</span> <span class='ocrx_word' id='word_1_352' title='bbox 840 2391 945 2424; x_wconf 87' lang='lat' dir='ltr'>nam</span> <span class='ocrx_word' id='word_1_353' title='bbox 978 2376 1212 2427; x_wconf 88' lang='lat' dir='ltr'>Dominus</span> <span class='ocrx_word' id='word_1_354' title='bbox 1250 2376 1374 2441; x_wconf 85' lang='lat' dir='ltr'>apud</span> <span class='ocrx_word' id='word_1_355' title='bbox 1405 2392 1482 2426; x_wconf 82' lang='lat' dir='ltr'>eos</span> <span class='ocrx_word' id='word_1_356' title='bbox 1505 2389 1717 2442; x_wconf 74' lang='lat' dir='ltr'>opemtur</span> <span class='ocrx_word' id='word_1_357' title='bbox 1749 2378 1797 2425; x_wconf 84' lang='lat' dir='ltr'>in</span> <span class='ocrx_word' id='word_1_358' title='bbox 1820 2377 2050 2434; x_wconf 88' lang='lat' dir='ltr'>charitate,</span> <span class='ocrx_word' id='word_1_359' title='bbox 2087 2379 2136 2425; x_wconf 85' lang='lat'>&amp;</span> <span class='ocrx_word' id='word_1_360' title='bbox 2174 2380 2222 2432; x_wconf 86' lang='lat' dir='ltr'>in</span> <span class='ocrx_word' id='word_1_361' title='bbox 2246 2380 2417 2431; x_wconf 89' lang='lat' dir='ltr'>consci-</span> 
     </span>
     <span class='ocr_line' id='line_1_34' title="bbox 406 2440 2430 2510; baseline 0.002 -19"><span class='ocrx_word' id='word_1_362' title='bbox 406 2445 543 2500; x_wconf 90' lang='lat' dir='ltr'>entia,</span> <span class='ocrx_word' id='word_1_363' title='bbox 578 2443 628 2491; x_wconf 88' lang='lat'>&amp;</span> <span class='ocrx_word' id='word_1_364' title='bbox 652 2440 760 2491; x_wconf 82' lang='lat' dir='ltr'>facit</span> <span class='ocrx_word' id='word_1_365' title='bbox 795 2454 848 2490; x_wconf 91' lang='lat' dir='ltr'>ut</span> <span class='ocrx_word' id='word_1_366' title='bbox 884 2443 1035 2490; x_wconf 84' lang='lat' dir='ltr'>omnis</span> <span class='ocrx_word' id='word_1_367' title='bbox 1065 2459 1227 2493; x_wconf 77' lang='lat' dir='ltr'>eorum</span> <span class='ocrx_word' id='word_1_368' title='bbox 1266 2443 1420 2493; x_wconf 85' lang='lat' dir='ltr'>cultus</span> <span class='ocrx_word' id='word_1_369' title='bbox 1455 2445 1693 2508; x_wconf 83' lang='lat' dir='ltr'>participet</span> <span class='ocrx_word' id='word_1_370' title='bbox 1725 2443 1783 2491; x_wconf 82' lang='lat' dir='ltr'>ab</span> <span class='ocrx_word' id='word_1_371' title='bbox 1817 2444 1994 2492; x_wconf 87' lang='lat' dir='ltr'>interno</span> <span class='ocrx_word' id='word_1_372' title='bbox 2012 2463 2035 2495; x_wconf 73' lang='grc' dir='ltr'>ε·</span> <span class='ocrx_word' id='word_1_373' title='bbox 2061 2444 2189 2499; x_wconf 86' lang='lat' dir='ltr'>aliter</span> <span class='ocrx_word' id='word_1_374' title='bbox 2218 2448 2301 2510; x_wconf 87' lang='lat' dir='ltr'>qui</span> <span class='ocrx_word' id='word_1_375' title='bbox 2324 2463 2430 2495; x_wconf 67' lang='lat' dir='ltr'>non:</span> 
     </span>
     <span class='ocr_line' id='line_1_35' title="bbox 408 2507 2430 2575; baseline 0.002 -16"><span class='ocrx_word' id='word_1_376' title='bbox 408 2511 674 2559; x_wconf 86' lang='lat' dir='ltr'>charitatem</span> <span class='ocrx_word' id='word_1_377' title='bbox 697 2509 747 2557; x_wconf 76' lang='grc' dir='ltr'>δι</span> <span class='ocrx_word' id='word_1_378' title='bbox 764 2508 869 2558; x_wconf 89' lang='lat' dir='ltr'>inde</span> <span class='ocrx_word' id='word_1_379' title='bbox 893 2507 1211 2558; x_wconf 78' lang='lat' dir='ltr'>conscientiam</span> <span class='ocrx_word' id='word_1_380' title='bbox 1227 2509 1412 2568; x_wconf 78' lang='lat' dir='ltr'>habent,</span> <span class='ocrx_word' id='word_1_381' title='bbox 1443 2510 1490 2557; x_wconf 85' lang='lat' dir='ltr'>hi</span> <span class='ocrx_word' id='word_1_382' title='bbox 1523 2510 1702 2559; x_wconf 88' lang='lat' dir='ltr'>cultum</span> <span class='ocrx_word' id='word_1_383' title='bbox 1726 2513 1774 2558; x_wconf 89' lang='lat' dir='ltr'>in</span> <span class='ocrx_word' id='word_1_384' title='bbox 1798 2512 1991 2567; x_wconf 79' lang='lat' dir='ltr'>externis</span> <span class='ocrx_word' id='word_1_385' title='bbox 2030 2510 2213 2575; x_wconf 81' lang='lat' dir='ltr'>poffunt</span> <span class='ocrx_word' id='word_1_386' title='bbox 2237 2513 2430 2571; x_wconf 63' lang='lat' dir='ltr'>habrere„</span> 
     </span>
    </p>
   </div>
   <div class='ocr_carea' id='block_1_5' title="bbox 349 2565 2418 2641">
    <p class='ocr_par' dir='ltr' id='par_1_6' title="bbox 349 2565 2418 2641">
     <span class='ocr_line' id='line_1_36' title="bbox 349 2565 2418 2641; baseline 0.001 -17"><span class='ocrx_word' id='word_1_387' title='bbox 349 2579 359 2583; x_wconf 85' lang='grc'><em>”</em></span> <span class='ocrx_word' id='word_1_388' title='bbox 406 2576 482 2627; x_wconf 88' lang='lat' dir='ltr'>sed</span> <span class='ocrx_word' id='word_1_389' title='bbox 498 2575 747 2641; x_wconf 81' lang='lat' dir='ltr'>separatum</span> <span class='ocrx_word' id='word_1_390' title='bbox 765 2574 821 2622; x_wconf 91' lang='lat' dir='ltr'>ab</span> <span class='ocrx_word' id='word_1_391' title='bbox 845 2576 1045 2632; x_wconf 78' lang='lat' dir='ltr'>interne,</span> <span class='ocrx_word' id='word_1_392' title='bbox 1074 2574 1191 2623; x_wconf 84' lang='lat' dir='ltr'>ficut</span> <span class='ocrx_word' id='word_1_393' title='bbox 1212 2575 1355 2624; x_wconf 89' lang='lat' dir='ltr'>fidem</span> <span class='ocrx_word' id='word_1_394' title='bbox 1390 2575 1633 2640; x_wconf 74' lang='lat' dir='ltr'>separatam</span> <span class='ocrx_word' id='word_1_395' title='bbox 1658 2592 1683 2623; x_wconf 92' lang='lat' dir='ltr'>a</span> <span class='ocrx_word' id='word_1_396' title='bbox 1706 2577 1932 2632; x_wconf 87' lang='lat' dir='ltr'>charitate,</span> <span class='ocrx_word' id='word_1_397' title='bbox 1967 2565 2070 2625; x_wconf 81' lang='lat' dir='ltr'>talis</span> <span class='ocrx_word' id='word_1_398' title='bbox 2100 2577 2250 2626; x_wconf 80' lang='lat' dir='ltr'>cultus</span> <span class='ocrx_word' id='word_1_399' title='bbox 2282 2596 2418 2628; x_wconf 73' lang='lat' dir='ltr'>voca—</span> 
     </span>
    </p>
   </div>
   <div class='ocr_carea' id='block_1_6' title="bbox 402 2640 2434 3364">
    <p class='ocr_par' dir='ltr' id='par_1_7' title="bbox 404 2640 2434 2710">
     <span class='ocr_line' id='line_1_37' title="bbox 404 2640 2434 2710; baseline 0.001 -18"><span class='ocrx_word' id='word_1_400' title='bbox 404 2656 481 2693; x_wconf 86' lang='lat' dir='ltr'>tur</span> <span class='ocrx_word' id='word_1_401' title='bbox 493 2644 696 2699; x_wconf 60' lang='lat' dir='ltr'>Canaan,</span> <span class='ocrx_word' id='word_1_402' title='bbox 733 2642 780 2689; x_wconf 88' lang='lat'>&amp;</span> <span class='ocrx_word' id='word_1_403' title='bbox 807 2640 905 2690; x_wconf 87' lang='lat' dir='ltr'>talis</span> <span class='ocrx_word' id='word_1_404' title='bbox 936 2640 1053 2689; x_wconf 88' lang='lat' dir='ltr'>fides</span> <span class='ocrx_word' id='word_1_405' title='bbox 1080 2652 1271 2692; x_wconf 83' lang='lat' dir='ltr'>vocatur</span> <span class='ocrx_word' id='word_1_406' title='bbox 1300 2641 1452 2689; x_wconf 86' lang='lat' dir='ltr'>Cham</span> <span class='ocrx_word' id='word_1_407' title='bbox 1469 2663 1489 2699; x_wconf 85' lang='lat'>·‚</span> <span class='ocrx_word' id='word_1_408' title='bbox 1520 2643 1570 2706; x_wconf 62' lang='grc' dir='ltr'>ὃς</span> <span class='ocrx_word' id='word_1_409' title='bbox 1594 2643 1702 2705; x_wconf 87' lang='lat' dir='ltr'>quia</span> <span class='ocrx_word' id='word_1_410' title='bbox 1728 2658 1787 2690; x_wconf 82' lang='lat' dir='ltr'>ex</span> <span class='ocrx_word' id='word_1_411' title='bbox 1801 2642 1894 2691; x_wconf 83' lang='lat' dir='ltr'>fide</span> <span class='ocrx_word' id='word_1_412' title='bbox 1916 2642 2114 2710; x_wconf 85' lang='lat' dir='ltr'>separata</span> <span class='ocrx_word' id='word_1_413' title='bbox 2135 2644 2237 2693; x_wconf 82' lang='lat' dir='ltr'>talis</span> <span class='ocrx_word' id='word_1_414' title='bbox 2269 2646 2434 2696; x_wconf 62' lang='lat' dir='ltr'>cultus.</span> 
     </span>
    </p>

    <p class='ocr_par' dir='ltr' id='par_1_8' title="bbox 405 2707 2428 2962">
     <span class='ocr_line' id='line_1_38' title="bbox 405 2707 2330 2771; baseline -0.005 -11"><span class='ocrx_word' id='word_1_415' title='bbox 405 2709 569 2767; x_wconf 81' lang='lat' dir='ltr'>existit,</span> <span class='ocrx_word' id='word_1_416' title='bbox 605 2708 756 2758; x_wconf 87' lang='lat' dir='ltr'>Cham</span> <span class='ocrx_word' id='word_1_417' title='bbox 772 2720 962 2757; x_wconf 82' lang='lat' dir='ltr'>vocatur</span> <span class='ocrx_word' id='word_1_418' title='bbox 974 2719 1100 2771; x_wconf 86' lang='lat' dir='ltr'>pater</span> <span class='ocrx_word' id='word_1_419' title='bbox 1115 2707 1348 2756; x_wconf 68' lang='lat' dir='ltr'>CanaaniS.</span> <span class='ocrx_word' id='word_1_420' title='bbox 2328 2756 2330 2759; x_wconf 17' lang='lat' dir='ltr'>v</span> 
     </span>
     <span class='ocr_line' id='line_1_39' title="bbox 480 2771 2428 2844; baseline -0.001 -19"><span class='ocrx_word' id='word_1_421' title='bbox 480 2780 629 2841; x_wconf 53' lang='lat'>1084„</span> <span class='ocrx_word' id='word_1_422' title='bbox 657 2774 803 2838; x_wconf 76' lang='lat' dir='ltr'>Quod</span> <span class='ocrx_word' id='word_1_423' title='bbox 843 2775 1102 2839; x_wconf 87' lang='lat' dir='ltr'>acceperint</span> <span class='ocrx_word' id='word_1_424' title='bbox 1138 2773 1327 2833; x_wconf 85' lang='lat' dir='ltr'>vestem,</span> <span class='ocrx_word' id='word_1_425' title='bbox 1379 2771 1606 2836; x_wconf 82' lang='lat' dir='ltr'>fignificet</span> <span class='ocrx_word' id='word_1_426' title='bbox 1642 2774 1773 2838; x_wconf 85' lang='lat' dir='ltr'>quod</span> <span class='ocrx_word' id='word_1_427' title='bbox 1810 2776 1857 2822; x_wconf 87' lang='lat' dir='ltr'>in</span> <span class='ocrx_word' id='word_1_428' title='bbox 1907 2775 2084 2824; x_wconf 72' lang='lat' dir='ltr'>benum</span> <span class='ocrx_word' id='word_1_429' title='bbox 2135 2777 2428 2844; x_wconf 59' lang='lat' dir='ltr'>interpretati-2</span> 
     </span>
     <span class='ocr_line' id='line_1_40' title="bbox 406 2839 2425 2962; baseline 0.002 -72"><span class='ocrx_word' id='word_1_430' title='bbox 406 2842 507 2899; x_wconf 76' lang='lat' dir='ltr'>sint,</span> <span class='ocrx_word' id='word_1_431' title='bbox 544 2840 719 2891; x_wconf 85' lang='lat' dir='ltr'>constat</span> <span class='ocrx_word' id='word_1_432' title='bbox 740 2858 795 2890; x_wconf 83' lang='lat' dir='ltr'>ex</span> <span class='ocrx_word' id='word_1_433' title='bbox 808 2841 895 2890; x_wconf 88' lang='lat' dir='ltr'>illis</span> <span class='ocrx_word' id='word_1_434' title='bbox 918 2856 1025 2905; x_wconf 84' lang='lat' dir='ltr'>quae</span> <span class='ocrx_word' id='word_1_435' title='bbox 1042 2840 1168 2904; x_wconf 86' lang='lat' dir='ltr'>prius</span> <span class='ocrx_word' id='word_1_436' title='bbox 1191 2841 1311 2888; x_wconf 64' lang='lat' dir='ltr'>dieta</span> <span class='ocrx_word' id='word_1_437' title='bbox 1327 2839 1430 2889; x_wconf 87' lang='lat' dir='ltr'>sunt</span> <span class='ocrx_word' id='word_1_438' title='bbox 1448 2862 1465 2896; x_wconf 84' lang='lat'>·‚</span> <span class='ocrx_word' id='word_1_439' title='bbox 1499 2840 1699 2954; x_wconf 49' lang='lat' dir='ltr'>acciiipere</span> <span class='ocrx_word' id='word_1_440' title='bbox 1716 2840 1958 2958; x_wconf 70' lang='lat' dir='ltr'>vestem&amp;&amp;</span> <span class='ocrx_word' id='word_1_441' title='bbox 1976 2854 2126 2956; x_wconf 43' lang='lat' dir='ltr'>Rtlcffiere</span> <span class='ocrx_word' id='word_1_442' title='bbox 2161 2844 2425 2962; x_wconf 56' lang='lat' dir='ltr'>Fuditgtem</span> 
     </span>
     <span class='ocr_line' id='line_1_41' title="bbox 1605 2919 2427 2961; baseline 0.007 -6"><span class='ocrx_word' id='word_1_443' title='bbox 1605 2923 1691 2956; x_wconf 84' lang='lat' dir='ltr'>coo</span> <span class='ocrx_word' id='word_1_444' title='bbox 1725 2919 1847 2957; x_wconf 83' lang='lat' dir='ltr'>ertus</span> <span class='ocrx_word' id='word_1_445' title='bbox 1942 2925 1976 2956; x_wconf 91' lang='lat' dir='ltr'>n</span> <span class='ocrx_word' id='word_1_446' title='bbox 2041 2921 2130 2957; x_wconf 80' lang='lat' dir='ltr'>itas-</span> <span class='ocrx_word' id='word_1_447' title='bbox 2179 2927 2193 2959; x_wconf 77' lang='grc' dir='ltr'><strong>ι</strong></span> <span class='ocrx_word' id='word_1_448' title='bbox 2231 2927 2276 2959; x_wconf 79' lang='lat' dir='ltr'>ni</span> <span class='ocrx_word' id='word_1_449' title='bbox 2314 2926 2427 2961; x_wconf 58' lang='lat' dir='ltr'>cant</span> 
     </span>
    </p>

    <p class='ocr_par' dir='ltr' id='par_1_9' title="bbox 405 2924 2230 3037">
     <span class='ocr_line' id='line_1_42' title="bbox 405 2924 2230 3037; baseline -0.001 -13"><span class='ocrx_word' id='word_1_450' title='bbox 405 2989 576 3025; x_wconf 86' lang='lat' dir='ltr'>errores</span> <span class='ocrx_word' id='word_1_451' title='bbox 606 2975 655 3023; x_wconf 82' lang='lat'>&amp;</span> <span class='ocrx_word' id='word_1_452' title='bbox 681 2974 898 3037; x_wconf 86' lang='lat' dir='ltr'>perversa.</span> <span class='ocrx_word' id='word_1_453' title='bbox 1692 2924 1724 2972; x_wconf 70' lang='lat' dir='ltr'>p</span> <span class='ocrx_word' id='word_1_454' title='bbox 2195 2926 2230 2973; x_wconf 77' lang='lat' dir='ltr'>g</span> 
     </span>
    </p>

    <p class='ocr_par' dir='ltr' id='par_1_10' title="bbox 402 3039 2426 3364">
     <span class='ocr_line' id='line_1_43' title="bbox 481 3039 2425 3107; baseline 0 -19"><span class='ocrx_word' id='word_1_455' title='bbox 481 3044 624 3102; x_wconf 87' lang='lat'>1085.</span> <span class='ocrx_word' id='word_1_456' title='bbox 659 3039 807 3103; x_wconf 81' lang='lat' dir='ltr'>Qod</span> <span class='ocrx_word' id='word_1_457' title='bbox 824 3039 1070 3104; x_wconf 86' lang='lat' dir='ltr'>posuerunt</span> <span class='ocrx_word' id='word_1_458' title='bbox 1085 3039 1216 3107; x_wconf 85' lang='lat' dir='ltr'>super</span> <span class='ocrx_word' id='word_1_459' title='bbox 1238 3041 1448 3098; x_wconf 84' lang='lat' dir='ltr'>humero,</span> <span class='ocrx_word' id='word_1_460' title='bbox 1484 3039 1707 3105; x_wconf 82' lang='lat' dir='ltr'>fignificet</span> <span class='ocrx_word' id='word_1_461' title='bbox 1725 3041 1856 3105; x_wconf 89' lang='lat' dir='ltr'>quod</span> <span class='ocrx_word' id='word_1_462' title='bbox 1888 3040 2006 3090; x_wconf 87' lang='lat' dir='ltr'>illud</span> <span class='ocrx_word' id='word_1_463' title='bbox 2029 3045 2159 3091; x_wconf 84' lang='lat' dir='ltr'>omni</span> <span class='ocrx_word' id='word_1_464' title='bbox 2198 3045 2425 3107; x_wconf 67' lang='lat' dir='ltr'>potentia,</span> 
     </span>
     <span class='ocr_line' id='line_1_44' title="bbox 407 3103 2424 3173; baseline -0.001 -15"><span class='ocrx_word' id='word_1_465' title='bbox 407 3121 572 3169; x_wconf 85' lang='lat' dir='ltr'>nempe</span> <span class='ocrx_word' id='word_1_466' title='bbox 594 3106 642 3154; x_wconf 85' lang='lat' dir='ltr'>in</span> <span class='ocrx_word' id='word_1_467' title='bbox 665 3103 840 3157; x_wconf 84' lang='lat' dir='ltr'>bonurn</span> <span class='ocrx_word' id='word_1_468' title='bbox 879 3108 1154 3171; x_wconf 88' lang='lat' dir='ltr'>interpretati</span> <span class='ocrx_word' id='word_1_469' title='bbox 1176 3108 1228 3161; x_wconf 86' lang='lat'>&amp;</span> <span class='ocrx_word' id='word_1_470' title='bbox 1266 3106 1589 3166; x_wconf 83' lang='lat' dir='ltr'>excusaverint,</span> <span class='ocrx_word' id='word_1_471' title='bbox 1625 3106 1796 3160; x_wconf 82' lang='lat' dir='ltr'>constat</span> <span class='ocrx_word' id='word_1_472' title='bbox 1818 3125 1846 3157; x_wconf 87' lang='lat' dir='ltr'>a</span> <span class='ocrx_word' id='word_1_473' title='bbox 1867 3108 2191 3173; x_wconf 73' lang='lat' dir='ltr'>significatione</span> <span class='ocrx_word' id='word_1_474' title='bbox 2220 3110 2424 3166; x_wconf 84' lang='lat' dir='ltr'>humeri,</span> 
     </span>
     <span class='ocr_line' id='line_1_45' title="bbox 403 3171 2420 3240; baseline -0.001 -17"><span class='ocrx_word' id='word_1_475' title='bbox 403 3173 532 3240; x_wconf 88' lang='lat' dir='ltr'>quod</span> <span class='ocrx_word' id='word_1_476' title='bbox 555 3171 609 3222; x_wconf 88' lang='lat' dir='ltr'>fit</span> <span class='ocrx_word' id='word_1_477' title='bbox 631 3171 781 3220; x_wconf 81' lang='lat' dir='ltr'>omnis</span> <span class='ocrx_word' id='word_1_478' title='bbox 876 3174 1044 3226; x_wconf 85' lang='lat' dir='ltr'>tentia;</span> <span class='ocrx_word' id='word_1_479' title='bbox 1093 3189 1253 3222; x_wconf 85' lang='lat' dir='ltr'>manus</span> <span class='ocrx_word' id='word_1_480' title='bbox 1277 3175 1325 3220; x_wconf 88' lang='lat' dir='ltr'>in</span> <span class='ocrx_word' id='word_1_481' title='bbox 1358 3173 1527 3223; x_wconf 78' lang='lat' dir='ltr'>Verbo.</span> <span class='ocrx_word' id='word_1_482' title='bbox 1554 3174 1777 3238; x_wconf 82' lang='lat' dir='ltr'>fignificat</span> <span class='ocrx_word' id='word_1_483' title='bbox 1806 3177 2076 3239; x_wconf 86' lang='lat' dir='ltr'>potentiam,</span> <span class='ocrx_word' id='word_1_484' title='bbox 2123 3176 2251 3238; x_wconf 87' lang='lat' dir='ltr'>quod</span> <span class='ocrx_word' id='word_1_485' title='bbox 2288 3178 2420 3238; x_wconf 78' lang='lat' dir='ltr'>prius</span> 
     </span>
     <span class='ocr_line' id='line_1_46' title="bbox 402 3237 2412 3308; baseline -0.002 -15"><span class='ocrx_word' id='word_1_486' title='bbox 402 3238 663 3294; x_wconf 70' lang='lat' dir='ltr'>ostensum3</span> <span class='ocrx_word' id='word_1_487' title='bbox 700 3237 803 3285; x_wconf 82' lang='lat' dir='ltr'>brac</span> <span class='ocrx_word' id='word_1_488' title='bbox 838 3238 946 3287; x_wconf 75' lang='lat' dir='ltr'>&#39;urn-</span> <span class='ocrx_word' id='word_1_489' title='bbox 957 3241 1218 3301; x_wconf 70' lang='lat' dir='ltr'>potentiam</span> <span class='ocrx_word' id='word_1_490' title='bbox 1229 3239 1377 3290; x_wconf 84' lang='lat' dir='ltr'>adhuc</span> <span class='ocrx_word' id='word_1_491' title='bbox 1401 3238 1624 3308; x_wconf 76' lang='lat' dir='ltr'>majorem</span> <span class='ocrx_word' id='word_1_492' title='bbox 1637 3263 1661 3299; x_wconf 68' lang='lat'>3⁴</span> <span class='ocrx_word' id='word_1_493' title='bbox 1689 3241 1910 3307; x_wconf 79' lang='lat' dir='ltr'>¹humerus·</span> <span class='ocrx_word' id='word_1_494' title='bbox 1937 3253 2089 3290; x_wconf 88' lang='lat' dir='ltr'>autem</span> <span class='ocrx_word' id='word_1_495' title='bbox 2118 3257 2303 3289; x_wconf 86' lang='lat' dir='ltr'>omnem</span> <span class='ocrx_word' id='word_1_496' title='bbox 2328 3257 2412 3307; x_wconf 54' lang='lat' dir='ltr'>pof-</span> 
     </span>
     <span class='ocr_line' id='line_1_47' title="bbox 2205 3318 2426 3364; baseline 0.009 -13"><span class='ocrx_word' id='word_1_497' title='bbox 2205 3318 2426 3364; x_wconf 33' lang='lat' dir='ltr'>tentiam,</span> 
     </span>
    </p>
   </div>
  </div>
 </body>
</html>
