2788 3736
365 244 495 329 350
683 223 687 226 ’
844 221 1810 302 aewestan

356 382 391 405 ‘⁴
427 378 574 425 ubivis
598 391 679 439 pro
703 372 914 431 Ecclesia,
928 387 1034 437 quae
1051 383 1211 430 creata,
1235 371 1441 429 formata,
1467 369 1613 429 faistai
1647 373 1771 436 apud
1789 373 1984 435 joelem,
1999 379 2033 403 “
2050 375 2224 426 Coram
2256 376 2362 443 Ipso

359 448 395 471 “
422 455 662 492 commota
677 440 741 488 est
758 439 913 496 Terra,
945 451 1320 487 contremuerunt
1343 438 1467 487 Coeli
1492 461 1508 496 3
1542 437 1606 487 sol
1628 439 1679 487 &
1702 439 1811 487 luna
1826 441 1954 488 atrati
1978 439 2129 500 sunt”,
2159 459 2174 490 1
2189 461 2203 490 1
2229 462 2240 491 z
2283 463 2358 496 io.

359 525 444 572 pro
462 507 670 564 Ecclesia,
695 507 744 554 &
768 521 854 570 pro
876 504 962 552 illis
977 521 1084 570 quae
1104 505 1205 554 sunt
1220 504 1435 555 Ecclesiae
1460 526 1476 561 ς
1512 521 1619 569 quae
1641 521 1751 553 cum
1781 504 2028 564 vastantur,
2060 508 2233 558 dicitur
2255 526 2363 574 coe2

360 576 457 622 lum
481 575 530 621 ὅτ
555 586 671 621 terra
688 573 988 629 commoveri,
1021 571 1084 620 sol
1107 573 1157 620 δε
1182 572 1288 620 luna
1302 569 1566 635 nigrescere,
1600 571 1688 619 hoc
1711 570 1791 628 est,
1824 586 1956 619 amor
1975 573 2027 620 &
2041 572 2169 623 sides.
2209 577 2358 641 Apud

358 642 620 701 Jeremiam,
659 644 693 667 ‘⁶
728 639 840 686 Vidi
856 639 901 687 T
895 654 1052 696 erram,
1088 654 1193 686 cum
1228 654 1331 686 ecce
1353 653 1552 685 vacuum
1583 638 1633 685 δι
1658 639 1806 695 inane,
1842 638 1890 686 &
1915 638 1973 685 ad
1996 638 2159 698 coelos,
2193 640 2243 689 &
2264 659 2358 692 non

360 707 439 754 lux
464 706 699 762 illorum,”
740 721 821 753 iv:
861 720 936 768 23.
972 703 1208 753 manifeste
1230 704 1304 752 hic
1347 716 1466 752 terra
1508 720 1594 768 pro
1615 703 1815 761 homine,
1851 704 1899 751 in
1935 720 2031 768 quo
2060 721 2155 756 non
2188 707 2362 772 aliquid

361 772 591 820 Ecclesiae.
629 771 777 836 Apud
801 771 1036 828 Eundem,
1077 776 1112 799 “
1145 770 1354 820 Desolata
1388 773 1476 820 erit
1494 778 1590 819 tota
1609 772 1654 820 T
1649 786 1764 827 erra,
1783 771 1833 818 &
1857 770 2244 821 consumationem
2269 786 2360 823 non

362 834 398 866 ‘⁴'
433 838 611 896 faciam,
648 841 832 902 propter
854 836 941 885 hoc
963 837 1139 901 lugebit
1162 838 1206 885 T
1201 853 1317 895 erra,
1349 837 1403 885 δε
1435 839 1565 885 atrati
1586 848 1718 886 erunt
1748 836 1907 893 coeli,”
1947 838 2030 886 iv‘:
2070 854 2150 904 27,
2187 844 2267 896 28,
2301 840 2358 894 si-,

363 905 532 952 militer
569 921 654 967 pro
669 903 882 961 Ecclesia,
917 901 1046 968 cujus
1094 905 1313 952 exteriora
1334 902 1436 951 sunt
1459 916 1591 961 terra,
1621 904 1674 952 &
1701 903 1909 952 interiora
1930 903 2056 962 coeli,
2092 904 2150 953 de
2195 905 2360 969 quibus

358 971 649 1034 praedicatur,
685 969 815 1034 quod
859 971 989 1017 ati-ati
1022 970 1124 1027 fint,
1162 971 1212 1017 ὅτ
1259 969 1347 1017 illis
1369 970 1492 1018 nulla
1536 970 1633 1028 lux,
1669 985 1779 1018 cum
1813 985 1908 1017 non
1931 969 2126 1035 amplius
2149 969 2361 1035 sapientia

361 1037 469 1084 boni
493 1038 542 1084 δε
566 1031 861 1100 intelligentia
881 1037 979 1084 veri
999 1058 1014 1091 ;
1050 1050 1162 1085 tunc
1185 1052 1370 1100 quoque
1384 1048 1498 1084 terra
1518 1035 1582 1083 est
1600 1051 1743 1083 vacua
1763 1036 1814 1084 ὅτ
1836 1036 1978 1083 inanis
2005 1058 2020 1092 ;
2052 1037 2256 1086 similiter
2274 1038 2360 1087 lio-

363 1119 444 1151 mo
476 1103 692 1156 Ecclesiae
731 1104 812 1166 qui
834 1101 952 1150 foret
975 1102 1202 1151 Ecclesia:
1233 1101 1365 1166 quod
1388 1117 1469 1166 per
1501 1111 1636 1150 totam
1659 1111 1819 1149 terram
1851 1102 1986 1149 etiam
2007 1102 2115 1152 alibi
2137 1104 2359 1169 intelliga-

361 1182 437 1216 tur
460 1167 609 1216 solum
625 1168 841 1225 Ecclesia,
876 1167 999 1231 apud
1020 1168 1277 1226 Danielem,
1314 1173 1350 1196 “
1384 1167 1528 1216 Bestia
1542 1180 1718 1232 quarta,
1752 1183 1947 1231 regnum
1971 1181 2185 1231 quartum
2203 1173 2289 1219 erit
2311 1173 2360 1220 in

362 1240 399 1263 “
434 1235 588 1291 Terra,
624 1234 751 1298 quod
785 1232 1016 1281 diversum
1055 1235 1140 1281 erit
1162 1234 1218 1281 ab
1250 1232 1464 1281 omnibus
1486 1235 1653 1297 regniS,
1686 1234 1737 1281 ὅτ.
1767 1233 1978 1282 comedet
1998 1244 2134 1284 totam
2157 1237 2356 1294 Terram,

361 1305 397 1328 “
432 1302 482 1349 δε
507 1299 788 1348 conculcabit
821 1298 962 1357 illam,
998 1299 1048 1347 &
1073 1311 1273 1348 conteret
1299 1298 1474 1356 illam”,
1509 1315 1586 1347 vii
1609 1317 1621 1348 z
1662 1314 1687 1346 2
1695 1316 1739 1361 3.
1767 1311 1862 1346 tota
1898 1311 2014 1347 terra
2035 1317 2120 1365 pro
2141 1302 2356 1362 Ecclesia,

359 1367 412 1416 &
435 1382 519 1431 pro
543 1366 628 1413 illis
644 1382 751 1430 quae
770 1363 872 1413 sunt
893 1365 1106 1413 Ecclesiae
1134 1388 1150 1422 ·,
1185 1382 1290 1414 nam
1314 1366 1361 1413 in
1384 1364 1540 1415 Verbo
1563 1381 1655 1414 non
1677 1366 1827 1429 agitur
1849 1364 1906 1413 de
1928 1365 2225 1416 Potestatibus
2255 1385 2357 1418 mo-

364 1432 598 1490 narchicis,
633 1432 761 1497 quod
776 1431 1120 1497 prophanorum
1144 1431 1414 1496 scriptorum
1438 1431 1519 1489 est,
1553 1431 1627 1480 sed
1652 1431 1709 1480 de
1727 1430 1883 1479 sanctis
1914 1432 2039 1480 &de
2065 1432 2247 1482 statibus
2263 1435 2356 1483 Ec-

362 1498 522 1556 clesiae‚
557 1501 636 1563 qui
658 1514 738 1564 per
759 1499 924 1562 Regna
945 1510 1075 1546 terrae
1097 1498 1419 1562 significantur.
1454 1498 1604 1563 Apud
1626 1498 1889 1560 Jeremiam,
1906 1503 1942 1525 “
1965 1498 2170 1547 Procella
2192 1510 2360 1564 magna

364 1570 399 1592 “
434 1564 711 1613 suscitabitur
733 1581 758 1611 a
783 1564 987 1612 lateribus
1021 1565 1182 1621 Terrae‚
1218 1566 1268 1612 δε
1291 1577 1424 1614 erunt
1446 1563 1633 1612 confoffi
1672 1562 1864 1626 Jehovae
1903 1565 1950 1611 in
1974 1564 2048 1613 die
2075 1565 2170 1623 illo,
2205 1584 2234 1614 a
2267 1567 2360 1626 fine

365 1635 402 1659 “
435 1632 581 1679 Terrae
616 1633 740 1695 usque
762 1630 821 1678 ad
838 1630 969 1690 finem
1001 1631 1194 1687 Terrae'’,
1214 1646 1341 1678 xxv:
1379 1646 1459 1693 32,
1496 1647 1522 1693 3
1534 1647 1574 1692 3.
1593 1629 1655 1676 ibi
1679 1645 1707 1676 a
1727 1630 1818 1677 fine
1840 1631 2050 1678 terrae’ad
2064 1632 2206 1680 finem
2228 1645 2360 1682 terrae

363 1713 448 1761 pro
458 1697 671 1754 Ecclesia,
691 1697 740 1744 &
757 1711 842 1760 pro
858 1696 985 1743 omni
1001 1696 1128 1759 quod
1145 1695 1373 1743 Ecclefiae.
1392 1696 1542 1759 Apud
1559 1693 1753 1753 Esaiam,
1781 1700 1816 1723 “
1841 1695 2046 1757 Quiescit
2061 1698 2111 1745 ὅτ
2124 1699 2275 1761 quieta
2294 1699 2360 1747 est

363 1768 399 1791 “
433 1773 525 1812 tota
539 1763 583 1811 T
577 1779 691 1819 erra,
718 1760 1009 1810 insonuerunt
1019 1760 1217 1825 jubilo”,
1242 1777 1342 1809 xiv.
1366 1777 1408 1826 7.
1428 1762 1489 1809 ibi
1507 1773 1601 1810 tota
1613 1773 1728 1809 terra
1745 1777 1829 1825 pro
1845 1761 2056 1810 Ecclesia.
2082 1765 2359 1827 ApudEze·

363 1833 400 1856 “
435 1828 643 1886 chielem,
660 1829 786 1876 Sicut
802 1827 979 1876 laetatur
993 1838 1087 1881 tota
1103 1828 1288 1885 Terra”,
1306 1843 1463 1876 xxxv:
1506 1845 1579 1888 14.
1597 1826 1677 1875 ubi
1695 1830 1830 1876 etiam
1848 1840 1941 1876 tota
1956 1840 2075 1879 terra
2095 1845 2182 1894 pro
2198 1830 2360 1880 Eccle-

363 1894 435 1943 fia.
468 1895 616 1959 Apud
625 1894 854 1952 Esaiam'',
871 1899 906 1922 ‘⁶
923 1895 1082 1956 Juravi
1098 1910 1191 1942 non
1200 1894 1449 1942 transituras
1462 1909 1597 1958 aquas
1604 1894 1987 1958 Noachiamplius
1995 1893 2125 1959 super
2133 1895 2361 1956 Terram”‚

369 1977 474 2008 Liv.
502 1980 546 2026 9.
583 1961 663 2008 ubi
686 1973 799 2008 terra
830 1976 915 2024 pro
946 1960 1161 2018 Ecclesia,
1197 1977 1303 2008 nam
1343 1960 1406 2008 ibi
1440 1962 1590 2024 agitur
1612 1961 1669 2008 de
1702 1960 1915 2008 Ecclesia.
1983 1961 2147 2021 Terra,
2182 1964 2291 2026 quia
2313 1964 2360 2010 in

367 2027 524 2074 Verbo
561 2027 781 2089 significat
803 2026 1067 2083 Ecclesiam,
1102 2028 1237 2074 etiam
1261 2026 1483 2090 fignificat
1515 2028 1608 2075 no'n
1631 2026 1897 2083 Ecclesiam,
1933 2043 2040 2074 nam
2072 2027 2237 2091 cuique
2276 2029 2354 2076 tali

367 2094 472 2140 voci
489 2092 591 2140 sunt
615 2091 764 2151 sensus,
781 2093 990 2139 contrarii
1014 2091 1087 2139 seu
1110 2092 1321 2156 oppositi,
1356 2093 1470 2140 sicut
1501 2105 1632 2140 terrae
1655 2091 1842 2140 diversae
1866 2092 2094 2154 gentium,
2128 2094 2174 2140 in
2195 2109 2360 2157 genere

366 2175 526 2206 omnes
547 2171 676 2206 terrae
694 2170 817 2205 extra
838 2171 1001 2206 terram
1025 2159 1279 2206 Canaanem
1299 2178 1310 2207 z
1347 2158 1451 2206 ideo
1474 2174 1657 2222 quoque
1679 2171 1796 2206 terra
1816 2158 2038 2221 accipitur
2058 2174 2144 2222 pro
2165 2160 2358 2224 populo,

366 2226 417 2272 δε
441 2241 526 2288 pro
540 2224 722 2272 homine
745 2238 869 2272 extra
886 2224 1150 2282 Ecclesiam,
1185 2224 1290 2272 inde
1312 2240 1398 2288 pro
1421 2224 1606 2271 homine
1625 2236 1827 2280 externo,
1863 2239 1949 2287 pro
1981 2221 2075 2288 ejus
2109 2226 2357 2284 voluntate,

366 2306 452 2353 pro
474 2289 567 2353 ejus
592 2291 794 2354 proprie,
829 2291 879 2338 δε
903 2290 963 2338 fic
979 2307 1116 2354 porro
1142 2312 1157 2347 3
1192 2306 1291 2338 raro
1307 2292 1353 2338 in
1368 2289 1523 2337 Verbo
1539 2306 1624 2354 pro
1645 2289 1851 2337 universo
1874 2302 2092 2337 terrarum
2117 2290 2242 2348 orbe,
2278 2293 2359 2340 nisi

368 2356 645 2419 significetur
668 2369 778 2404 tunc
795 2355 1055 2404 universum
1071 2372 1215 2421 genus
1231 2356 1483 2404 humanum
1506 2356 1658 2419 quoad
1675 2355 1840 2403 statum
1865 2371 2023 2403 eorum
2047 2356 2263 2405 Ecclefiae
2286 2358 2360 2405 vel

368 2438 461 2469 non
485 2422 714 2470 Ecclesiae.
785 2423 847 2470 Et
869 2422 975 2485 quia
1005 2434 1120 2469 terra
1142 2422 1205 2470 est
1238 2424 1470 2479 continens
1508 2422 1657 2478 humi,
1692 2438 1797 2485 quae
1821 2422 1956 2469 etiam
1979 2422 2043 2470 est
2060 2422 2273 2482 Ecclesia,
2309 2425 2361 2473 ὅτ

371 2488 540 2536 humus
556 2489 788 2536 continens
812 2491 925 2552 agri,
962 2488 1066 2536 ideo
1088 2488 1151 2536 est
1184 2504 1278 2536 vox
1291 2488 1562 2552 significans,
1597 2490 1702 2551 quia
1718 2488 1929 2545 involvit,
1965 2488 2113 2552 plura,
2150 2489 2221 2537 sed
2246 2491 2358 2554 quid

369 2554 606 2617 fignificat,
642 2566 763 2618 patet
801 2571 827 2601 a
864 2570 927 2611 re,
962 2567 1015 2602 ut
1038 2571 1062 2602 a
1085 2554 1163 2602 suo
1187 2552 1402 2618 subjeeto,
1438 2555 1494 2602 de
1525 2570 1616 2617 qua
1638 2556 1804 2618 agitur,
1840 2554 1888 2603 &
1906 2555 2192 2618 praedicatur.
2261 2557 2360 2604 Ex-

370 2620 476 2668 inde
492 2637 614 2668 nunc
630 2619 826 2668 constare
843 2619 1004 2683 potest,
1039 2621 1164 2683 quod
1182 2620 1255 2669 hic
1279 2637 1360 2684 per
1389 2632 1535 2668 totam
1557 2632 1739 2678 terram,
1775 2635 1880 2683 quae
1913 2636 1938 2666 a
1962 2620 2066 2669 filiis
2088 2621 2266 2668 Noachi
2290 2621 2359 2667 di-

371 2686 526 2749 spersa,
565 2703 655 2734 non
684 2687 961 2750 significetur
977 2686 1209 2734 universus
1232 2699 1449 2734 terrarum
1481 2686 1620 2743 orbis,
1655 2686 1728 2734 seu
1750 2684 2011 2732 universum
2034 2702 2176 2749 genus
2200 2686 2359 2734 huma-

372 2767 503 2808 num,
540 2753 611 2799 sed
636 2769 792 2800 omnes
806 2753 1025 2800 doctrinae
1048 2765 1141 2800 tam
1165 2768 1285 2800 verae
1315 2768 1453 2816 quam
1477 2751 1614 2809 falsae,
1649 2767 1756 2815 quae
1778 2750 2079 2799 Ecclefiarum
2101 2749 2302 2800 fuerunt.

446 2836 461 2866 i
473 2820 583 2881 067.
614 2818 734 2865 Vers
746 2833 757 2863 :
795 2836 871 2868 20.
888 2820 952 2867 Et
968 2821 1089 2879 caepit
1100 2819 1257 2868 Noach
1272 2822 1348 2866 vir
1363 2819 1496 2875 humi,
1514 2817 1803 2879 &plantavit
1818 2818 2000 2863 vineam.
2030 2815 2181 2879 Caepit
2196 2819 2362 2867 Noach

373 2882 445 2929 vir
467 2883 611 2938 humi,
636 2884 855 2946 significat
885 2886 930 2931 in
946 2900 1106 2947 genere
1132 2885 1367 2932 hominem
1389 2899 1446 2931 ex
1477 2881 1795 2930 doctrinalibus
1810 2880 1931 2935 ,fidei
1961 2880 2258 2932 instructum:
2308 2886 2360 2934 δι’

373 2948 589 3012 plantavit
609 2951 803 3004 vineam,
837 2949 1058 3013 significat
1079 2950 1183 2996 inde
1198 2949 1444 2996 Ecclesiam
1462 2970 1476 3003 3
1512 2948 1642 2994 vinea
1657 2946 1720 2993 est
1742 2946 1941 2993 Ecclesia
1954 2945 2203 3010 spiritualis,

448 3015 584 3063 1068.
621 3015 773 3077 Caepit
795 3013 956 3061 Noach
980 3018 1051 3060 vir
1075 3016 1221 3071 humi,
1236 3014 1363 3077 quod
1385 3012 1604 3076 significet
1628 3013 1673 3058 in
1690 3028 1853 3075 genere
1870 3012 2102 3060 hominem
2121 3031 2176 3062 ex
2193 3015 2361 3063 doctri-

375 3079 547 3127 nalibus
573 3079 677 3126 fidei
700 3079 982 3135 instructum,
1019 3079 1189 3126 constat
1223 3095 1279 3126 ex
1302 3078 1624 3142 significatione
1648 3078 1795 3134 humi,
1830 3078 1887 3125 de
1909 3094 2001 3142 qua
2023 3081 2145 3142 prius
2170 3098 2222 3128 n:
2248 3083 2358 3131 268.

376 3146 488 3208 566,
524 3145 649 3208 quod
671 3161 833 3207 nempe
856 3145 909 3191 fit
932 3144 1074 3191 homo
1097 3144 1325 3201 Ecclesiae,
1362 3143 1435 3191 seu
1474 3143 1600 3207 quod
1623 3144 1749 3190 idem
1781 3143 1861 3201 est,
1896 3145 2111 3203 Ecclesia,
2147 3160 2198 3194 ut
2236 3149 2358 3195 enim

375 3213 428 3260 sit
452 3211 665 3269 Ecclesia,
701 3211 846 3261 homo
868 3209 1000 3259 debet
1021 3210 1103 3260 effe
1126 3209 1354 3259 Ecclesia:
1387 3210 1579 3259 Humus
1614 3209 1780 3258 dicitur
1803 3210 2002 3267 Ecclesia
2026 3227 2088 3260 ex
2125 3229 2196 3271 eo,
2232 3212 2358 3276 quod

2285 3294 2358 3331 ,re-
