2788 3736
881 258 1311 330 CAPUT
1404 243 1914 324 NoNuM‘
2299 266 2450 347 3347,

435 390 620 457 junfflo
642 389 765 448 inde,
801 401 913 438 tunc
951 388 1152 453 sequitur
1186 385 1438 446 manifeste,
1472 388 1601 453 quod
1623 387 1856 436 Dominus
1877 386 2074 452 praesens
2094 387 2180 437 fit:
2206 387 2321 452 -ipsa
2342 393 2466 453 praef
2547 415 2549 417 ·

443 458 587 507 sentia
602 458 796 506 Domini
830 456 894 504 est
923 456 1113 520 quidem
1134 455 1259 520 apud
1279 470 1473 504 omnem
1509 454 1763 512 hominem,
1797 452 1873 502 sed
1911 453 1976 502 est
1997 456 2190 519 propior
2225 455 2278 504 δε
2308 461 2465 503 remo·-

442 526 550 588 tior,
604 522 786 588 prorsus
831 522 1080 570 secundum
1109 579 1120 586 ἡ
1136 521 1304 586 gradus
1354 520 1414 582 ad
1447 535 1670 578 amorem,
1745 521 1801 568 &
1854 519 2111 569 distantiam
2172 519 2232 577 ab
2285 521 2456 572 amore·

441 592 569 656 Qia
613 589 769 639 foedus
813 588 879 637 est
913 586 1176 653 conjunfflo
1212 586 1406 636 Domini
1451 579 1562 635 cum
1606 586 1792 635 homine
1835 602 1924 650 per,
1954 603 2176 648 amorem,
2223 585 2299 635 seu
2332 587 2469 652 quod-

439 657 567 704 idem
588 657 669 714 est,
704 655 770 704 est
798 655 1031 720 praesentia
1054 654 1249 703 Domini
1278 653 1402 718 apud
1423 653 1662 709 hominem
1701 653 1747 700 in
1777 668 1932 701 amore
1964 655 2016 701 δε
2046 653 2273 711 charitate,
2310 652 2459 718 ipsum

438 718 598 772 foedus
622 722 876 787 appellatur
898 723 946 769 in
971 718 1124 768 Verbo
1151 717 1307 771 foedus
1338 719 1481 784 pacis,
1518 735 1624 766 nam
1654 719 1751 766 Pax
1786 717 2009 781 fignificat
2047 722 2268 784 Regnum
2290 722 2460 769 Domi·

439 791 507 847 ni,
541 790 593 838 ὅτ
622 791 845 854 Regnum
867 786 1060 836 Domini
1099 784 1296 834 confistit
1322 787 1382 833 -in
1420 801 1574 834 amore
1612 796 1794 841 mutuo,
1830 785 1877 831 in
1907 801 2004 848 quo
2042 786 2137 834 solo
2157 786 2222 834 est
2243 788 2371 835 Pax:
2407 798 2462 835 ut

679 857 687 866 .
822 859 856 882 “
1588 852 1598 862 .
2102 855 2110 863 .
2182 855 2190 864 .
2297 855 2306 864 .

436 855 847 972 '3?¹{d1{¹3‡1²2m130n
873 854 1071 975 {2325}
1095 850 2460 981 {⁰2⁶5}ss{fassssuffiefflssssebffissssegmiffffss'ssff‘iffiif

438 993 478 1016 “
512 998 583 1036 tor
604 999 710 1036 tuus
718 985 977 1050 Jehovah‚'’
1021 983 1113 1032 Es:
1140 1000 1255 1033 mv:
1288 1001 1360 1034 ιο.
1397 983 1477 1031 ubi
1501 982 1832 1045 Misericordia,
1864 999 1975 1047 quae
1998 982 2063 1031 est
2085 985 2266 1040 amoris,
2291 984 2458 1032 dicitur

444 1052 598 1103 foedus
621 1057 775 1118 pacis:
811 1052 935 1117 apud
963 1048 1275 1107 Ezechielem,
1325 1054 1359 1076 “
1390 1048 1624 1098 Suscitabo
1658 1048 1790 1113 super
1826 1048 1927 1096 illos
1942 1048 2173 1098 Pastorem
2197 1066 2362 1106 unum,
2409 1051 2459 1098 δε

439 1125 479 1148 “
513 1119 661 1186 pascet
683 1119 801 1176 illos,
836 1116 1016 1165 servum
1041 1116 1212 1163 Meum
1234 1114 1503 1172 Davidem;
1539 1116 1638 1164 Hic
1677 1115 1828 1180 pascet
1850 1131 1944 1173 eOS,
1978 1116 2028 1164 &
2052 1116 2152 1164 Hic
2186 1117 2270 1164 erit
2302 1116 2389 1164 illis
2411 1118 2460 1164 in

440 1191 481 1215 “
514 1185 756 1251 pastorem,
791 1185 844 1232 δι’
865 1182 1076 1231 excidam
1100 1180 1187 1230 illis
1201 1181 1350 1230 Foedus
1366 1182 1541 1244 pacis,'‘
1576 1195 1757 1229 xxxiv:
1781 1199 1861 1245 23,
1902 1198 1978 1245 25.
2015 1181 2096 1230 ubi
2124 1198 2207 1247 per
2227 1183 2459 1231 Davidem

439 1249 674 1304 manifeste
698 1250 970 1314 intelligitur
988 1249 1254 1304 Dominus;
1290 1248 1432 1314 Ipfius
1449 1246 1699 1313 ¹praesentia
1720 1248 1843 1312 apud
1875 1248 2114 1296 hominem
2145 1261 2460 1313 regeneratum

441 1317 705 1366 describitur
737 1333 834 1382 per,
863 1314 990 1380 quod
1013 1312 1161 1380 pascet
1181 1330 1288 1363 eos:
1330 1314 1452 1379 apud
1475 1314 1711 1372 Eundem,
1749 1320 1783 1342 “
1817 1315 1983 1362 Servus
2008 1331 2138 1363 meus
2155 1315 2330 1373 David,
2355 1317 2460 1363 Rex

437 1389 477 1413 “
511 1383 642 1448 super
665 1383 781 1439 illos,
809 1383 866 1449 x&
889 1380 1048 1430 Pastor
1083 1397 1202 1428 unus
1234 1381 1319 1429 erit
1356 1379 1571 1429 omnibus
1595 1381 1680 1429 illis
1701 1403 1715 1438 ;
1750 1381 1800 1429 δε
1815 1393 2007 1444 pangam
2039 1381 2127 1429 illis
2147 1381 2298 1430 Faedus
2311 1384 2455 1444 pacis,

439 1444 479 1479 ‘³
512 1448 662 1500 Faedus
682 1442 940 1509 aeterm‘tatis
961 1450 1047 1496 erit
1067 1463 1176 1496 cum
1196 1446 1299 1504 illis,
1317 1446 1368 1496 &
1384 1447 1506 1495 dabo
1522 1446 1640 1505 illos,
1676 1449 1726 1495 δε
1752 1446 2045 1511 multiplicari
2065 1446 2228 1496 faciam
2251 1448 2369 1504 illos,
2403 1449 2465 1498 &⁴

436 1522 476 1545 “
511 1533 681 1582 ponam
713 1516 1027 1564 Sanfiuarium
1070 1529 1228 1562 meum
1259 1515 1306 1561 in
1348 1513 1502 1561 medio
1540 1514 1725 1562 illorum
1755 1515 1802 1561 in
1822 1526 2085 1573 1aeternum3
2122 1516 2172 1561 δε
2197 1530 2276 1562 ero
2299 1514 2385 1562 illis
2408 1511 2479 1561 inl

434 1588 475 1611 ‘⁴
508 1585 685 1641 Deum,
719 1583 770 1631 δι
794 1581 860 1630 illi
882 1593 1016 1629 erunt
1037 1581 1164 1629 Mihi
1187 1581 1234 1628 in
1256 1579 1537 1645 populum,”
1576 1596 1751 1628 xxxvn
1775 1599 1788 1630 :
1815 1597 1896 1641 24,
1925 1581 2006 1638 26,
2035 1596 2111 1645 27·
2148 1579 2229 1628 ubi
2252 1580 2463 1628 similiter·

439 1651 671 1710 Dominus
694 1646 774 1713 per
795 1648 1028 1713 Davidem
1052 1647 1321 1710 intelligitur
1343 1669 1358 1702 3
1390 1663 1521 1709 amor
1557 1663 1639 1710 per
1661 1645 1958 1694 sanctuarium
1995 1648 2043 1694 in
2074 1648 2230 1699 medio
2253 1647 2455 1702 illorum,

434 1715 669 1781 praesentia
690 1717 741 1764 &
763 1712 1024 1778 conjunctio
1044 1714 1240 1760 Domini
1264 1714 1312 1759 in
1334 1729 1505 1769 amore,
1542 1729 1623 1776 per
1643 1713 1772 1776 quod
1792 1715 1877 1760 erit
1899 1713 1987 1760 illis
2023 1714 2072 1760 in
2095 1715 2269 1770 Deum,
2305 1714 2354 1760 δε
2390 1712 2458 1760 illi

437 1795 570 1845 erunt
593 1781 680 1848 Ipfi
727 1782 773 1828 in
812 1779 1058 1844 populum,
1094 1777 1202 1842 quae
1236 1778 1489 1842 appellatur
1523 1777 1680 1826 foedus
1717 1779 1856 1842 pacis,
1891 1778 1943 1826 &c
1982 1776 2137 1826 foedus
2164 1780 2425 1827 aeternitatis
2442 1797 2458 1825 :-

437 1844 565 1912 apud
583 1846 876 1903 Malachiam,
913 1849 948 1872 “
982 1843 1279 1908 cognoscetis
1298 1844 1426 1908 quod
1450 1843 1647 1893 miserim
1672 1844 1730 1892 ad
1758 1860 1842 1902 vos
1874 1857 2159 1908 praeceptum
2184 1845 2289 1902 hoc,
2323 1857 2377 1892 ut
2399 1845 2455 1892 sit

434 1919 476 1941 “‘
509 1914 659 1963 Faedus
682 1930 814 1961 meum
841 1911 951 1960 cum
971 1911 1109 1966 Levi,
1132 1909 1248 1958 dixit
1268 1909 1476 1972 Jehovah
1498 1910 1722 1968 Zebaoth,
1757 1910 1908 1959 Faedus
1930 1927 2063 1959 meum
2098 1907 2187 1959 fuit
2209 1925 2319 1959 cum
2352 1911 2450 1968 illo,

439 1985 478 2010 ‘⁸
514 1983 710 2028 vitarum
734 1980 790 2029 ἔθ’
804 1980 946 2040 pacis,
981 1977 1032 2025 δε
1055 1976 1163 2024 dedi
1185 1975 1260 2043 illa
1286 1976 1351 2024 illi
1374 1979 1556 2034 timore,
1590 1978 1640 2024 δε
1678 1976 1860 2024 timebit
1882 1977 2021 2034 Me,”
2066 1994 2137 2026 11:
2163 1995 2214 2038 4,
2252 1995 2295 2041 5.
2332 1978 2463 2030 Levi¹

436 2047 484 2093 in
508 2046 719 2110 supremo
742 2043 864 2092 sensu
903 2043 966 2092 est
988 2043 1237 2100 Dominus,
1271 2043 1322 2091 δε
1350 2043 1456 2091 inde
1486 2042 1631 2091 homo
1675 2044 1751 2091 cui
1789 2058 1920 2090 amor
1964 2044 2014 2091 &
2062 2043 2267 2101 charitas,
2316 2059 2456 2107 quare

435 2108 591 2160 foedus
614 2115 813 2159 vitarum
837 2111 888 2159 δε
921 2111 1043 2174 pacis
1084 2124 1193 2157 cum
1216 2108 1338 2158 Levi
1375 2109 1442 2157 est‘
1472 2111 1520 2160 in
1549 2124 1703 2156 amore
1726 2110 1776 2157 δε
1797 2108 2027 2156 charitate.
2096 2109 2244 2174 Apud
2270 2109 2455 2168 Mosen,

436 2179 517 2227 ubi
540 2179 596 2226 de
620 2175 856 2234 Pinchaso,
886 2181 929 2225 .“
952 2175 1077 2224 Ecce
1091 2175 1199 2239 Ego
1221 2175 1333 2224 dans
1356 2175 1422 2223 illi
1434 2175 1583 2225 Faedus
1599 2179 1751 2224 Meum
1766 2176 1915 2232 Pacis,
1951 2176 2000 2223 &
2023 2176 2108 2224 erit
2130 2176 2196 2224 illi
2218 2177 2268 2224 δι
2292 2175 2464 2224 semini.

434 2244 555 2293 illius
580 2244 679 2308 post
703 2243 835 2292 illum
859 2242 1008 2292 Faedus
1031 2241 1265 2306 stzcerdotii
1293 2243 1495 2300 aeterni,”
1539 2242 1702 2289 Num:
1726 2257 1854 2289 xxv:
1886 2259 1960 2299 12,
2015 2259 2087 2307 13.
2125 2242 2204 2290 ubi
2239 2259 2320 2306 per
2341 2244 2451 2291 Pin-

432 2310 617 2358 chasum
643 2325 735 2358 non
759 2309 1028 2373 intelligitur
1048 2307 1308 2366 Pinchasus,
1344 2305 1418 2355 sed
1442 2307 1739 2371 sacerdotium
1777 2308 1907 2372 quod
1930 2324 2012 2372 per
2033 2324 2141 2356 eum
2166 2308 2452 2372 repraesenta·

437 2376 584 2437 batur,
619 2375 748 2439 quod
771 2375 992 2439 fignificat
1013 2389 1216 2423 amorem
1246 2375 1296 2423 &
1319 2391 1427 2439 quae
1466 2377 1633 2423 amoris
1669 2373 1787 2431 sunt,
1823 2374 1938 2422 licut
1973 2391 2113 2423 omne
2152 2373 2451 2424 sacerdotium

436 2440 569 2496 istius
583 2441 798 2489 Ecclefiae
819 2462 836 2496 ς
870 2438 1058 2504 quisque
1080 2441 1211 2489 novit
1233 2441 1362 2505 quod
1381 2440 1605 2489 Pinchaso
1642 2457 1736 2489 non
1758 2438 1848 2488 fuit
1870 2439 2169 2490 sacerdotium
2193 2454 2417 2489 aeternum
2439 2461 2449 2488 :

435 2507 557 2573 apud
581 2507 815 2563 Eundem,
865 2512 899 2533 “
933 2507 963 2568 J
966 2507 1142 2554 ehovah
1182 2507 1310 2554 Deus
1348 2519 1471 2564 tuus,
1524 2506 1622 2572 Ipse
1645 2508 1790 2564 Deus,
1825 2508 1953 2555 Deus
1991 2507 2155 2565 fidelis,
2196 2507 2451 2556 custodiens

436 2580 471 2602 “
504 2573 656 2622 Faedus
688 2574 737 2621 ὅτ
760 2571 1104 2635 Msericordiam
1142 2573 1385 2620 amantibus
1422 2573 1581 2637 Ipsum,
1634 2574 1686 2622 δε
1732 2572 2088 2621 custodientibus
2124 2587 2353 2638 praecepta
2375 2575 2460 2637 Ipe

438 2647 472 2676 ‘-‘
508 2639 612 2696 fius,
651 2639 904 2686 millefimae
926 2638 1255 2704 generationi,'’
1293 2638 1450 2687 Deut:
1476 2655 1587 2688 v11:
1613 2658 1662 2698 9,
1697 2657 1767 2688 ¹2.
1806 2638 1886 2686 ubi
1902 2638 2150 2696 manifeste,
2184 2640 2310 2703 quod
2329 2655 2450 2703 prae-

434 2707 571 2762 sentia
590 2706 784 2754 Domini
815 2704 937 2768 apud
958 2703 1194 2751 hominem
1233 2704 1280 2750 in
1318 2710 1474 2751 amore
1510 2704 1565 2751 fit
1603 2703 1776 2761 foedus,
1815 2711 1919 2751 nam
1944 2705 2113 2752 dicitur
2147 2705 2275 2768 quod
2315 2706 2369 2752 s1t
2402 2722 2449 2753 a-

434 2771 660 2820 mantibus
682 2771 856 2836 Ipsum,
891 2771 941 2818 &
982 2768 1338 2817 custodientibus
1381 2782 1623 2833 praecepta.
1694 2771 1823 2832 Quia
1859 2771 2036 2818 Foedus
2070 2770 2135 2818 est
2184 2769 2448 2834 conjunctio

428 2839 624 2886 Domini
647 2854 757 2886 cum
781 2837 967 2885 homine
989 2852 1071 2900 per
1093 2851 1312 2890 amorem,
1349 2834 1547 2899 sequitur
1583 2835 1711 2899 quod
1751 2838 1935 2899 quoque
1974 2835 2027 2884 fit
2057 2852 2140 2900 per
2160 2841 2318 2885 omnia
2339 2855 2447 2902 quae

431 2903 533 2952 sunt
555 2905 734 2962 amoris,
772 2919 879 2969 quae
902 2902 1003 2950 sunt
1025 2918 1131 2949 vera
1153 2900 1278 2958 fidei,
1313 2902 1363 2949 δε
1389 2901 1673 2965 appellantur
1702 2902 1968 2965 Praecepta·,
2004 2905 2160 2950 omnia
2179 2905 2302 2951 enim
2325 2921 2446 2969 prae-

432 2982 576 3033 cepta‚
615 2971 712 3017 imo
733 2971 837 3017 Lex
860 2970 909 3016 δε
933 2968 1194 3034 Prophetae,
1229 2967 1477 3015 fundantur
1516 2969 1562 3015 in
1596 2969 1728 3015 unica
1751 2967 1898 3032 Lege,
1934 2981 1987 3016 ut
2008 2982 2160 3017 ament
2182 2970 2444 3018 Dominum

430 3036 562 3098 supra
584 3036 761 3101 omnia,
788 3035 840 3083 δε
867 3037 1133 3099 proximum
1157 3034 1270 3081 sicut
1293 3032 1447 3091 semet,
1484 3046 1538 3081 ut
1569 3033 1742 3082 constat
1770 3050 1796 3080 a
1815 3035 2010 3082 Domini
2040 3035 2204 3092 verbis,
2253 3037 2408 3084 Matth
2430 3052 2450 3084 :⁴

422 3097 575 3149 'xx11:
605 3118 666 3164 34
690 3101 746 3147 ad
774 3118 856 3166 395
899 3101 1078 3158 'Marce
1103 3116 1182 3148 xn
1205 3118 1216 3146 :
1238 3105 1303 3151 528
1329 3099 1386 3147 ad
1414 3118 1489 3163 35.
1542 3115 1678 3164 quare
1713 3101 1851 3148 etiam
1867 3101 2078 3160 Tabulae,
2116 3101 2244 3166 super
2276 3103 2443 3166 quibus

430 3169 588 3215 decem
605 3165 850 3234 Praeccpta·
862 3164 1023 3230 scripta
1030 3165 1152 3232 sunt,
1170 3165 1667 3279 appellantuiTabulae
1681 3164 1897 3237 foederis:
1934 3170 2043 3231 quia
2064 3166 2218 3226 foedus
2231 3180 2309 3241 aut
2330 3184 2450 3279 egri·-

1504 3249 1534 3280 x
2258 3249 2347 3295 jun
2392 3249 2437 3279 ιο
