2788 3736
351 291 482 359 570
922 252 1900 330 GENESI‘S.

345 395 640 456 fortitudinis,
666 401 889 459 percutere
918 391 967 441 in
987 388 1064 443 die
1102 390 1183 438 irae
1206 385 1298 443 suae
1320 403 1455 453 reges,
1492 384 1754 452 fignificant.
1775 400 1955 452 pugnas
1976 387 2283 444 tentationum
2302 391 2360 453 &f

348 467 574 516 victorias·
1882 505 1886 509 .
2350 467 2352 469 ’

354 533 559 654 ιῑοὲέιῗξ·
586 522 1149 658 cssss'taffsshsskgffficffissss
1172 522 1419 645 ἓὲιῗὲῗεῖξὲ
1448 521 1950 654 ‘gzffa‘ssni'ssssssfflssigzi
1966 525 2364 657 '3533‘5132‘33'321

353 667 464 715 ficat
496 665 683 722 Pacem,
716 672 771 709 ut
804 661 871 708 &⁴
895 657 1246 716 Perfeetionem,
1291 659 1353 704 ita
1393 655 1559 705 statum
1593 657 1726 705 Pacis
1768 657 1820 707 δε
1844 656 2010 706 statum
2034 655 2331 707 Perfefflonis
2347 676 2386 711 e*

354 732 489 780 status
503 730 633 778 Pacis
656 727 720 775 est
743 726 881 775 status
905 726 1059 790 Regni
1090 725 1305 781 Domini,
1341 724 1388 771 in
1410 723 1491 771 illo
1515 723 1632 772 statu
1657 722 1760 774 sunt
1783 723 2001 774 Coelestia
2023 724 2074 774 δε
2107 725 2370 789 Spiritualia

356 798 570 854 Domini,
604 795 718 844 ficut
735 796 782 842 in
805 793 881 843 sua
897 791 1055 842 aurora
1078 792 1127 839 δε
1145 791 1229 839 suo
1247 806 1371 848 vere,
1407 806 1519 847 nam
1531 789 1572 839 se
1594 790 1728 840 habet
1743 792 1840 840 Pax
1862 790 1978 838 ficut
2002 794 2230 840 matutino
2244 804 2368 841 tem·

356 880 466 929 pore
483 865 682 919 Aurora,
718 862 767 910 &
783 876 927 912 verno
948 871 1155 923 tempore
1172 859 1267 906 Ver
1283 879 1298 914 3
1334 873 1492 905 aurora
1506 857 1557 906 ὅτ
1573 873 1655 906 ver
1670 855 1859 915 faciunt,
1883 869 1937 905 ut
1953 858 2110 906 omnia
2126 874 2234 923 quae
2256 870 2371 908 tunc

358 929 503 978 sensus
517 930 810 992 contingunt,
844 927 929 975 sint
968 926 1122 990 gaudii
1146 925 1195 973 &
1214 925 1388 972 laetitiae
1420 924 1568 989 plena,
1604 924 1791 973 trahunt
1823 923 2003 989 singula
2034 924 2322 974 affeetionem
2343 943 2372 975 a

360 997 603 1045 communi
619 1010 793 1042 aurorae
823 994 872 1041 δε
900 994 1018 1040 veris
1038 1015 1053 1049 3
1090 993 1153 1040 ita
1175 990 1215 1039 se
1240 989 1373 1039 habet
1396 1007 1505 1039 cum
1528 989 1642 1040 statu
1661 992 1792 1039 Pacis
1816 992 1864 1039 in
1881 993 2052 1056 Regno
2075 992 2287 1050 Domini,
2321 995 2375 1042 in

344 1063 475 1110 -statu
490 1063 619 1110 Pacis
637 1062 792 1108 omnia
802 1058 1014 1110 ,coelestia
1035 1060 1085 1107 ὅτ
1113 1056 1359 1122 spiritualia
1393 1058 1440 1104 in
1465 1055 1544 1105 suo
1561 1058 1683 1120 quasi
1714 1074 1888 1106 aurorae
1917 1070 1995 1106 aut
2018 1073 2165 1106 verno
2187 1059 2297 1107 flore
2319 1060 2372 1107 δε

361 1127 453 1178 risu
481 1127 601 1185 sunt,
636 1127 724 1180 hoc
747 1125 829 1183 est,
863 1126 911 1172 in
936 1124 1030 1189 ipsa
1061 1124 1140 1171 sua
1159 1122 1369 1174 felicitate
1396 1145 1411 1179 3
1446 1123 1583 1190 status
1621 1124 1743 1187 pacis
1771 1124 1912 1171 afficit
1935 1125 1997 1172 ita
2035 1124 2227 1189 singula,
2263 1141 2376 1174 nam

363 1196 600 1244 Dominus
624 1192 687 1240 est
726 1192 824 1255 Ipsa
847 1192 946 1238 Pax
974 1213 988 1244 3
1023 1191 1151 1254 quod
1185 1192 1321 1237 etiam
1343 1205 1425 1252 per
1447 1189 1654 1236 Schalem
1679 1189 1803 1252 apud
1825 1189 2059 1238 Davidem
2083 1191 2377 1255 intelligitur,

365 1263 410 1290 “'
436 1262 593 1309 Notus
617 1260 662 1305 in
680 1256 857 1319 Jehuda
879 1257 1025 1311 Deus,
1052 1254 1100 1301 in
1122 1254 1278 1303 Israele
1305 1269 1529 1318 magnum
1555 1270 1726 1302 nomen
1754 1254 1918 1317 Ipsius,
1951 1256 2003 1304 &
2025 1255 2090 1304 est
2119 1257 2167 1304 in
2184 1258 2379 1306 Schalem

365 1319 707 1375 tabernaculum
731 1323 890 1388 Ipfius,
926 1323 976 1370 δε
1012 1321 1322 1373 habitaculum
1351 1320 1497 1384 Ipsius
1519 1322 1567 1370 in
1592 1320 1790 1377 Zione,’‘
1808 1319 1989 1372 Psalm:
2027 1337 2172 1369 Lxxvr
2196 1341 2208 1370 :
2236 1341 2288 1382 2,
2323 1341 2367 1387 3.
2404 1365 2411 1371 ,

367 1395 493 1441 Cum
518 1393 660 1441 homo
683 1392 731 1438 in
763 1389 933 1454 pugnis
957 1388 1260 1436 tentationum
1293 1386 1374 1444 est,
1410 1404 1437 1439 a
1451 1383 1662 1437 Domino
1685 1386 1884 1436 donatur
1907 1403 1990 1452 per
2011 1388 2135 1437 vices
2158 1387 2271 1436 statu
2292 1406 2374 1453 pa-

363 1461 447 1518 ciS,
482 1459 532 1507 δε
550 1458 609 1512 fic
634 1468 873 1512 recreatur3
909 1453 1047 1503 status
1065 1450 1187 1518 pacis
1209 1454 1283 1501 hic
1307 1453 1586 1517 significatur
1612 1469 1694 1516 per
1706 1452 1933 1509 Schalem,
1967 1454 2019 1502 δι
2054 1469 2168 1503 mox
2187 1471 2388 1520 quoque·
2408 1451 2411 1454 ’

367 1527 452 1591 pe‘r
474 1526 640 1589 panem
667 1523 717 1570 δε
740 1524 924 1578 vinum,
962 1537 1044 1585 per
1084 1536 1192 1584 quae
1224 1518 1534 1584 significantur
1555 1518 1753 1567 coelestia
1775 1519 1826 1567 ὅτ
1861 1518 2120 1583 spiritualia,
2155 1522 2218 1569 ita
2239 1521 2379 1571 status

371 1591 630 1647 coelestium
648 1590 698 1637 δε
720 1587 1020 1657 spiritualium
1043 1587 1090 1633 in
1115 1584 1251 1650 pace,
1277 1587 1358 1650 qui
1381 1585 1519 1633 status
1541 1585 1604 1632 est
1617 1585 1710 1649 ipsa
1725 1588 1951 1635 recreatio.

444 1673 584 1723 1727.
622 1655 799 1706 Eduxit
837 1669 1021 1718 panem,
1055 1653 1184 1712 quod
1207 1651 1432 1716 fignificet
1469 1650 1681 1709 coelestia,
1716 1651 1767 1699 ὅτ
1806 1651 2126 1703 recreationem
2165 1653 2290 1712 inde,
2322 1654 2375 1703 &

368 1726 536 1781 vinum
579 1721 707 1786 quod
731 1721 762 1769 fi
801 1721 955 1768 nificet
995 1718 1240 1784 spiritualia
1267 1720 1320 1769 ὅτ
1359 1720 1681 1766 recreationem
1706 1717 1829 1776 inde,
1865 1718 2038 1767 constat
2073 1719 2377 1786 exi-significa-3

372 1793 492 1839 tione
515 1789 657 1838 Panis
677 1804 771 1852 quo
840 1787 895 1835 fit
917 1785 1130 1844 coeleste,
1166 1785 1222 1833 de
1238 1802 1328 1850 qua
1365 1802 1425 1834 n:
1465 1783 1579 1851 276,
1616 1785 1743 1835 680:
1781 1786 1835 1837 δι,
1861 1801 1887 1833 a
1909 1785 2234 1849 significatione
2256 1789 2390 1845 Vini,

373 1870 479 1905 tum
510 1857 618 1903 vitis
644 1855 691 1902 &
714 1855 879 1912 vineae,
915 1850 1044 1918 quod
1064 1852 1119 1900 fit
1140 1851 1381 1918 spirituale,
1418 1852 1476 1900 de
1490 1868 1607 1917 qua:
1643 1868 1703 1900 n:
1750 1853 1891 1918 2069,
1933 1869 2070 1916 ¹071··
2095 1853 2146 1902 &
2169 1854 2276 1918 quia
2290 1854 2378 1902 Pa-

374 1926 442 1973 nis
466 1921 690 1986 fignificat
724 1920 941 1978 coelestia,
978 1922 1026 1968 ὅτ.
1051 1920 1232 1968 Vinum
1248 1918 1504 1984 spiritualia,
1540 1921 1675 1968 etiam
1694 1918 1901 1983 symbola
1918 1919 1965 1966 in
1988 1920 2122 1968 Sacra
2145 1920 2294 1968 Coena
2308 1918 2375 1968 fa-

375 1991 448 2038 &a
480 1988 611 2036 sunt:
650 1988 722 2036 hic
761 1988 891 2051 quod
915 1985 1243 2042 Malkizedech
1266 1987 1533 2051 produxerit
1556 1987 1728 2035 Panem
1768 1987 1816 2034 δε
1840 1986 2035 2044 Vinum,
2071 1986 2214 2035 simile
2236 1987 2377 2051 figni-

376 2057 499 2114 fic'at,
534 2056 641 2118 quia
673 2055 808 2102 Panis
841 2056 886 2102 in
913 2055 1120 2117 Antiqua
1142 2053 1342 2105 Ecclesia
1379 2051 1469 2101 fuit
1491 2052 1910 2118 repraesentativum
1947 2054 2160 2103 omnium
2184 2053 2383 2102 coelesti·

378 2137 481 2180 um,
518 2123 566 2169 &
590 2119 767 2168 Vinum
793 2119 1211 2184 repraesentativum
1237 2121 1457 2168 omnium.
1474 2119 1793 2185 spiritualium,
1828 2119 1986 2173 itahic
2008 2120 2153 2184 Ipsius
2165 2120 2386 2176 Domini,

376 2205 405 2236 a
419 2189 534 2254 Qio
558 2203 695 2236 omne
717 2186 897 2235 coeleste
920 2187 970 2235 δε
988 2202 1125 2234 omne
1149 2186 1389 2250 spirituale.

455 2272 470 2302 1
484 2259 592 2319 728.
631 2254 695 2302 Et
732 2253 805 2301 ille
829 2253 1065 2310 Sacerd03,
1100 2253 1230 2318 quod
1268 2252 1490 2317 significet
1527 2250 1728 2300 sanstum
1752 2250 1936 2307 amoris,
1972 2249 2192 2298 constata
2210 2249 2382 2313 fignifi-
2454 2290 2459 2292 .

380 2324 554 2368 catione
587 2321 839 2367 Sacerdotis
861 2321 910 2369 in
932 2319 1115 2368 Verbo:
1153 2318 1254 2366 sunt
1274 2319 1370 2367 duo
1391 2333 1498 2381 quae
1536 2317 1843 2380 praedicantur
1874 2317 1931 2364 de
1952 2317 2179 2374 Domino,
2215 2332 2382 2380 nempe

380 2387 508 2450 quod
534 2386 587 2433 fit
599 2387 705 2433 Rex
723 2387 773 2433 δε
790 2385 918 2448 quod
932 2385 986 2432 s1t
1006 2385 1254 2439 Sacerdos3
1277 2386 1384 2432 Rex
1400 2384 1474 2431 seu
1497 2384 1705 2447 Regium
1728 2383 1949 2446 fignificat
1971 2381 2174 2431 sanstum
2198 2399 2395 2440 verum„

384 2453 602 2500 Sacerdos
648 2451 722 2498 seu
762 2451 1074 2500 Sacerdotium
1122 2450 1346 2517 fignificat
1384 2449 1585 2497 sanCtum
1630 2450 1840 2505 bonum3
1897 2449 2008 2497 illud
2055 2449 2126 2498 est.
2149 2450 2395 2497 Divinum

380 2518 621 2583 spirituale,
647 2517 734 2565 hoc
757 2518 985 2564 Divinum
1011 2516 1203 2565 coeleste.
1251 2517 1484 2564 Dominus
1507 2527 1559 2563 ut
1584 2517 1690 2575 Rex
1709 2544 1711 2546 -
1727 2517 1948 2579 gubernat
1965 2517 2120 2571 omnia
2142 2517 2191 2564 &
2207 2515 2397 2579 lingula.

380 2586 427 2633 in
451 2583 658 2632 universo
680 2600 736 2631 ex
758 2585 934 2630 Divino
956 2583 1099 2640 Vero,
1133 2599 1184 2631 ac
1207 2595 1260 2631 ut
1273 2582 1493 2631 Sacerdos
1507 2598 1566 2630 ex
1581 2584 1756 2630 Divino
1779 2585 1937 2631 Bono:
1974 2584 2205 2630 Divinum
2218 2597 2393 2630 verum-

380 2651 445 2698 est
466 2650 556 2714 ipse
580 2651 695 2699 ordo
718 2649 911 2706 universi
928 2651 1085 2713 Regni
1104 2649 1266 2713 Ipsius,
1289 2647 1419 2712 cujus
1435 2666 1594 2697 omnes
1607 2650 1760 2714 Leges
1782 2649 1884 2699 sunt
1907 2649 2049 2706 Vera,
2068 2647 2142 2697 seu
2159 2650 2395 2714 Veritates-

381 2730 563 2764 aeternae
582 2740 613 2773 3,
631 2718 859 2764 Divinum
881 2715 1063 2764 Bonum
1088 2717 1150 2763 est
1167 2715 1317 2780 ipsum
1339 2716 1559 2765 essentiale
1576 2716 1765 2773 ordinis,
1798 2713 1926 2779 cujus
1943 2717 2098 2765 omnia
2113 2715 2219 2763 *sunt
2241 2712 2384 2762 Mise-

380 2783 587 2829 ricordiae
606 2805 620 2838 3
657 2795 904 2847 utrumque
934 2783 1210 2846 praedicatur
1227 2783 1285 2831 de
1301 2783 1512 2830 Domino
1526 2805 1543 2839 3
1579 2783 1613 2830 fi
1637 2782 1780 2830 modo
1801 2783 2031 2830 Divinum
2052 2782 2246 2836 Verum,
2281 2779 2391 2826 nul--

381 2847 451 2894 Ius
477 2849 737 2896 mortalium
763 2850 917 2896 salvari
942 2849 1100 2912 posset,
1139 2865 1244 2897 nam
1277 2851 1485 2897 veritates
1508 2848 1815 2896 condemnant
1837 2847 2196 2908 unumquemvis
2218 2845 2275 2892 ad
2313 2847 2392 2893 in-

382 2911 561 2961 fernum
589 2935 603 2968 3
639 2926 683 2960 at
724 2916 951 2963 Divinum
991 2916 1194 2973 Bonum,
1229 2916 1356 2979 quod
1391 2915 1455 2963 est
1490 2915 1835 2970 Nfisericotdiae,
1871 2914 2015 2960 elevat
2038 2911 2093 2958 ab
2124 2910 2302 2960 inferno
2325 2910 2395 2960 ad.

382 2980 571 3027 coelum.
642 2980 765 3027 Haec
788 2979 890 3026 sunt
925 2998 1031 3044 quae
1054 2981 1431 3044 repraesentarunt
1447 2983 1600 3044 Reges
1639 2982 1688 3027 δε
1713 2978 1973 3031 Sacerdotes
1998 2978 2056 3024 in,
2078 2978 2278 3026 Ecclesia
2294 2979 2379 3040 Ju2

380 3045 540 3101 daica3
577 3045 627 3098 &
665 3061 771 3108 quae
807 3061 991 3108 quoque
1011 3047 1344 3110 repraesentavit
1367 3044 1710 3101 Malkizedech,
1747 3056 1799 3092 ut
1822 3044 2168 3102 RexSchalem,
2210 3046 2262 3093 ὅτ
2294 3045 2373 3092 Sar

382 3113 544 3159 cerdos
570 3112 675 3158 Deo
699 3110 950 3158 Altiffimo.
1542 3125 1545 3131 ·

453 3190 590 3244 1729.
628 3179 733 3225 Deo
754 3176 1005 3245 Altiffimo,
1041 3178 1168 3240 quod
1202 3177 1424 3240 significet
1446 3177 1683 3224 Internum
1715 3176 2010 3235 Hominem,
2027 3178 2132 3241 ,Qi
2156 3177 2397 3238 Jehoitah,v

376 3244 552 3306 constat
579 3242 637 3293 ab
658 3243 745 3293 illis
774 3243 883 3309 quae
916 3241 1048 3312 supra
1069 3243 1305 3307 aliquoties
1347 3243 1403 3291 de
1426 3243 1612 3294 Interno
1644 3243 1855 3294 Homine
1878 3244 2071 3294 Domini
2108 3242 2227 3292 dicta
2261 3242 2395 3299 sunt„

2262 3307 2395 3373 quod.
