2788 3736
389 245 544 334 ³476
967 232 1037 300 G
1128 231 1191 300 E
1282 228 1371 300 Ν
1451 228 1517 300 Ε
1605 233 1656 301 s
1745 235 1793 302 ι
1875 236 1944 305 s.

396 392 532 428 xxm
554 392 567 427 ι
611 389 683 438 15.
718 385 799 437 per
834 369 1068 421 Bethelem
1109 367 1504 435 repraesentabatur
1549 370 1848 428 contrarium,
1896 382 1950 421 ut
1987 368 2181 423 Hosch:
2219 390 2249 422 x
2269 390 2279 422 :
2327 387 2402 437 15.

401 444 571 499 Amos,
598 456 691 488 111:
736 454 812 499 14,
853 455 926 501 15.
963 438 1097 500 Cap:
1134 451 1218 486 iv:
1258 454 1304 499 5,
1332 437 1379 495 6,
1411 453 1454 503 7.
1526 437 1675 502 Qod
1715 450 1869 485 autem
1894 434 1986 502 Aja
2007 436 2229 502 significet
2249 441 2410 505 cogni-

402 510 552 563 tiones
568 504 910 556 mundanorum
933 504 1194 553 confirmari
1209 520 1397 570 quoque
1413 502 1560 569 potest
1582 503 1641 552 ab
1657 503 1936 554 historicis&
1958 504 2234 569 propheticis
2250 506 2411 564 Verbi,

401 574 530 641 apud
554 572 669 636 Jos:
694 587 802 622 vu:
843 589 888 622 2.
922 573 1055 637 Cap:
1090 587 1226 620 vm:
1269 588 1288 620 1
1328 570 1386 619 ad
1411 575 1488 620 28.
1525 571 1632 634 Jer:
1668 587 1812 621 xmx:
1853 589 1900 635 3,
1937 589 1984 633 4.
2390 599 2398 604 ·

482 656 622 703 1454.
658 639 724 690 Et
746 638 994 688 aed-ificavit
1008 638 1142 687 altare
1166 638 1379 700 Jehovae,
1413 637 1543 702 quod
1563 638 1787 703 significet
1803 637 1983 687 cultum
2007 637 2154 687 Patris
2169 636 2235 687 sui
2256 654 2311 686 ex
2334 638 2418 689 illo

403 707 526 758 statu
542 718 801 765 externum,
836 704 1006 754 constat
1027 721 1085 754 ex
1117 703 1445 771 significatione
1467 703 1633 764 altaris,
1666 705 1795 770 quod
1818 702 1874 753 sit
1897 705 2145 771 principale
2175 704 2420 772 repraesenf

405 776 608 825 tativum
640 773 808 832 cultuS,
844 790 907 822 nv:
944 789 1066 839 921.

487 857 630 904 1455.
664 840 731 890 Et
751 841 987 889 invocavit
1009 855 1176 889 nornen
1190 840 1402 903 Jehovae,
1436 839 1566 905 quod
1587 839 1812 905 fignificet
1826 839 2004 888 cultum
2018 839 2161 888 Patris
2178 837 2245 889 sui
2264 854 2323 887 ex
2337 837 2420 888 illo

410 909 530 959 statu
554 909 802 965 internum,
836 905 1008 954 constat
1041 923 1099 954 ex
1137 907 1462 971 significatione
1500 908 1709 955 invocare
1742 922 1909 956 nomen
1955 906 2164 969 Jehovae,
2199 922 2262 956 n:
2295 922 2417 967 440,

411 972 548 1039 quod
570 985 780 1022 externus
803 972 954 1021 cultus
977 973 1031 1022 fit
1052 973 1279 1022 aedificare
1296 973 1436 1022 altare
1455 973 1667 1037 Jehovae‚
1701 973 1752 1024 ὅτ
1779 974 1984 1022 internus
2012 974 2224 1022 invocare
2238 975 2419 1022 'nomen

414 1041 626 1104 jehovae,
663 1041 889 1088 unicuivis
912 1039 1111 1089 constare
1132 1040 1293 1105 potest.
1313 1101 1316 1105 Δ
2004 1086 2005 1089 ,

493 1107 633 1170 1456.
668 1105 809 1155 Vers:
846 1121 890 1168 9.
928 1108 993 1154 Et
1024 1107 1243 1170 profeblus
1262 1106 1430 1156 Abram
1463 1107 1594 1155 eundo
1618 1106 1675 1157 &³
1692 1103 1988 1169 proficifiendo
2003 1107 2150 1170 versus
2179 1105 2418 1155 meridiem.

418 1169 658 1223 Profectus
672 1171 851 1221 Abram
874 1171 1028 1219 eundo
1058 1174 1107 1220 δε
1128 1172 1474 1236 proficiscendo,
1510 1172 1734 1235 significat
1749 1174 2104 1236 progressionem
2122 1172 2386 1232 ulteriorem
2405 1186 2419 1221 τ

415 1239 571 1288 versus
586 1238 842 1296 meridiem,
877 1237 1101 1302 fignificat
1124 1240 1171 1287 in
1203 1238 1320 1287 bona
1343 1241 1394 1286 &
1423 1253 1548 1295 vera,
1583 1239 1648 1285 ita
1669 1238 1718 1285 in
1747 1233 1914 1286 statum
1934 1238 2142 1287 lucidum
2163 1238 2318 1304 quoad
2350 1240 2422 1287 in-

414 1319 594 1357 teriora.
1383 1315 1388 1323 '
1655 1335 1664 1343 ι

495 1391 515 1437 ¹.
522 1391 585 1436 45
595 1390 636 1438 7.
671 1371 738 1421 Et
775 1369 1002 1437 profectus
1027 1371 1207 1420 Abram
1246 1371 1401 1420 eundo
1438 1371 1489 1420 δε
1524 1370 1873 1435 proficiscendo,
1909 1371 2035 1436 quod
2059 1370 2284 1436 significet
2315 1387 2422 1436 pro·

416 1442 692 1505 gressionem
714 1439 991 1495 ulteriorem,
1026 1437 1228 1486 constare
1267 1437 1414 1503 potest
1436 1454 1462 1485 a
1498 1437 1821 1502 significatione
1844 1439 1908 1484 ire
1931 1439 1981 1485 δε
2006 1437 2264 1501 proficisci·,
2299 1437 2426 1502 apud

422 1507 658 1570 Antiquos
674 1506 846 1562 itinera,
883 1502 1180 1569 profectiones
1203 1506 1253 1553 &
1276 1505 1653 1569 peregrinationes
1677 1502 1789 1551 nihil
1811 1503 1934 1551 aliud
1951 1503 2280 1568 significabant,
2316 1504 2425 1552 inde

422 1588 607 1636 quoque
630 1573 677 1619 in
694 1569 818 1619 sensu
843 1573 1021 1619 interno
1043 1571 1157 1619 nihil
1179 1571 1300 1619 aliud
1323 1572 1371 1618 in
1384 1570 1552 1618 Verbo.
1622 1571 1723 1617 Hic
1747 1569 1960 1617 inchoant
1977 1572 2299 1635 progreffiones
2321 1571 2424 1618 Do-

422 1639 540 1686 mini
571 1640 618 1685 in
657 1639 953 1700 cognitiones.
1022 1637 1167 1698 Qiod
1192 1637 1425 1686 Dominus
1446 1636 1562 1685 sicut
1580 1635 1690 1684 alius
1714 1636 1858 1684 homo
1873 1651 2058 1700 quoque
2074 1636 2313 1684 instructus
2351 1636 2424 1694 fit,

417 1703 622 1752 constare
636 1703 782 1768 potest
798 1704 920 1769 apud
936 1703 1136 1763 Lucam,
1173 1709 1208 1731 “
1230 1703 1454 1753 Puerulus
1469 1703 1676 1767 crescebat
1692 1703 1743 1751 &
1765 1701 2137 1751 corroborabatur
2159 1705 2207 1751 in
2229 1701 2386 1767 spiritu
2406 1724 2423 1760 3

424 1769 514 1818 fuit
536 1771 584 1819 in
600 1769 779 1819 desertis
802 1770 859 1819 ad
883 1770 1008 1818 diem
1031 1771 1322 1835 apparitionis
1334 1769 1478 1834 Ipfius
1493 1770 1548 1818 ad
1569 1768 1826 1827 Israelem‚'’
1862 1785 1875 1816 1
1896 1787 1909 1818 ε
1949 1773 2025 1820 80.
2050 1769 2174 1834 apud
2192 1768 2427 1827 Eundem,

420 1841 464 1865 “
499 1838 620 1886 Puer
641 1837 847 1901 crescebat
872 1837 924 1885 δε
961 1838 1347 1886 corroborabatur>
1370 1836 1545 1902 spiritu,
1579 1836 1631 1886 δι
1652 1836 1917 1899 implebatur
1928 1836 2166 1900 sapientia,
2202 1836 2252 1883 ὅτ
2286 1836 2430 1900 gratia

424 1915 519 1951 erat
542 1902 673 1968 super
688 1903 840 1967 Ipso’'‚
881 1920 920 1951 11
943 1921 956 1952 ε
992 1922 1073 1964 40.
1142 1904 1290 1969 Apud
1326 1904 1560 1961 Eundem,
1597 1908 1632 1931 “
1656 1901 1880 1967 Josephus
1902 1903 1951 1950 &
1977 1914 2123 1951 mater
2143 1899 2288 1965 Jesu8‚
2324 1901 2427 1967 post

425 1975 466 1997 “
502 1982 590 2017 tres
607 1971 701 2017 dies
724 1971 996 2018 invenerunt
1019 1969 1174 2034 Ipsum
1198 1972 1244 2019 in
1262 1970 1457 2035 templo,
1483 1969 1723 2020 sedentem
1737 1970 1784 2017 in
1808 1969 1962 2018 medio
1978 1968 2239 2024 doctorum,
2274 1967 2325 2015 &
2348 1984 2429 2016 au·

426 2039 467 2063 “
501 2036 677 2084 dientem
711 2035 820 2094 illos,
854 2037 905 2084 δε
938 2039 1267 2099 interrogantem
1310 2038 1420 2094 illos,
1464 2035 1760 2100 obstuperunt
1797 2051 1956 2083 omnes
1989 2035 2218 2083 audientes
2252 2032 2428 2097 Ipsum,

426 2107 468 2130 “
502 2101 634 2166 super
654 2101 947 2166 intelligentia
968 2103 1018 2150 ὅτ
1041 2102 1396 2167 responsionibus
1413 2104 1556 2167 Ipsius
1575 2122 1587 2151 :
1622 2102 1826 2150 videntes
1849 2101 2004 2164 Ipsum
2029 2101 2179 2148 mirati
2201 2099 2319 2157 sunt,
2353 2099 2431 2153 sed

427 2173 468 2196 “
503 2168 620 2216 dixit
653 2168 711 2217 ad
743 2168 860 2225 illos,
895 2169 1010 2233 quid
1045 2170 1171 2233 quod
1203 2168 1485 2234 quaefivistis„
1499 2170 1604 2226 Me,
1653 2183 1802 2216 annon
1839 2163 2055 2224 sciebatis,
2090 2166 2217 2231 quod
2249 2167 2296 2213 in
2321 2166 2427 2224 illis,

424 2238 468 2263 “⁴'’
501 2251 609 2298 quae
630 2235 776 2283 Patris
804 2235 913 2293 mei,
947 2249 1128 2300 oportet
1149 2237 1235 2284 Me
1257 2236 1390 2294 eisc?
1414 2252 1487 2284 11:
1522 2236 1607 2297 46,
1640 2250 1724 2298 47,
1759 2237 1843 2294 48,
1877 2251 1956 2299 49.
1974 2232 2106 2297 quod
2143 2230 2277 2280 fuerit
2314 2244 2427 2280 tune

429 2305 472 2327 “
506 2301 753 2349 duodecim
787 2317 1028 2359 annorum,
1064 2302 1138 2351 ib:
1175 2318 1239 2350 v:
1273 2319 1355 2364 42.
1425 2301 1573 2365 Apud
1609 2299 1844 2356 Eundem,
1887 2301 2114 2363 Deinceps
2161 2297 2288 2361 Jesus
2324 2311 2431 2362 pro-

430 2369 471 2417 .“
491 2367 607 2429 fecit
618 2369 838 2430 sapientia
858 2368 909 2415 ὅτ
933 2379 1081 2425 aetate,
1116 2368 1167 2416 δε
1190 2370 1334 2431 gratia
1355 2369 1478 2432 apud
1500 2369 1659 2416 Deum
1677 2369 1726 2415 δι
1749 2366 2005 2424 homines‚''
2046 2383 2085 2413 11
2109 2384 2120 2414 :
2149 2383 2226 2429 52.

507 2438 649 2496 1458.
686 2432 831 2498 Qod
852 2431 1003 2481 versus
1027 2434 1282 2492 meridiem,
1318 2434 1542 2498 significet
1571 2435 1617 2481 in
1651 2433 1770 2481 bona
1791 2433 1842 2480 δε
1865 2449 1986 2490 vera,
2020 2434 2082 2480 ita
2100 2434 2147 2480 in
2169 2432 2337 2480 statum
2358 2431 2430 2480 lu·

428 2498 595 2548 cidum
618 2499 771 2563 quoad
794 2499 1019 2557 interiora,
1054 2500 1226 2548 constat
1269 2518 1295 2548 a
1316 2501 1642 2564 significatione
1665 2499 1869 2547 meridiei
1895 2522 1911 2555 ;
1945 2499 2072 2563 quod
2096 2497 2305 2547 meridies
2338 2498 2429 2562 fig-

434 2565 589 2614 nificet
612 2565 780 2613 statum
802 2565 1030 2624 lucidum,
1064 2569 1190 2615 venit
1207 2583 1350 2624 exeo,
1384 2567 1513 2632 quod
1545 2567 1695 2632 plagae
1725 2566 1842 2613 ficut
1863 2578 2071 2630 tempora
2092 2566 2140 2613 in
2178 2564 2314 2612 altera
2335 2565 2430 2612 vita

427 2632 573 2680 nullae
597 2632 700 2690 sint,
735 2630 811 2680 sed
833 2631 970 2682 status
991 2633 1071 2698 qui
1117 2649 1199 2698 per
1220 2633 1375 2698 plagas
1413 2635 1463 2683 δε
1498 2644 1707 2698 tempora
1747 2632 2092 2696 significantur3
2127 2630 2268 2678 status
2296 2629 2428 2676 intel-

436 2697 697 2746 lectualium
721 2697 763 2746 se
786 2698 951 2748 habent
990 2701 1104 2749 ficut
1127 2700 1264 2749 status
1286 2701 1667 2765 temporumvdiei
1699 2700 1749 2748 ὅτ
1772 2699 1894 2755 anni,
1929 2710 2030 2746 tum
2053 2711 2236 2760 qUOqUC
2273 2695 2431 2760 Plaga·

435 2779 542 2810 rum
566 2787 580 2819 3
606 2765 742 2813 status
766 2765 856 2813 diei
879 2765 981 2815 sunt
996 2766 1212 2832 vesperae,
1247 2768 1410 2824 noeiis,
1447 2778 1636 2816 matutae
1665 2765 1718 2814 ὅτ
1754 2764 1959 2813 meridiei
1985 2785 2000 2819 3
2034 2762 2170 2810 status
2201 2763 2305 2809 anni
2328 2761 2453 2826 sunt>

435 2832 661 2886 autumni,
695 2832 886 2892 hyemis,
903 2834 1038 2890 veris,
1074 2833 1236 2882 aestatis
1251 2856 1268 2890 ·,
1302 2834 1353 2882 &
1368 2833 1505 2882 status
1527 2833 1766 2897 plagarum
1790 2830 1893 2876 sunt
1914 2827 2017 2876 solis
2039 2826 2191 2875 versus
2215 2828 2427 2876 occiden-

431 2907 549 2951 -tem,
585 2895 950 2957 septentrionem,
984 2901 1208 2948 orientem
1231 2902 1282 2949 ὅτ
1304 2899 1578 2954 meridiem3
1613 2896 1778 2945 similes
1795 2893 1880 2942 illis
1899 2892 2001 2941 sunt
2022 2893 2159 2942 status
2177 2894 2428 2942 intellectu-

437 2961 578 3008 alium
599 2983 613 3015 ;
651 2962 699 3007 &
725 2962 850 3024 quod
875 2966 1066 3021 mirum,
1103 2967 1152 3013 in
1174 2964 1298 3013 coelo
1313 2964 1378 3012 illi
1402 2966 1449 3011 in
1472 2963 1583 3021 luce·
1597 2961 1700 3011 sunt
1721 2960 1802 3023 qui
1828 2961 1875 3007 in
1897 2959 2013 3008 statu
2035 2959 2263 3025 sapientiae
2285 2961 2335 3009 &
2359 2962 2429 3008 in-

427 3026 714 3089 -telligentiae,
770 3027 948 3090 prorsus
985 3030 1234 3078 secundum
1276 3029 1463 3085 statum,
1519 3029 1656 3091 inque
1692 3025 1871 3074 summa
1915 3026 2018 3076 luce
2079 3028 2161 3092 qui
2215 3028 2265 3075 in
2309 3026 2425 3074 statu

438 3092 632 3149 summae
657 3091 879 3156 sapientiae
904 3095 953 3141 ὅτ
978 3096 1308 3159 intelligentiae,
1344 3094 1418 3142 sed
1439 3093 1647 3158 sapientia
1667 3091 1731 3141 ibi
1754 3092 1820 3140 est
1839 3096 2006 3142 amoris
2029 3094 2079 3143 ὅτ
2100 3093 2341 3150 charitatis,
2377 3093 2429 3140 &c

433 3158 734 3223 intelligentia
749 3158 812 3207 est
845 3159 956 3207 fidei
978 3162 1026 3208 in
1050 3162 1309 3209 Dominum
1330 3182 1346 3216 ς
1381 3160 1508 3224 quod
1527 3160 1607 3209 lux
1629 3161 1677 3208 in
1700 3159 1836 3207 altera
1851 3161 1947 3210 vita
1967 3161 2039 3219 fit,
2072 3161 2149 3209 cui
2171 3159 2252 3209 iux
2267 3158 2430 3208 mundi

434 3225 520 3284 {vix
550 3226 802 3294 comparari
837 3226 1000 3294 potest,
1034 3242 1093 3278 ex
1128 3226 1274 3277 multa
1297 3227 1571 3294 experientia
1602 3226 1718 3278 mihi
1739 3224 1929 3289 constat,
1962 3227 2022 3280 de
2042 3241 2150 3293 qua,
2183 3241 2239 3276 ex
2260 3223 2432 3345 Digna

382 3314 389 3318 .
2327 3327 2330 3329 Δ
2380 3305 2436 3347 02·
2462 3337 2473 3348 .
