2788 3736
342 269 464 331 ,116
816 256 1794 323 GE‘NESIS.

343 411 377 434 ‘⁶
413 402 675 466 sartaginem
689 398 805 461 ferri
832 419 846 453 3
881 398 930 445 δε
955 396 1014 443 da
1035 411 1136 443 eam
1159 396 1375 458 parietem
1383 395 1518 458 ferri,
1554 395 1669 441 inter
1691 405 1736 441 te
1759 395 1810 443 &
1832 394 1949 443 inter
1975 397 2156 455 urbem,
2198 398 2249 446 &
2289 397 2360 445 di·
2407 436 2409 439 .

349 450 382 499 ‘²‘
418 469 573 533 sponas
610 464 740 511 facies
758 476 853 510 tuas
902 462 959 509 ad
982 477 1099 517 eam,
1124 461 1174 509 δε
1200 460 1254 508 fit
1293 463 1340 508 in
1363 459 1668 516 obsidionem,
1702 459 1753 506 δε
1778 459 1992 523 angustes
2024 475 2188 511 contra
2208 463 2360 519 earn‚”

358 534 438 584 iv:
481 552 521 596 3.
557 529 681 594 quod
720 545 800 593 per
831 522 1001 575 ferrum
1041 527 1115 574 hic
1145 526 1423 590 significetur
1443 525 1641 582 Veritas,
1676 525 1816 572 etiam
1839 525 2047 583 constat3
2083 531 2262 593 veritati
2279 530 2360 576 tri-

354 601 506 647 buitur
538 596 690 652 robur,
726 596 836 657 quia
874 596 914 642 ei
931 610 1023 642 non
1037 591 1171 640 resisti
1193 590 1359 655 potest,
1393 607 1530 654 quare
1554 593 1692 638 etiarn
1715 590 1994 656 praedicatur
2016 591 2073 653 de
2092 591 2233 652 ferro,
2267 610 2364 657 quo

352 663 627 728 significatur
640 661 804 708 veritas
829 659 902 707 seu
919 674 1079 722 verugn
1097 658 1221 714 fidei,
1256 657 1385 721 quod
1407 655 1666 720 confringat
1678 656 1727 703 &
1743 655 2012 713 contundat,
2049 668 2103 704 ut
2120 658 2361 722 apudJDa-

356 730 519 777 nielem
539 744 578 774 11
596 735 612 776 ἰ
651 743 729 790 33,
765 743 844 785 40.
871 726 920 773 &
955 723 1081 789 'apud
1105 723 1379 785 Johannem‚
1419 728 1453 751 “
1489 721 1590 782 Qui
1614 723 1791 779 vicerit,
1828 722 1891 768 illi
1938 721 2059 769 dabo
2097 723 2365 786 potestatem

362 801 395 823 ‘⁸
432 793 559 857 super
582 804 754 855 gentes,
789 803 842 838 ut
865 789 1011 854 pascat
1041 805 1110 836 eas
1153 791 1285 851 virga
1297 789 1466 852 ferrea,
1500 788 1617 835 sicut
1649 786 1751 834 vasa
1779 786 2082 850 figulinorurn
2129 799 2364 837 conteran-

356 872 430 908 tur
447 861 495 916 ’',
531 861 698 921 Apoc:
740 873 816 904 11:
857 857 935 913 26,
974 872 1049 920 27.
1087 854 1209 918 apud
1227 854 1460 911 Eundem,
1497 858 1532 882 “
1566 852 1742 901 Mulier
1779 853 1954 916 peperit
2000 853 2150 900 filium
2191 853 2367 902 mascu-

360 932 395 953 “
432 925 548 981 lum,
583 917 663 987 qui
701 920 903 985 pasturus
927 921 1012 968 erit
1048 936 1207 967 omnes
1246 932 1402 982 gentes
1425 921 1556 981 virga
1570 919 1720 982 ferrea
1738 919 1785 975 ”,
1822 921 1974 980 Apoc.
2011 934 2118 966 x11:
2158 936 2203 982 5.
2238 919 2368 983 quod

358 993 490 1053 virga
519 987 658 1036 ferrea
696 987 749 1034 fit
780 989 958 1043 veritas,
993 1001 1099 1049 quae
1139 984 1205 1032 est
1240 984 1384 1033 Verbi
1416 985 1627 1041 Domini,
1662 983 1781 1047 apud
1821 983 2077 1044 Johannem
2100 984 2367 1049 explicatur,

368 1062 403 1084 ⁸⁶
439 1054 547 1102 Vidi
565 1053 753 1102 Coelum
777 1065 1001 1115 apertum,
1037 1066 1147 1099 cum
1169 1065 1273 1098 ecce
1287 1051 1450 1114 Equus
1475 1049 1621 1106 albus,
1657 1050 1707 1097 δε
1730 1050 1811 1112 qui
1834 1048 1986 1096 sedens
2008 1048 2137 1112 super
2153 1049 2248 1108 illo,
2284 1066 2368 1099 vo·

369 1126 404 1149 “
439 1120 618 1168 cabatur
634 1118 779 1166 fidelis
802 1119 852 1165 &
875 1133 1025 1174 verus,
1049 1118 1130 1180 qui
1153 1114 1378 1180 injustitia
1393 1114 1570 1179 judicat
1591 1115 1642 1163 δε
1665 1126 1842 1178 pugnat
1867 1136 1882 1170 3
1918 1114 2102 1162 indutus
2123 1129 2215 1163 erat
2233 1116 2371 1164 vesti-

367 1191 401 1214 “
425 1185 591 1232 ‘mento
614 1184 756 1231 tincto
789 1183 1019 1245 sanguine,
1053 1193 1331 1245 vocaturque
1350 1197 1520 1229 nornen
1562 1178 1656 1243 ejus
1679 1179 1888 1228 Verbum
1908 1180 2018 1237 Dei,
2053 1196 2110 1228 ex
2148 1197 2225 1228 ore
2249 1182 2369 1230 illius

362 1257 398 1282 “
431 1251 526 1298 exit
539 1250 771 1314 romphaea
786 1260 930 1306 acuta,
964 1248 1015 1295 ὅτ
1037 1263 1119 1311 per
1141 1246 1265 1294 illam
1289 1248 1509 1310 percutiet
1545 1257 1718 1310 gentes,
1754 1261 1805 1293 ac
1837 1244 1913 1298 ille
1942 1245 2090 1310 pascet
2117 1262 2195 1294 eos
2238 1250 2369 1311 virga

366 1321 402 1344 “
426 1316 624 1378 serrea”,
662 1322 822 1377 Apoc:
861 1328 980 1361 xix:
1024 1331 1099 1370 11,
1141 1330 1216 1376 13,
1258 1330 1331 1376 15.

431 1397 528 1444 4²7
553 1378 674 1426 Vers
683 1398 694 1427 ε
724 1395 799 1444 23.
835 1382 899 1428 Et
922 1379 1033 1427 dixit
1049 1378 1236 1427 Lamech
1258 1379 1459 1426 uxoribus
1481 1379 1575 1442 suis
1596 1377 1727 1426 Adah
1760 1376 1815 1426 ξεῖ
1839 1376 1987 1435 Zillah
2013 1399 2029 1434 3
2064 1378 2210 1427 audite
2229 1395 2370 1427 vocem

366 1462 499 1495 meam
533 1462 678 1493 uxores
702 1445 920 1502 Lamechi‚
957 1444 1013 1493 δέ)
1059 1444 1234 1492 auribus
1258 1445 1468 1506 percipa‘e
1489 1443 1646 1491 dinam
1669 1459 1818 1499 meum,
1853 1443 1964 1507 quod
1987 1446 2132 1492 virum
2168 1444 2298 1493 occidi
2325 1447 2372 1492 in

371 1512 524 1559 vulnus
546 1527 696 1568 mcum,
738 1511 793 1560 ξεῖ
809 1510 1045 1572 parvulum
1067 1512 1113 1556 in
1135 1508 1310 1558 livorem
1339 1526 1484 1557 meum.
1554 1509 1643 1556 Per
1676 1508 1966 1557 Lamechurn
1989 1508 2285 1572 significatur,
2320 1522 2374 1557 ut

367 1578 507 1640 priuS,
540 1576 755 1623 vastatio:
791 1576 918 1639 quod
957 1575 1123 1622 dixerit
1156 1574 1378 1623 uxoribus
1415 1573 1501 1622 suis
1534 1574 1674 1622 Adah
1717 1575 1766 1622 &
1791 1574 1957 1630 Zillah,
1974 1635 1977 1637 Β
1993 1587 2045 1621 ut
2089 1577 2373 1639 perciperent

367 1642 548 1689 auribus
572 1641 656 1688 suis
674 1640 850 1688 dictum
873 1638 984 1704 ejus,
1021 1638 1084 1686 est
1097 1638 1327 1697 confeffio,
1361 1656 1467 1703 quae
1490 1655 1584 1686 non
1607 1639 1733 1686 aliter
1755 1639 1827 1697 fit,
1863 1655 2001 1703 quarn
2035 1640 2117 1688 ubi
2153 1640 2370 1696 Ecclesia,

365 1723 472 1770 quae
487 1707 611 1770 quod
627 1706 902 1769 significetur
931 1721 1012 1769 per
1033 1720 1194 1752 uxores
1217 1703 1329 1768 ejus,
1365 1706 1572 1752 dictum:
1608 1704 1733 1767 quod
1767 1706 1922 1752 virum
1945 1706 2162 1753 occiderit
2195 1708 2243 1754 in
2266 1706 2372 1753 vul·-

369 1788 454 1819 nus
494 1772 642 1826 suum,
693 1770 914 1836 fignificat
959 1770 1087 1834 quod
1118 1769 1378 1818 exstinxerit
1420 1769 1580 1826 fidem,
1615 1785 1697 1834 per
1733 1770 1888 1818 virum
1927 1769 2209 1832 fignificatur'
2237 1771 2372 1828 fides,

367 1850 419 1885 ut
442 1838 594 1901 prius3
633 1837 759 1900 quod
780 1835 1026 1900 parvulum
1061 1837 1110 1882 in
1132 1835 1324 1883 livorem
1356 1834 1506 1892 suum,
1540 1834 1605 1882 est
1626 1833 1754 1899 quod
1778 1834 2068 1886 charitatem:
2103 1838 2185 1900 per
2207 1837 2375 1885 vulnus

371 1904 629 1950 &livorem
662 1902 954 1964 significatur,
989 1900 1116 1963 quod
1149 1916 1240 1947 non
1266 1903 1496 1963 integrum
1513 1901 1660 1964 magis
1680 1922 1696 1956 3
1718 1904 1812 1963 'per
1832 1901 1999 1948 vulnus
2021 1902 2150 1964 quod
2183 1901 2378 1953 desolata

371 1968 502 2024 fides,
537 1984 617 2031 per
639 1968 847 2023 livorem,
882 1966 1009 2029 quod
1032 1965 1258 2012 devastata
1287 1965 1488 2013 charitas·
2131 2009 2134 2012 ⁴

438 2048 497 2091 42
509 2037 550 2080 8.
587 2032 662 2079 Ex
679 2033 762 2088 his,
798 2047 904 2094 quae
927 2033 973 2078 in
996 2030 1084 2081 hoc
1108 2029 1253 2088 versu,
1288 2033 1338 2080 δε
1361 2046 1418 2077 ex
1441 2031 1492 2077 iis
1516 2045 1622 2095 quae
1644 2030 1692 2077 in
1730 2028 1956 2094 sequente,
1991 2030 2219 2080 manifeste
2264 2047 2374 2081 con·

377 2093 476 2154 stat,
510 2097 635 2160 quod
670 2113 751 2160 per
766 2096 1054 2144 Lamechum
1078 2095 1354 2159 significetur
1375 2095 1579 2153 vastatio,
1616 2111 1722 2143 nam
1745 2096 1875 2152 dicit,
1909 2096 2036 2159 quod
2066 2098 2283 2145 occiderit
2303 2100 2374 2145 vi-

359 2160 497 2220 vrum,
533 2163 582 2210 δε
606 2162 866 2226 parvulum,
902 2163 953 2209 &
993 2161 1120 2224 quod
1165 2160 1513 2230 septempliciter
1557 2159 1864 2209 vindicabitur
1909 2163 2040 2218 Cain,
2076 2163 2127 2211 &
2166 2163 2376 2212 Lamech

375 2227 621 2292 septuagies
644 2227 814 2291 septies·
842 2257 847 2262 -
1756 2260 1760 2264 ·

443 2310 554 2357 429.
595 2293 739 2356 Qod
756 2308 836 2355 per
851 2293 1004 2339 virum
1021 2292 1300 2356 significetur
1318 2290 1447 2350 fides,
1468 2292 1654 2352 ,constat
1677 2310 1702 2342 a
1721 2293 1850 2346 ,versu
1893 2295 2048 2358 primo
2083 2292 2217 2359 hujus
2237 2296 2378 2360 Capi-

380 2360 454 2414 tis,
488 2359 615 2421 quod
631 2358 794 2405 dixerit
817 2357 1021 2415 Chavah,
1055 2374 1164 2405 cum
1188 2370 1418 2422 pepererat
1431 2359 1563 2416 Cain,
1597 2360 1812 2423 acquisivi
1827 2361 1980 2408 virum
2004 2361 2247 2422 Jehovam,
2281 2364 2394 2424 quo'

374 2423 488 2470 fidei
505 2424 707 2470 doctrina
722 2423 958 2481 intellecta,
993 2423 1044 2470 δε
1060 2435 1222 2470 vocata
1234 2425 1323 2471 Vir
1336 2423 1543 2486 Jehovah
1561 2447 1576 2480 3
1606 2418 1782 2473 ⁸constat
1804 2427 1940 2473 etiam
1980 2426 2037 2474 ab
2057 2428 2109 2474 iis
2126 2428 2233 2490 quae
2251 2428 2378 2490 prius

384 2487 550 2535 ostensa
572 2488 671 2536 sunt
708 2489 764 2535 de
800 2489 932 2544 Viro,
967 2489 1094 2552 quod
1116 2488 1338 2551 significet
1355 2489 1650 2548 intellectum,
1685 2493 1766 2554 qui
1804 2491 1867 2538 est
1889 2490 2010 2539 fidei.
2064 2492 2211 2555 Quod
2239 2493 2378 2540 etiam

385 2553 639 2600 exstinxerit
663 2553 936 2606 charitatem,
973 2570 1079 2618 quae
1102 2566 1294 2601 vocatur
1313 2555 1527 2618 parvulus
1543 2556 1616 2603 seu
1633 2557 1866 2620 puerulus,
1901 2557 2006 2606 inde
2022 2557 2194 2606 constat
2216 2579 2232 2613 3
2267 2572 2376 2604 nam

384 2620 464 2730 q'usi
481 2631 616 2683 negat
646 2618 718 2666 seu
742 2631 869 2667 necat
891 2619 1051 2676 fidem,
1087 2619 1221 2667 fimul
1243 2622 1380 2668 etiam
1402 2632 1541 2685 negat
1568 2623 1618 2669 δε
1654 2635 1784 2670 necat
1807 2623 2084 2680 charitatem,
2117 2620 2375 2686 perfidem,

379 2699 434 2731 na
453 2696 641 2731 centem.
2242 2700 2244 2702 ’

450 2767 482 2809 4
489 2766 562 2811 30.
598 2750 818 2798 Parvulus
857 2750 928 2798 seu
966 2751 1183 2814 puerulus
1218 2754 1265 2799 in
1288 2752 1444 2801 Verbo
1460 2763 1462 2765 ’
1477 2752 1702 2816 fignificat
1737 2753 2066 2809 Innocentiam,
2100 2763 2202 2799 tum
2239 2752 2378 2799 etiam

388 2814 682 2870 Charitatem,
714 2832 820 2863 nam
846 2832 953 2863 vera
975 2819 1229 2864 innocentia
1250 2833 1342 2865 non
1366 2818 1499 2864 datur
1521 2818 1683 2880 absque
1706 2818 1931 2873 charitate,
1966 2818 2017 2864 &
2034 2833 2155 2871 ‚vera
2192 2817 2380 2865 charitas

387 2894 481 2925 non
526 2878 686 2941 absque
710 2882 994 2936 innocentia3
1043 2881 1144 2929 sunt
1180 2894 1297 2931 tres,
1306 2882 1472 2945 gradus
1503 2883 1796 2939 Innocentiae,
1831 2884 1912 2944 qui
1949 2884 1995 2929 in
2033 2882 2188 2930 Verbo
2223 2881 2378 2929 distin-

389 2955 594 3006 guuntur
609 2957 687 3006 per
703 2946 955 3001 Lactentes,
991 2945 1186 2994 Infantes
1202 2948 1251 2994 &
1273 2946 1491 2993 Puerulos
1518 2968 1533 3002 3
1568 2947 1618 2994 &
1641 2948 1747 3010 quia
1762 2963 1868 2993 vera
1889 2948 2149 2995 Innocentia
2170 2964 2263 2996 non
2296 2948 2377 2994 da-

387 3009 488 3069 bilis
516 3008 579 3054 est
600 3007 759 3071 absque
771 3025 879 3056 vero
894 3027 1069 3067 amore,
1097 3013 1147 3058 δι
1168 3011 1394 3070 charitate,
1421 3012 1555 3058 etiam
1570 3027 1651 3075 per
1665 3011 1862 3068 eosdem,
1878 3028 2042 3075 nempe
2053 3029 2134 3077 per
2149 3014 2380 3068 lactentes,

389 3071 578 3120 infantes
600 3074 649 3120 &
681 3075 910 3137 puerulos,
945 3076 1365 3137 fignificanturrtres
1410 3076 1576 3141 gradus
1599 3078 1779 3134 amoris,
1816 3079 1896 3140 qui
1935 3077 2052 3135 sunt,
2089 3095 2218 3127 amor
2253 3092 2377 3127 tener

389 3139 502 3185 ficut
522 3139 752 3185 Lastentis
769 3155 875 3201 erga
903 3152 1093 3186 matrem
1110 3139 1183 3186 seu
1200 3141 1422 3187 nutricem
1449 3163 1463 3196 3
1499 3157 1628 3188 amor
1641 3142 1753 3190 ficut
1784 3142 1971 3190 Infantis
2004 3159 2108 3207 erga
2131 3147 2332 3208 parentes
2357 3163 2373 3196 3

379 3204 438 3252 ὅτ
453 3203 640 3252 charitas
661 3204 772 3252 sicut
788 3204 971 3252 Pueruli
993 3220 1100 3267 erga
1121 3204 1430 3255 instructorem
1450 3228 1465 3264 3
1501 3219 1554 3255 ut
1570 3207 1902 3276 apud—Esaiam,
1939 3215 1973 3273 {f
2008 3207 2376 3319 Commoraibitur

2165 3279 2205 3338 j}
2254 3285 2372 3334 upus
