2788 3736
888 241 1318 308 CAPUT
1412 240 2043 306 TERTIUM.
2348 247 2430 310 61

488 397 595 432 222.
633 378 782 444 Qod
815 379 1041 427 occultare
1075 378 1117 426 se
1141 395 1165 427 a
1189 377 1310 427 facie
1341 376 1552 439 jehovae,
1588 376 1643 422 fit
1666 376 1826 425 timere
1859 377 2103 436 dictamen,
2155 377 2270 425 ficut
2287 378 2443 430 ⁸solem:

417 446 585 496 conscii
619 446 745 504 mali,
778 445 952 494 constat
974 462 1000 492 a
1029 445 1237 508 responso
1270 459 1447 498 eorum,
1483 440 1609 488 vers:
1642 459 1718 498 10,
1755 443 1834 490 ubi
1867 443 1986 500 haec,
2022 459 2188 491 vocem
2212 456 2337 492 tuam
2362 462 2441 492 au-

416 513 515 559 divi
539 514 587 559 in
617 512 766 570 horto,
801 513 852 559 &
876 514 1029 568 timui,
1065 513 1172 575 quia
1195 509 1359 557 nudus.
1430 508 1587 554 Facies
1609 507 1805 567 Jehovae
1844 508 1918 555 seu
1954 510 2149 557 Domini
2180 510 2244 558 est
2259 510 2440 559 Miseri·

415 579 586 634 cordia,
622 579 735 636 Pax,
779 578 829 626 δε
862 594 1001 626 omne
1039 579 1240 630 Bonum,
1290 586 1343 620 ut
1375 572 1546 619 constat
1585 572 1716 647 clare·
1736 590 1762 619 a
1794 575 2128 632 Benedictione,
2184 582 2219 603 ‘⁶
2254 578 2438 626 Lucere

409 641 449 670 ⁶⁶
483 643 614 691 faciat
638 644 847 706 Jehovah
868 646 1016 692 Facies
1036 641 1129 687 suas
1150 640 1207 686 ad
1228 652 1289 694 te,
1304 639 1634 700 &Msereatur
1650 649 1742 686 tui:
1771 639 1936 686 Elevet
1953 640 2160 699 Jehovah
2172 644 2321 691 Facies
2343 644 2437 692 suas

414 714 450 736 ⁶⁶
483 710 540 756 ad
576 722 638 767 te,
688 712 738 758 ὅτ
781 720 921 773 ponat
953 707 1036 754 tibi
1075 705 1282 760 Pacem,”
1324 704 1487 751 Num:
1516 719 1600 751 vr:
1640 720 1720 765 25,
1762 705 1837 753 26.
1909 706 1974 751 Et
2019 708 2142 768 apud
2183 710 2434 766 Davidem,

414 780 449 802 ⁶⁶
483 777 611 823 Deus
633 778 880 838 misereatur
901 771 1058 827 nostri,
1094 772 1144 819 &
1170 770 1405 818 benedicat
1442 769 1589 826 nobis,
1626 768 1774 817 lucere
1805 768 1938 818 faciat
1961 772 2110 818 Facies
2132 772 2225 820 suas
2256 775 2436 833 nobis,''

412 840 592 890 Psalm:
631 855 769 887 van
792 857 803 888 :
842 855 890 895 2,
924 838 974 886 δε
995 837 1120 894 alibi,
1160 843 1194 865 ‘⁶
1229 836 1376 885 Multi
1401 836 1616 892 dicentes,
1651 837 1754 899 quis
1777 836 1931 883 videre
1953 853 2035 883 nos
2066 836 2197 885 faciet
2216 841 2398 889 Bonum
2420 865 2436 898 ς

415 912 449 934 “
483 907 635 954 attolle
655 904 787 968 super
809 921 890 953 nos
907 904 1059 951 lucem
1081 905 1304 951 Facierum
1321 915 1522 958 tuarum,
1547 901 1803 963 Jehovah,''
1827 901 2004 949 Psalm:
2035 919 2120 951 1v:
2149 920 2193 968 7,
2223 909 2264 952 8.
2292 906 2433 954 Mise-

412 972 602 1019 ricordia
625 973 817 1019 Domini
850 971 1097 1035 appellatur
1139 969 1244 1017 ideo
1266 968 1477 1031 Angelus
1507 966 1743 1022 facierum,
1779 968 1901 1032 apud
1925 967 2122 1026 Esaiam,
2184 975 2217 997 ‘⁶
2251 974 2431 1034 Mseri-

413 1042 448 1064 ‘⁶
483 1039 647 1086 cordias
669 1037 862 1097 Jehovae
900 1052 1153 1084 memorare
1175 1034 1357 1092 faciam,
1387 1034 1595 1081 retribuit
1616 1035 1679 1081 eis
1715 1033 1966 1082 secundum
1989 1037 2296 1098 misericordias
2319 1037 2431 1095 suas,

414 1109 449 1131 ⁶⁶
483 1105 533 1150 δε
563 1103 811 1150 secundum
846 1102 1191 1151 multitudinem
1215 1100 1597 1165 misericordiarum
1635 1099 1833 1157 suarum,
1869 1101 1918 1148 &
1942 1099 2087 1150 faetus
2124 1103 2177 1148 iis
2210 1103 2256 1149 in
2281 1104 2433 1151 Salva·

414 1173 449 1196 ‘⁶
482 1181 660 1224 torem·,
697 1170 744 1216 in
768 1171 896 1217 omni
919 1168 1124 1232 angustia
1144 1184 1323 1224 eorum,
1343 1167 1454 1214 'non
1477 1165 1694 1229 angustia,
1734 1167 1784 1213 ὅτ
1809 1167 2021 1230 Angelus
2049 1169 2267 1231 facierum
2289 1170 2433 1232 Ipfius

411 1239 444 1273 ⁶⁶
479 1233 666 1282 salvavit
696 1251 788 1292 eos,
825 1247 1013 1299 propter
1033 1236 1230 1284 Amorem
1253 1232 1418 1298 Ipfius,
1453 1232 1504 1280 &
1541 1245 1728 1297 propter
1750 1232 2054 1281 Clementiam
2078 1234 2219 1297 Ipfius
2241 1234 2338 1298 Ipse
2361 1253 2431 1284 re·

410 1305 443 1328 ‘⁶
479 1301 624 1348 demit
643 1304 768 1358 eos,’'
795 1318 953 1349 mun:
984 1318 1030 1366 7,
1059 1306 1104 1358 8,
1130 1320 1176 1364 9.

475 1384 584 1431 223.
621 1368 747 1416 Cum
769 1368 964 1416 Domini
988 1369 1143 1416 Facies
1181 1367 1236 1415 sit
1258 1366 1588 1423 Misericordia,
1621 1366 1719 1414 Pax
1754 1366 1805 1414 δε
1835 1383 1972 1414 omne
1996 1368 2198 1424 Bonum,
2236 1368 2428 1427 constat,

407 1434 535 1496 quod
558 1433 778 1498 nusquam
801 1435 1016 1498 aliquem,
1052 1449 1192 1497 quam
1215 1449 1272 1481 ex
1288 1432 1604 1480 Misericordia
1626 1431 1807 1495 aspiciat
1827 1454 1841 1488 ;
1877 1434 1928 1480 δε
1967 1434 2096 1496 quod
2118 1433 2340 1498 nusquam
2371 1436 2429 1483 ab

407 1499 559 1563 aliquo
582 1498 742 1547 faciem
760 1513 930 1548 avertat
953 1523 969 1556 ·,
990 1499 1063 1548 sed
1088 1499 1216 1564 quod
1239 1499 1382 1547 homo
1405 1499 1475 1556 fit,
1499 1514 1608 1546 curn
1632 1499 1679 1546 in
1700 1498 1839 1556 malo,
1864 1498 1946 1563 qui
1968 1497 2094 1547 suam
2115 1498 2277 1548 faciem
2301 1517 2427 1548 aver-

405 1566 494 1621 tit;
531 1578 584 1612 ut
606 1583 632 1613 a
650 1568 860 1614 Domino
897 1583 977 1630 per
1015 1565 1190 1614 Esaiam
1223 1566 1418 1622 dietum,
1456 1570 1491 1592 ⁶⁶
1525 1566 1786 1629 Iniquitates
1819 1564 1980 1613 vestrae
2019 1565 2138 1623 sunt,
2163 1582 2270 1629 quae
2307 1567 2428 1631 sepa-

411 1636 446 1658 ‘⁶
480 1644 581 1679 rant
628 1634 745 1680 inter
776 1649 877 1690 vos,
926 1634 979 1681 &
1015 1635 1130 1680 inter
1174 1633 1328 1679 Deum
1377 1630 1614 1687 vestrum,
1662 1631 1713 1678 δε
1751 1643 1935 1695 peccata
1979 1631 2123 1679 vestra
2161 1632 2431 1681 abscondere

406 1700 443 1723 ‘⁶
476 1695 648 1746 faciunt
670 1697 802 1746 facies
834 1716 860 1746 a
880 1698 1063 1755 vobis,”
1107 1714 1220 1746 Lxx:
1250 1716 1293 1747 2.
1329 1698 1398 1745 Ita
1434 1713 1619 1762 quoque
1657 1697 1748 1754 hic,
1796 1698 1925 1761 quod
1957 1698 2285 1746 occultaverint
2320 1698 2364 1747 se
2403 1715 2430 1747 a

410 1760 520 1810 facie
543 1764 755 1823 Jehovae,
788 1766 896 1827 quia
917 1765 1043 1811 nudi.
1306 1789 1317 1795 -

476 1845 588 1888 224.
624 1828 952 1887 Misericordia,
988 1831 1100 1887 Pax,
1136 1845 1273 1877 omne
1297 1831 1498 1886 Bonum,
1533 1827 1608 1877 seu
1647 1827 1783 1877 facies
1804 1829 2013 1890 Jehovae,
2050 1828 2152 1877 sunt
2190 1846 2298 1895 quae
2320 1846 2426 1878 cau-

408 1893 559 1940 santur
581 1894 807 1942 dictamen
831 1896 953 1958 apud
976 1911 1070 1952 eos»,
1105 1897 1185 1958 qui
1209 1898 1551 1958 perceptionem
1574 1894 1773 1950 habent3
1808 1896 1943 1943 etiam
1969 1897 2091 1959 apud
2113 1912 2189 1944 eos
2210 1898 2291 1960 qui
2315 1913 2428 1944 con-

408 1957 652 2016 scientiam,
688 1959 763 2007 sed
786 1975 896 2008 cum
914 1960 1178 2016 differentia,
1214 1961 1264 2008 δε
1286 1973 1529 2024 operantur
1551 1959 1726 2024 semper
1748 1960 2092 2008 misericorditer
2113 1983 2128 2016 ς
2165 1962 2240 2008 sed
2264 1965 2427 2026 recipi-

407 2038 547 2072 untur
569 2025 816 2073 stcundum
841 2026 1024 2083 statum,
1061 2027 1107 2073 in
1130 2042 1226 2090 quo
1248 2026 1404 2073 horno.
1454 2026 1604 2073 Status
1625 2023 1760 2089 hujus
1783 2025 1999 2084 hominis,
2026 2027 2098 2074 seu
2117 2026 2252 2091 hujus
2275 2029 2426 2091 poste-

406 2091 543 2139 ritatis
560 2093 900 2155 Antiquiffimae
917 2092 1148 2149 Ecclefiae,
1187 2105 1280 2139 erat
1303 2094 1487 2140 Bonum
1511 2092 1726 2139 Naturale
1745 2114 1760 2148 ·,
1801 2093 1851 2140 &
1874 2094 1955 2156 qui
1988 2095 2034 2140 in
2070 2092 2192 2141 bono
2215 2095 2427 2152 naturali,

406 2157 513 2204 tales
537 2156 654 2215 sunt,
691 2170 745 2204 ut
767 2155 808 2206 se
837 2159 1070 2206 occultent
1103 2174 1162 2205 ex
1186 2160 1368 2216 timore,
1402 2158 1454 2206 δε
1500 2174 1556 2205 ex
1592 2158 1767 2222 pudore
1800 2159 1929 2222 quod
1962 2159 2104 2207 nudi:
2142 2161 2221 2223 qui
2244 2176 2355 2207 vero
2376 2163 2426 2207 inz

406 2223 534 2270 nullo
573 2223 696 2271 bono
734 2225 923 2272 naturali
953 2225 1072 2280 sunt,
1123 2241 1178 2272 ne
1210 2225 1400 2288 quidem
1432 2223 1475 2272 se
1514 2223 1763 2281 occultant,
1798 2226 1905 2287 quia
1944 2241 2035 2273 non
2066 2226 2326 2289 pudefiunt,
2363 2227 2421 2274 de

407 2289 574 2352 quibus
593 2289 715 2353 apud
732 2291 998 2351 Jeremiam,
1034 2292 1161 2354 Cap:
1190 2306 1292 2338 v111
1315 2310 1326 2340 :
1359 2305 1435 2348 12,
1471 2308 1543 2354 13.
1573 2291 1781 2338 videatur
1802 2291 1926 2354 prius
1961 2307 2103 2338 num:
2130 2308 2240 2356 217.

476 2372 585 2418 225.
623 2356 770 2421 Qod
803 2358 1011 2405 medium
1040 2357 1208 2405 arboris
1231 2358 1350 2405 horti
1384 2357 1606 2421 significet
1630 2358 1813 2405 Bonum
1838 2358 2051 2414 naturale,
2087 2358 2134 2404 in
2158 2374 2253 2421 quo
2275 2358 2422 2422 aliqua

408 2422 656 2484 perceptio,
702 2438 810 2486 quae
849 2436 1039 2472 vocatur
1071 2423 1217 2481 arbor,
1266 2423 1465 2471 constare
1504 2422 1650 2486 potest
1688 2424 1825 2471 etiam
1859 2423 1915 2470 ab
1953 2423 2104 2481 horto,
2140 2425 2186 2470 in
2209 2441 2303 2488 quo
2333 2423 2426 2473 fuit

408 2486 601 2534 coelestis
623 2487 781 2545 homo,
817 2506 924 2537 nam
954 2506 1091 2538 omne
1131 2491 1178 2537 id
1202 2502 1392 2538 vocatur
1430 2489 1605 2546 hortus,
1639 2489 1767 2553 quod
1807 2488 1981 2536 bonum
2019 2490 2069 2537 &
2092 2505 2275 2548 verum,
2310 2507 2420 2538 cum

407 2551 658 2600 differentia
693 2553 940 2603 secundum
963 2555 1216 2613 hominem,
1252 2558 1333 2620 qui
1370 2555 1503 2602 illum
1526 2556 1656 2603 colit:
1695 2557 1879 2603 Bonum
1902 2572 1995 2603 non
2018 2556 2081 2603 est
2110 2555 2302 2614 bonum,
2337 2558 2421 2604 nist

407 2619 625 2666 intimum
649 2617 744 2683 ejus
767 2620 823 2667 fit
838 2620 1035 2677 coeleste,
1055 2638 1112 2668 ex
1131 2638 1242 2684 quo,
1267 2621 1339 2669 seu
1362 2638 1444 2685 per
1465 2621 1592 2685 quod
1615 2638 1640 2668 a
1660 2622 1890 2679 Domino,
1909 2623 2139 2686 perceptio
2158 2645 2179 2679 ;.
2197 2624 2421 2671 intimum

406 2685 494 2732 hoc
518 2697 708 2732 vocatur
730 2687 955 2743 medium,
990 2700 1042 2734 ut
1062 2689 1198 2734 etiam
1220 2689 1267 2734 in
1287 2688 1457 2735 Verbo.
2418 2734 2421 2737 .

479 2752 588 2799 226.
626 2752 746 2798 Vers
755 2770 766 2798 :
805 2772 852 2817 9,
885 2770 956 2801 10.
1010 2754 1073 2799 Et
1097 2753 1304 2801 clamavit
1326 2753 1530 2816 Jehovah
1556 2755 1674 2801 Deus
1695 2754 1757 2800 ad
1776 2754 1994 2810 hominem,
2032 2755 2088 2804 ὅ
2113 2755 2224 2802 dixit
2246 2758 2300 2812 ei,
2338 2756 2419 2803 ubi

406 2827 468 2863 tu.
538 2820 603 2865 Et
625 2818 754 2874 dixit,
789 2836 930 2866 vocem
953 2829 1072 2866 tuam
1094 2820 1248 2866 audivi
1270 2822 1316 2866 in
1353 2820 1496 2875 horto,
1528 2819 1583 2868 {9⁹
1619 2822 1761 2875 timui,
1796 2822 1894 2883 quia
1925 2820 2058 2867 nudus
2080 2836 2167 2882 Ψ,
2203 2821 2258 2869 &²
2282 2822 2418 2869 occulss-

408 2885 507 2929 tavi
529 2900 604 2930 me.
675 2885 807 2948 Qlid
838 2885 1045 2942 clamare,
1078 2885 1192 2948 quid
1218 2901 1313 2932 vox
1344 2886 1390 2932 in
1414 2885 1565 2941 horto,
1605 2886 1655 2933 &
1679 2901 1759 2932 cur
1781 2887 2015 2932 timuerint
2035 2886 2160 2949 quod
2186 2887 2314 2943 nudi,
2350 2888 2419 2934 se·-

407 2963 497 3009 que
520 2949 862 3007 occultaverint,
896 2953 1022 3014 prius
1060 2952 1338 3014 explicatum
1369 2951 1452 2998 est:
1507 2952 1769 2999 Commune
1797 2953 1842 2998 in
1868 2951 2022 2999 Verbo
2044 2951 2130 3009 est,
2158 2953 2285 3015 quod
2319 2955 2412 3015 pri-

410 3028 540 3059 mum
576 3015 875 3080 interrogetur
906 3017 1064 3074 home,
1100 3018 1180 3064 ubi
1216 3018 1265 3064 δε
1306 3018 1435 3081 quid,
1473 3018 1646 3064 tametsi
1670 3018 1901 3081 Dominus
1923 3019 2077 3065 omnia
2098 3020 2224 3081 prius
2249 3021 2377 3066 novit
2394 3042 2417 3075 3,

410 3077 483 3124 sed
507 3079 632 3127 causa
653 3082 1010 3146 interrogationis
1034 3082 1113 3139 est,
1148 3095 1200 3130 ut
1222 3083 1365 3130 homo
1398 3084 1607 3147 agnoscat
1630 3084 1679 3131 δε
1703 3084 1979 3131 confiteatur.

477 3160 584 3208 227.
623 3146 711 3192 Sed
741 3145 989 3204 sciendum,
1023 3149 1147 3196 unde
1179 3151 1427 3213 perceptio,
1464 3150 1708 3206 dictamen,
1760 3151 1809 3197 &
1850 3150 2147 3205 conscientia;
2182 3151 2269 3198 hoc
2306 3151 2418 3213 quia·

408 3209 591 3272 prorsus
619 3212 832 3274 ignotum
873 3214 1007 3263 bodie
1037 3214 1122 3272 est,
1154 3216 1323 3280 aliquid
1346 3216 1402 3263 de
1425 3232 1479 3263 eo
1503 3214 1662 3265 referre
1688 3217 1816 3264 licet:
1854 3218 2147 3265 Veriffimum
2169 3217 2246 3273 est,
2266 3216 2415 3328 lquodi

659 3307 663 3309 ,
2279 3297 2416 3328 tomo·
