2788 3736
364 284 450 360 84
841 256 1653 338 GENESJ
1739 254 1832 338 S(

364 415 600 471 turiverit3
635 413 697 461 est
729 413 851 459 enim
874 411 1198 474 Antiquiffima
1213 408 1428 467 Ecclefia‚
1464 408 1521 455 de
1560 422 1651 472 qua
1685 409 1749 457 ibi
1772 409 1936 473 agitur,
1950 423 1954 428 ·
1970 409 2020 457 &
2042 420 2233 457 vocatur
2247 409 2366 458 'Ho-

369 499 465 538 mo,
496 482 579 544 qui
602 480 714 526 dum
746 489 935 524 vocatur
957 476 1130 530 Adam,
1165 475 1387 539 fignificat
1421 474 1550 538 quod
1588 474 1730 522 homo
1753 491 1810 522 ex
1830 474 1991 530 humo,
2026 474 2100 522 seu
2123 476 2249 538 quod
2282 475 2364 523 ho-

371 563 451 605 mo
488 546 626 593 factus
656 561 688 591 -a
723 560 813 591 non
842 543 1045 598 homine,
1095 558 1175 606 per
1197 542 1602 603 Regenerationem
1626 556 1652 587 a
1673 540 1881 587 Domino
1896 562 1915 595 ,ς
1950 539 2050 588 haec
2081 542 2278 588 nominis
2299 540 2366 587 est

370 607 516 675 origo,
551 612 601 658 δε
637 609 734 657 haec
752 609 962 656 nominis
1000 607 1279 670 significatio.
1347 606 1437 653 Sed
1459 605 1820 660 Haereditarium
1846 604 2029 661 Malum
2069 604 2111 653 se
2133 607 2194 653 ita
2215 605 2365 663 habet,

371 678 494 741 quod
537 673 852 738 unusquisque,
887 675 984 737 qui<
1003 673 1171 721 actuale
1210 684 1448 736 peccatum
1473 673 1742 728 committit,
1777 672 1814 717 is
1845 669 1927 718 fibi
1951 670 2055 717 inde
2078 671 2264 719 inducat
2285 686 2364 718 na-

371 756 535 799 turam,
571 742 621 788 &
656 740 828 789 malum
861 739 965 788 inde
988 738 1282 801 implantatur
1305 737 1469 794 liberis,
1503 738 1553 785 &
1577 737 1631 784 fit
1667 735 2019 801 haereditarium,
2055 736 2117 782 ita
2137 751 2162 783 a
2183 749 2365 799 parente

370 809 644 870 unoquoviS‚
678 806 733 852 ab
761 805 856 868 ejus
897 820 999 861 avo,
1035 820 1222 868 proavo,
1258 815 1403 860 atavo,
1455 803 1506 850 δε
1544 801 1907 850 antecedentibus
1946 801 2119 857 ordine,
2154 800 2281 864 quod
2303 801 2368 848 fic

371 873 695 936 multiplicatur
718 873 766 919 &
784 870 937 923 crescit
961 871 1008 916 in
1031 869 1124 932 ejus
1147 869 1398 934 posteritate
1415 867 1727 925 descendente,
1760 869 1810 915 δε
1835 879 2033 914 remanet
2056 867 2182 930 apud„
2195 881 2366 915 unum-

372 939 598 1001 quemvis,
629 949 762 1000 atque
801 936 922 999 apud
962 936 1319 998 unumquemvis
1354 945 1546 998 augetur
1567 950 1650 998 per
1681 932 1867 992 actualia
1900 931 1996 996 ejus
2027 943 2240 997 peccata3
2281 947 2369 980 nec

370 1005 601 1066 diffipatur
632 1002 691 1050 fic
720 1014 772 1048 ut
801 1018 892 1050 non
922 1014 1095 1059 noceat,
1146 1016 1287 1064 quam
1321 1001 1443 1064 apud
1471 1016 1563 1057 eos,
1611 1002 1692 1063 qui
1731 1015 1756 1046 a
1793 1001 2000 1047 Domino
2031 1007 2385 1062 regenerantur.'

373 1069 484 1121 Hoc
517 1067 723 1131 quisque,
758 1067 1066 1123 flattenderit,
1101 1065 1208 1114 scire
1240 1065 1402 1130 potest,
1437 1081 1494 1113 ex
1527 1081 1598 1122 eo,
1633 1065 1760 1128 quod
1796 1065 1928 1112 malae
1959 1077 2197 1127 parentum
2228 1063 2367 1111 incli0‘

360 1136 586 1182 'nationes
603 1133 832 1180 visibiliter
863 1145 1069 1179 maneant
1091 1134 1138 1180 in
1162 1131 1325 1189 liberis,
1359 1133 1495 1180 itaut
1530 1147 1620 1179 una
1657 1129 1844 1188 familia,
1879 1132 1976 1178 imo
2015 1146 2106 1178 una
2136 1129 2370 1193 generatio

373 1199 602 1265 ab-altera,
637 1199 741 1250 inde
771 1211 903 1262 queat
925 1196 1142 1261 dignosci.

373 1343 2358 1438 3ξὲἰέἓίἒῖξὲἦὲἰέἓέὶίἓὲξὲΐὲΰέἓῇξὲἰὲἓίἓὲἰέὒὲΰέἓῇἰὲἓξὲξὲΰὲἓῖἰὲᾒέἓΰὲξὲἱὲἓ

468 1549 882 1639 ContinuatiO,
950 1549 1026 1613 de
1067 1551 1326 1612 introitu
1376 1546 1636 1613 hominis
1660 1549 1724 1611 in
1748 1549 1936 1612 vitam
1969 1563 2269 1612 aeternam.
2345 1600 2348 1602 .

382 1747 503 1799 314.
542 1728 746 1834 AN
759 1732 806 1782 G
825 1731 875 1782 E
895 1730 944 1782 L
964 1732 1003 1782 I
1011 1729 1311 1800 spirituales,
1348 1728 1404 1781 de
1427 1728 1590 1800 quibus
1603 1729 1764 1799 prius,
1792 1728 2031 1799 postquam
2055 1729 2189 1793 data,
2210 1729 2366 1800 Resu-

681 1803 863 1873 scitato
884 1802 975 1873 seu
999 1803 1212 1865 Animae,
1259 1802 1378 1854 lucis
1403 1803 1564 1875 usura,
1602 1814 1658 1853 ut
1676 1803 1736 1872 se
1760 1802 2116 1874 circumspicere
2129 1804 2278 1874 poffit,
2317 1803 2364 1855 ei

377 1875 546 1928 omnia,
574 1875 748 1946 officia,
782 1894 888 1947 quae
929 1876 1119 1948 usquam
1158 1874 1415 1942 defiderare
1459 1875 1512 1926 in
1551 1875 1628 1926 illo
1645 1875 1774 1943 statu
1803 1875 1964 1945 potest,
1999 1877 2265 1946 praestant3
2303 1894 2369 1929 ae

379 1948 613 2016 instruunt
655 1968 756 2000 eum
794 1948 849 2000 de
886 1948 996 2011 illis,
1035 1967 1139 2020 quae
1163 1949 1284 2017 sunt
1310 1947 1362 1999 in
1386 1948 1541 1999 altera
1566 1947 1693 2010 vita,
1714 1948 1809 2018 st’d
1827 1959 2054 2021 quantum
2080 1959 2246 2018 capere
2273 1962 2365 2020 po-

379 2021 462 2082 test
477 2041 494 2072 .·
528 2021 584 2092 si
602 2021 653 2073 in
672 2021 779 2093 fide
803 2020 937 2093 fuit,
976 2022 1032 2073 ὃ
1074 2019 1315 2089 desiderat,
1352 2021 1497 2072 etiam
1536 2022 1580 2072 ei
1612 2019 1860 2073 mirabilia
1884 2021 1940 2072 &³
1966 2022 2219 2092 magnifica
2245 2023 2369 2076 Coeli

378 2113 402 2145 o
438 2093 624 2146 endunt.
776 2098 779 2100 “

383 2093 437 2163 st
459 2185 486 2237 3
501 2180 521 2218 Ι
534 2184 581 2237 5.
619 2169 695 2219 At
703 2166 755 2233 st
782 2185 869 2219 non
891 2165 1020 2229 talis,
1059 2178 1114 2218 ut
1137 2166 1309 2237 instrui
1332 2166 1467 2230 velit,
1494 2178 1608 2219 tunc
1632 2167 1761 2237 cupit
1784 2166 2201 2240 Rcfislcitatusstu
2227 2169 2362 2222 Ani-

381 2259 474 2304 ma,
512 2240 574 2292 ab
598 2240 887 2311 Angelorum
925 2239 1159 2310 consortio,
1212 2239 1332 2311 quod
1356 2240 1537 2310 Angeli
1575 2241 1792 2311 exqugfite
1823 2242 2116 2311 percipiunt,
2153 2262 2265 2296 nam
2309 2243 2362 2295 'in

380 2314 537 2366 altera
572 2313 682 2365 vita
717 2312 866 2364 datur
889 2313 1237 2364 communicatio
1267 2312 1466 2364 omnium
1490 2312 1704 2365 idearum
1729 2315 2024 2383 cogitationis
2045 2335 2062 2365 .·
2102 2316 2160 2367 ὃ
2183 2316 2370 2387 quando

380 2388 512 2456 cupit
550 2385 610 2438 ab
644 2386 759 2449 illis,
796 2397 909 2443 tunc
947 2385 1024 2436 illi
1066 2404 1153 2436 non
1197 2386 1466 2456 relinquunt
1490 2405 1607 2448 eum,
1639 2386 1725 2452 sed
1746 2388 1797 2438 'is
1823 2387 1882 2457 st’
1906 2386 2114 2459 diffociat
2138 2389 2200 2440 ab
2223 2389 2320 2441 illis
2341 2410 2359 2441 ε

377 2459 561 2528 Angeli
608 2458 956 2529 unumquemvis
1003 2470 1184 2520 amant,
1242 2460 1298 2510 69⁹
1348 2459 1474 2511 nihil
1506 2460 1649 2528 prius
1694 2459 1965 2529 desiderant,
2016 2481 2166 2533 quam
2211 2462 2366 2533 officia

362 2531 620 2606 praestare,
650 2531 893 2621 itssruere,
932 2532 987 2583 &
1012 2532 1207 2600 auferre
1229 2533 1282 2583 in
1303 2532 1475 2583 Caelum
1495 2557 1511 2595 3
1548 2532 1600 2584 in
1625 2551 1672 2584 eo
1694 2533 1880 2585 illorum
1902 2533 2095 2604 summa
2120 2534 2366 2588 deleb'latio
2450 2591 2453 2593 ,

380 2623 460 2657 con
477 2624 493 2655 z
528 2615 586 2658 tt.
1224 2619 1227 2621 ’
1272 2610 1277 2620 ’

442 2604 580 2748 {qo
619 2679 734 2729 Cum
757 2676 941 2729 Anima
948 2676 1007 2748 st
1030 2679 1104 2743 ita
1128 2676 1350 2749 diffiniat,
1389 2678 1628 2749 excipitur
1651 2699 1683 2731 a
1709 2678 1970 2750 Spiritibus
1992 2679 2135 2743 bonis,
2172 2681 2225 2732 in
2250 2674 2361 2750 quo-

385 2770 492 2802 rum
531 2750 751 2820 'consortio
798 2769 902 2802 cum
944 2749 1020 2820 est,
1063 2750 1206 2803 etiam
1250 2751 1295 2802 ei
1331 2750 1486 2804 omnia
1522 2751 1671 2823 officia
1703 2750 2000 2823 praestantur
2016 2772 2034 2802 .·
2072 2764 2128 2803 at
2153 2753 2212 2821 si
2250 2753 2362 2813 vita

382 2824 479 2891 ejus
516 2823 627 2879 talis
664 2823 715 2874 in
739 2822 903 2875 mundo
923 2824 1055 2893 fuit,
1096 2836 1150 2875 ut
1172 2843 1260 2876 non
1297 2825 1350 2875 in
1389 2824 1608 2894 consortio
1635 2825 1852 2877 bonorum
1876 2824 1956 2895 effe
1980 2825 2210 2893 potuerit,
2238 2838 2361 2879 tunc

385 2913 553 2968 quoque
598 2894 659 2946 ab
691 2896 753 2947 iis
801 2898 931 2965 cupit
949 2923 968 2960 3
1023 2898 1079 2949 &
1128 2898 1208 2950 hoc
1255 2896 1440 2948 tamdiu
1480 2897 1536 2948 &³
1574 2897 1725 2959 toties,
1766 2897 1901 2967 usque
1944 2896 2052 2948 dum
2073 2899 2133 2969 st
2171 2899 2359 2972 essociat

385 2968 573 3029 talibus,
611 2968 692 3038 qui
737 2969 859 3019 vitae
897 2969 992 3037 ejus
1040 2972 1091 3021 in
1136 2969 1316 3031 mundo,
1346 2968 1539 3038 prorsus
1584 2970 1879 3031 conveniunt,
1923 2969 2055 3039 apud
2073 2990 2178 3042 quos
2201 2974 2373 3026 vitam

385 3042 514 3113 quasi
531 3039 677 3109 sumn
720 3042 935 3103 invenit3
983 3043 1038 3093 δέ’
1079 3054 1207 3104 tunc,
1245 3042 1437 3104 mirum,
1494 3059 1599 3093 cum
1642 3042 1705 3093 iis
1734 3042 1939 3111 similem
1987 3044 2144 3097 vitam
2186 3057 2359 3117 agunt,

383 3115 562 3187 qualem
613 3109 675 3165 in'
709 3125 894 3185 corpore
914 3134 932 3164 .·
971 3115 1068 3184 fid
1100 3133 1204 3168 cum
1243 3114 1295 3167 in
1335 3114 1467 3167 illam
1508 3114 1670 3167 vitam
1711 3115 1879 3188 relapst
1893 3116 2033 3187 stcnt,
2090 3130 2203 3171 tunc
2250 3118 2360 3171 inde

2283 3191 2358 3262 fif
