2788 3736
384 271 526 353 484
946 263 1920 336 GENESJS.

386 399 533 464 potest
556 417 580 447 a
604 395 926 463 significatione
964 399 1165 463 AEgypti
1199 398 1328 463 quod
1361 398 1415 446 sit
1443 392 1621 449 scientia
1644 403 1980 465 cognitionum,
2015 415 2074 465 ut,
2095 405 2221 471 prius
2246 404 2395 456 osteni

389 466 486 513 ssim
508 489 521 522 3
548 467 596 512 δε
621 465 724 512 inde
738 465 850 529 quid
869 465 1107 529 significet,
1133 471 1167 492 “
1185 465 1217 513 fi
1234 466 1428 513 viderint
1437 466 1705 531 AEgyptii,”
1724 469 1848 532 quod
1866 485 2030 535 nempe
2040 473 2137 520 talis
2153 474 2222 531 fit,
2248 475 2395 539 qualis

389 532 652 579 describitur
669 533 715 578 in
738 532 825 580 hoc
849 531 977 579 versu
999 554 1014 589 3
1050 531 1231 580 scientia
1256 534 1574 597 cognitionum
1598 534 1685 581 hoc
1703 533 1854 582 secum
1879 530 2012 584 habet
2032 559 2047 593 3
2081 539 2131 586 δι
2154 540 2393 604 estquod·

387 598 495 645 dam
520 598 716 645 naturale
738 598 863 662 quod
881 598 991 646 inest
1019 621 1032 654 3
1066 600 1203 646 etiam
1238 598 1542 647 manifestatur
1573 601 1696 665 apud
1721 617 1904 665 pueros,
1941 619 2049 652 cum
2087 605 2291 666 primum
2324 608 2392 653 in·-

390 666 564 728 cipiunt
590 664 787 722 discere3
822 681 989 729 nempe
1030 682 1123 728 quo
1146 666 1303 713 altiora
1326 665 1443 723 sunt,
1480 683 1534 714 eo
1559 671 1705 730 magis
1728 670 1928 732 cupiant,
1966 666 2167 734 cumque
2191 671 2393 719 'audiunt

389 732 514 795 quod
557 732 771 779 Coelestia
798 734 846 780 δε
886 733 1073 789 Divina,
1111 733 1257 780 adhuc
1305 735 1485 796 magis3
1524 734 1596 781 sed
1621 733 1981 799 hocjucundum
2008 736 2072 785 est
2096 736 2308 793 naturale,
2344 739 2393 784 &

387 800 531 846 oritur
544 816 567 846 a
581 799 793 863 cupidine
810 814 915 863 quae
936 798 999 846 est
1009 799 1198 846 Externi
1214 799 1439 850 hominis:
1475 801 1575 847 haec
1599 803 1770 866 cupido
1792 801 1899 850 facit
1922 803 2045 866 apud
2062 803 2268 851 homines
2286 803 2394 851 alios

388 866 513 929 quod
525 864 787 929 jucundum
814 865 956 913 modo
981 878 1152 928 ponant
1170 868 1214 912 in
1239 865 1417 915 scientia
1439 869 1778 931 cognitionum,
1815 868 1977 933 absque
1994 869 2081 917 alio
2116 870 2239 925 fine3
2277 885 2388 917 cum

391 946 543 980 tamen
568 932 746 980 scientia
790 933 1108 995 cognitionum
1135 950 1227 980 non
1251 934 1375 981 aliud
1399 935 1469 991 fit,
1505 951 1642 998 quam
1671 935 1910 998 quoddam
1944 931 2295 992 instrumentale‚
2331 936 2394 983 ob

389 999 530 1047 finem
555 999 675 1056 usus,
710 1012 763 1047 ut
780 1015 943 1062 nempe
969 999 1205 1047 inserviant
1219 1000 1474 1048 coelestibus
1509 1003 1557 1047 δε
1590 1001 1891 1064 spiritualibus
1914 1019 2001 1066 pro
2039 1003 2169 1060 vafiS,
2206 1004 2255 1049 δε
2279 1015 2389 1055 tunc

389 1067 596 1130 primum
642 1082 751 1114 cum
788 1065 1046 1123 inserviunt,
1084 1065 1185 1113 sunt
1209 1068 1254 1114 in
1277 1066 1376 1126 usn,
1414 1069 1463 1115 δε
1490 1065 1754 1130 jucundum
1782 1067 1913 1114 suurn
1939 1069 1994 1115 ab
2027 1068 2107 1115 usu
2132 1069 2392 1132 accipiunt}

389 1132 635 1196 unicuique
659 1133 856 1180 constare
895 1132 1057 1194 potest,
1093 1134 1125 1179 fi
1150 1133 1356 1189 attendit,
1393 1134 1520 1197 quod
1539 1133 1720 1180 scientia
1759 1135 2079 1197 cognitionum
2120 1136 2167 1181 in
2207 1135 2249 1182 se
2282 1135 2408 1182 nihil-2

388 1199 511 1246 aliud
551 1200 619 1255 fit,
657 1196 795 1262 quam
834 1210 885 1244 ut
918 1198 1061 1244 homo
1097 1198 1175 1244 fiat
1208 1199 1446 1255 rationalis,
1484 1201 1533 1245 δε
1573 1198 1678 1245 inde
1718 1199 1973 1262 spiritualis,
1994 1202 2059 1247 ⁴&
2083 1200 2268 1248 tandem
2294 1217 2391 1248 coe-

389 1265 522 1324 lestis,
550 1267 597 1313 &
620 1282 702 1329 per
724 1265 819 1311 illas
834 1264 1062 1311 Externus
1085 1261 1181 1327 ejus
1205 1265 1347 1311 homo
1369 1263 1645 1328 adjungatur
1672 1263 1877 1322 Interno,
1903 1266 2032 1330 quod
2047 1256 2165 1314 'cum
2186 1266 2242 1314 fit
2262 1267 2323 1313 est
2348 1269 2396 1314 in
2407 1291 2411 1314 ·.

387 1333 484 1395 ipso
507 1331 604 1388 usu,
631 1333 838 1380 Internus
862 1330 1005 1377 homo
1036 1330 1148 1377 nihil
1172 1329 1337 1394 spedtat
1367 1331 1449 1394 nisi
1466 1330 1600 1387 usus3
1636 1330 1698 1378 ob
1721 1330 1853 1380 illum
1877 1331 2019 1378 finem
2043 1333 2178 1381 etiam
2202 1333 2394 1381 insinuat

346 1396 354 1403 ’
387 1400 619 1446 Dominus
633 1396 895 1462 jucundum
928 1396 1057 1461 quod
1096 1398 1287 1460 percipit
1326 1398 1518 1462 pueritia
1548 1399 1598 1444 δε
1627 1397 1918 1445 adolescentia
1949 1400 1997 1445 in
2027 1396 2248 1454 scientiis;
2285 1414 2395 1446 cum

386 1477 541 1512 autem
567 1466 714 1512 homo
747 1465 905 1528 incipit
920 1461 1183 1527 jucundum
1206 1479 1372 1528 ponere
1405 1461 1571 1519 insola
1604 1462 1800 1517 scientia,
1835 1463 1899 1510 est
1931 1464 2156 1527 cupiditas
2181 1475 2414 1528 corporea.

388 1547 495 1594 quae
519 1530 678 1589 aufert,
713 1532 763 1579 &
787 1533 835 1577 in
858 1542 1082 1595 quantum
1103 1527 1245 1577 aufert
1265 1529 1340 1577 seu
1363 1531 1494 1593 ponit
1518 1530 1565 1576 in
1587 1528 1677 1576 sola
1716 1527 1910 1586 scientia,
1947 1531 1992 1576 in
2027 1542 2206 1577 tantum
2245 1547 2411 1578 remo-st

388 1610 467 1645 vet
500 1597 542 1645 se
574 1615 599 1646 a
631 1597 819 1654 coelesti,
858 1602 907 1644 δε
948 1597 994 1644 in
1017 1608 1196 1644 tantum
1233 1595 1477 1645 scientifica
1513 1594 1554 1642 se
1590 1595 1810 1643 claudunt
1842 1595 1994 1643 versus
2025 1597 2304 1654 Dominum,
2342 1598 2394 1644 δε

389 1664 508 1712 fiunt
533 1664 800 1719 materialia3
841 1675 1064 1726 quantum
1089 1678 1199 1711 vero
1218 1661 1460 1710 scientifica
1483 1660 1775 1709 addiscuntur
1798 1661 1859 1709 ob
1875 1661 2016 1710 finem
2040 1660 2159 1720 usuS,
2179 1674 2232 1709 ut
2255 1662 2408 1727 prop-⁴·-

387 1743 456 1778 ter
493 1731 749 1779 societatem
781 1730 1047 1786 humanam,
1082 1741 1270 1795 propter
1287 1728 1538 1780 Ecclesiam
1570 1729 1767 1776 Domini
1799 1730 1847 1776 in
1880 1730 2026 1786 terris,
2062 1740 2248 1794 propter
2267 1730 2397 1793 Reg-

386 1814 502 1846 num
512 1799 705 1846 Domini
722 1798 769 1849 in
783 1796 930 1854 coeli's,
950 1797 1005 1855 ¹‹sz
1020 1794 1371 1861 magispropter
1385 1797 1666 1853 Dominum,
1684 1811 1740 1843 eo
1758 1796 2191 1861 magis-aperiuntur
2206 1816 2221 1851 3
2255 1811 2410 1859 quare·

385 1866 522 1912 etiam
547 1864 739 1932 Angeli,
759 1864 840 1928 qui
864 1866 911 1911 in
930 1862 1113 1911 scientia
1128 1865 1341 1912 omnium
1357 1865 1678 1928 cognitionum
1695 1860 1814 1918 sunt,
1838 1863 1889 1910 &
1905 1863 2096 1927 quidem
2117 1861 2211 1919 tali,
2236 1873 2289 1909 ut
2313 1859 2394 1909 vi'x

390 1943 478 1979 una
502 1947 604 1996 pars
634 1931 849 1994 myriadis
871 1930 1005 1993 poffit
1029 1929 1144 1978 tradi
1173 1929 1230 1978 ad
1262 1927 1452 1994 plenum
1477 1941 1664 1994 captum
1688 1929 1902 1986 hominis,
1926 1927 2065 1993 usque
2088 1926 2286 1975 scientias
2310 1943 2430 1993 pror·

321 2010 324 2013 ‘
387 1998 531 2046 nihilo
553 1998 775 2047 aesti'mant
788 1995 1030 2060 respefiive
1053 1996 1108 2043 ad
1135 1996 1282 2045 usum.
1353 1997 1429 2044 Ex
1451 1996 1520 2044 his
1542 1994 1741 2044 constare
1772 1995 1936 2060 potest,
1972 1994 2087 2058 qnid
2117 1993 2411 2057 significatur·

387 2080 470 2128 per
490 2065 607 2121 haec,
632 2080 740 2112 cum
758 2063 953 2110 viderint
967 2075 1010 2110 te
1028 2063 1260 2127 AEgyptii,
1280 2064 1329 2111 δε
1354 2063 1524 2121 dicent,
1549 2079 1667 2111 uxor
1689 2062 1807 2109 illius
1831 2062 1948 2118 haec,
1989 2061 2040 2109 ὅτ
2063 2060 2276 2122 occident
2299 2077 2408 2117 me,

388 2132 440 2178 ὅτ,
465 2143 509 2178 te
543 2130 843 2180 vivificabunt
862 2148 872 2178 ε
911 2130 998 2177 hoc
1019 2131 1127 2192 quia
1150 2131 1281 2177 novit
1303 2131 1537 2178 Dominus
1561 2145 1670 2177 cum
1693 2129 1831 2184 Puer,
1880 2129 1930 2175 &
1952 2128 2013 2173 ita
2035 2127 2280 2188 cogitavit,
2296 2126 2412 2173 haec·

387 2197 509 2245 dieta
541 2196 659 2255 sunt,
696 2212 862 2260 nempe
885 2195 918 2243 s1
941 2213 966 2243 a
1004 2195 1093 2244 sola
1131 2196 1346 2260 cupidine
1376 2195 1573 2243 scientiae
1606 2194 1931 2261 cognitionum·
1965 2189 2228 2260 auferret-ur,-
2262 2192 2394 2254 quod

388 2276 498 2311 tunc
522 2264 699 2312 scientia
739 2264 836 2310 talis
868 2263 940 2321 fit,
976 2275 1029 2310 ut
1062 2262 1261 2310 coelestia
1298 2279 1392 2310 non
1419 2261 1578 2325 ‚magis
1615 2271 1758 2316 curet,
1793 2258 1867 2307 sed
1908 2257 2051 2307 modo
2091 2258 2393 2321 cognitiones,

385 2345 499 2393 quas
529 2330 701 2394 cupido
724 2329 917 2376 scientiae
951 2327 1170 2376 auferret:
1207 2328 1264 2375 d'e
1283 2328 1356 2378 his
1378 2326 1626 2390 sequuntur
1663 2326 1806 2390 plura.

464 2413 602 2460 1473.
623 2396 704 2448 ,Et
736 2396 906 2452 dicent,
941 2410 1057 2456 uxor
1091 2394 1211 2443 illi'us
1243 2393 1361 2452 haec,
1411 2393 1540 2458 quod
1576 2393 1813 2456 significet,
1861 2392 1990 2456 quod
2034 2392 2266 2440 vocabunt
2302 2390 2411 2438 illas-

387 2462 606 2520 coelestes,
643 2461 815 2510 constat
835 2477 890 2509 ex
910 2461 1231 2525 significatione
1247 2461 1399 2509 uxoris
1419 2459 1546 2527 quod
1569 2459 1625 2508 fit
1642 2459 1802 2508 {rerum
1823 2457 2092 2524 adjunGtum
2117 2457 2395 2514 coelestibus,

388 2529 494 2577 inde
517 2544 633 2578 uxor
656 2529 776 2576 illius
797 2529 912 2586 haec,
938 2528 1064 2591 quod
1086 2527 1141 2590 fit
1164 2526 1359 2575 coeleste.

459 2598 612 2661 '1474'
632 2596 699 2644 Et
710 2594 919 2643 occident
937 2610 1027 2652 me,
1062 2590 1112 2642 ὅτ
1127 2606 1171 2642 te
1185 2592 1504 2650 vivificabunt,
1535 2593 1664 2658 quod
1681 2593 1920 2658 significet,
1938 2593 2067 2657 quod
2089 2591 2289 2640 coelestia
2304 2605 2397 2637 non

388 2675 612 2721 curarent,
638 2661 710 2710 sed
736 2662 880 2710 modo
905 2678 1048 2709 meras
1062 2660 1362 2724 cognitioneS,
1387 2660 1562 2708 constat
1578 2676 1632 2708 ex
1651 2661 1737 2707 illis
1759 2677 1865 2724 quae
1890 2676 2001 2707 mox
2017 2659 2139 2706 dieta
2170 2657 2285 2704 sunt·-

457 2729 595 2777 Vers:
628 2746 700 2791 13.
738 2729 826 2777 Dic
848 2729 997 2792 quaeso,
1013 2729 1139 2792 soror
1161 2745 1256 2787 mea,
1274 2738 1340 2785 tu,
1367 2737 1595 2790 propterea
1625 2737 1675 2778 ut
1698 2728 1797 2775 bene
1817 2725 1907 2786 fiat
1930 2727 2037 2773 mihi
2043 2731 2306 2786 propterte,
2330 2719 2388 2770 δέ’

389 2797 523 2842 vivat
547 2798 689 2842 anima
712 2811 802 2850 mea
842 2797 909 2842 tui
947 2796 1088 2858 causa.
1157 2795 1249 2841 Dic
1287 2796 1442 2858 quaeso
1474 2793 1597 2841 soror
1613 2809 1712 2840 mea
1734 2805 1802 2850 tu,
1838 2791 2060 2855 fignificat
2091 2787 2400 2836 intellectuale*

391 2876 575 2915 verum,
606 2862 737 2922 quod
773 2861 836 2908 est
874 2861 1022 2909 soror:
1059 2858 1296 2924 propterea
1333 2872 1390 2907 ut·
1422 2859 1536 2907 bene
1575 2859 1655 2906 fiat
1676 2858 1815 2912 mihi·
1845 2868 2033 2919 propter
2071 2867 2136 2911 te,
2172 2854 2397 2917 fignificat

390 2926 519 2991 quod
549 2925 608 2972 fic
642 2925 819 2978 coeleste
850 2943 942 2973 non
965 2923 1107 2990 poffet
1129 2927 1323 2975 violari:
1357 2927 1557 2974 &vivat
1579 2925 1729 2971 ani-ma
1757 2933 1857 2969 mea
1888 2923 1956 2969 tui
1996 2921 2139 2981 causa,
2156 2920 2398 2983 'fignificat

391 2991 520 3057 quod
542 2991 603 3038 fic
634 2990 814 3038 coeleste
847 2993 989 3056 poffet.
1012 2991 1181 3038 salvari.
1264 2992 1378 3033 Q
1932 2991 1934 2993 ’

463 3075 605 3123 1475.
642 3057 733 3103 Dic
757 3056 918 3119 quaeso
932 3056 1057 3103 soror
1076 3054 1258 3114 meatu,
1281 3053 1410 3120 quod
1426 3054 1646 3118 significet
1663 3054 2157 3111 intellefmaleverum,
2182 3051 2310 3116 quod
2332 3049 2398 3110 est

393 3123 532 3181 soror,
569 3121 766 3171 constare
790 3122 937 3186 potest
959 3139 984 3168 a
1005 3122 1330 3185 significatione
1347 3121 1522 3178 sororis,
1547 3121 1674 3183 quod
1697 3121 1753 3168 fit
1768 3121 2061 3168 intellefflmale
2080 3135 2260 3175 verum,
2286 3133 2394 3165 cum

391 3190 574 3238 coeleste
597 3204 761 3239 vetum
779 3187 842 3235 est
859 3204 974 3235 uxor
994 3210 1008 3243 3
1034 3189 1091 3234 de
1113 3204 1204 3250 qua
1225 3186 1320 3251 ejus
1355 3188 1678 3250 significatione
1703 3187 2074 3250 insequentibus.
2126 3186 2252 3233 Haec
2277 3186 2337 3230 ita
2354 3182 2398 3228 se

392 3256 555 3307 habent
570 3279 586 3315 3
603 3255 780 3306 scientia
801 3254 898 3304 talis
914 3254 994 3314 est,
1018 3266 1072 3304 ut
1089 3254 1198 3303 nihil
1216 3255 1362 3319 magis
1381 3254 1551 3319 cupiat,
1569 3270 1709 3318 quam
1728 3253 1770 3303 se
1789 3254 2038 3302 immittere
2055 3254 2101 3301 in
2125 3248 2394 3362 coelestiassfz

906 3351 911 3357 .
1378 3343 1381 3347 v
2367 3329 2395 3362 a
