2788 3736
642 199 1125 310 cA‘PUT
1215 235 1966 335 QUARTUM.
2248 272 2378 337 ως

434 388 546 450 389.
581 383 731 449 Qod
753 385 904 432 omnis
926 384 1159 433 inveniens
1180 383 1425 442 occideret,
1459 382 1531 440 fit,
1732 399 1872 432 omne
1910 382 2088 433 malurn
2114 381 2177 434 ἃ
2214 382 2376 435 falsum

363 451 570 516 perderet
588 464 715 509 eum,
750 450 951 515 sequitur
972 451 1108 500 inde:
1146 449 1189 499 se
1210 451 1335 499 enim
1357 451 1420 499 iu
1441 464 1510 497 τω
1678 472 1693 506 3
1731 466 1843 498 cum
1867 449 2013 500 homo
2034 451 2187 516 privat
2206 451 2251 500 se
2273 453 2378 501 cha·

364 518 512 574 ritate,
557 528 669 565 tunc
707 516 873 581 separat
911 518 955 565 se
992 535 1019 566 a
1053 518 1263 566 Domino
1279 539 1297 572 ς,
1331 516 1420 564 fola
1441 513 1647 572 duritas,
1682 514 1756 563 seu
1794 531 1928 566 amor
1956 532 2066 582 erga
2119 520 2374 577 mximum,

362 583 415 630 δι
455 582 772 641 misericordia,
808 583 872 631 est
902 583 1011 648 quai
1043 580 1284 646 conjungit
1322 581 1561 630 honiinern
1582 581 1826 637 Domino}
1860 582 2025 648 absque
2047 585 2090 631 C
2166 585 2182 595 “
2232 598 2278 633 te
2309 586 2384 634 est*

363 647 638 714 disjunctim
674 665 784 698 cum
808 647 1067 714 disjunctio,
1103 659 1219 696 tunc
1239 645 1322 695 fibi
1360 647 1434 695 seu
1457 661 1545 712 pro
1602 648 1648 695 ‘o
1683 646 1862 695 relicuas
1883 648 1949 696 est
1966 672 1982 705 ·,
2014 651 2237 715 quiequid
2258 663 2372 700 tunc

364 717 553 779 cogitat,
592 716 657 764 est
678 714 855 771 falfiim,
887 715 942 762 ὅτ
962 714 1185 778 quicquid
1207 726 1319 762 tunc
1340 713 1463 771 vuit,
1607 713 1817 770 malurn;
1860 713 1961 763 haec
1994 715 2097 764 sunt
2120 732 2229 781 quae
2240 718 2381 768 neei-

363 781 482 829 eiunt
518 782 779 837 hominem,
809 779 884 828 seu
905 777 1079 828 faciunt
1100 792 1155 828 ut
1184 780 1299 828 nihil
1324 782 1439 829 vitae
1465 778 1637 827 habeat.
1746 801 1751 804 ·

434 865 545 911 390.
581 847 728 911 Quod
750 847 800 903 ii,
833 846 915 911 qui
944 847 990 893 in
1014 844 1124 894 falso
1143 848 1194 895 δι
1213 846 1353 904 malo,
1389 848 1436 894 in
1459 847 1680 894 continuo
1702 857 1869 894 terrore
1891 844 1994 903 sint,
2018 858 2073 895 ut
2086 848 2370 908 occidantur,

362 910 626 962 describitur
647 912 769 977 apud
794 911 976 970 Mosen,
1015 918 1050 941 “
1071 914 1136 961 Et
1171 914 1257 961 erit
1283 925 1401 961 terra
1422 911 1566 960 vestra
1586 911 1819 971 desolatio,
1853 911 1905 960 &
1942 912 2078 961 urbes
2112 914 2273 963 vestrae
2291 932 2372 964 va-

363 984 398 1010 “
430 978 570 1036 stitas,
604 978 802 1026 residuos
825 980 941 1026 inter
958 994 1062 1036 vos,
1096 979 1311 1027 inducam
1327 979 1542 1027 mollitiem
1564 980 1612 1027 in
1635 993 1717 1027 cor
1736 993 1917 1037 eorum,
1950 980 1998 1027 in
2021 981 2150 1029 terris
2171 981 2371 1030 hostium

361 1050 398 1075 “
429 1057 609 1103 eorum,
643 1047 694 1093 δε
708 1047 982 1111 persequetur
1003 1061 1070 1093 eos
1089 1059 1180 1094 vox
1187 1045 1294 1109 solii
1314 1048 1333 1093 i
1431 1045 1496 1105 lli,
1518 1044 1752 1109 &fugient
1762 1046 1922 1109 fugam
1935 1045 2096 1109 gladii,
2119 1047 2375 1112 cadentque

359 1116 396 1140 ⁶⁶
429 1112 564 1159 nullo*
578 1108 884 1175 persequente,
919 1112 971 1160 8τ
993 1113 1254 1176 impingent
1275 1113 1352 1176 qu·
1373 1126 1464 1176 que
1487 1113 1535 1159 in
1557 1109 1744 1160 fratrem
1764 1110 1917 1169 suum,
1981 1112 2074 1160 uafi
2097 1124 2253 1162 coram
2273 1114 2371 1178 gla-

360 1182 395 1206 “
429 1174 528 1234 dio,
561 1181 610 1224 δε
635 1176 901 1242 persequens
925 1177 1095 1236 nullus,
1110 1180 1141 1199 ”
1164 1179 1297 1227 Lev:
1321 1191 1469 1227 xxvi:
1509 1195 1593 1243 33,
1649 1175 1698 1235 6,
1726 1194 1803 1251 37.
1828 1129 2163 1243 apudqssffiam
2201 1186 2236 1210 “
2259 1182 2372 1229 Per-

359 1248 396 1272 “
428 1243 511 1291 fidi
534 1244 707 1307 perfide
730 1256 889 1307 agunt,
925 1244 976 1292 &
999 1245 1188 1308 perfidia
1209 1244 1492 1309 perfidorum
1633 1244 1701 1292 de⁴
1723 1246 1911 1302 iaciunt,
1944 1245 1997 1293 δε
2030 1247 2118 1293 erit
2143 1246 2319 1311 sagien
2338 1262 2373 1296 a

356 1314 392 1337 “
424 1327 526 1358 voce
540 1313 724 1372 pavor-is
746 1311 878 1358 cadet
894 1312 940 1357 in
956 1308 1139 1358 foveam
1158 1334 1172 1367 ;
1208 1313 1259 1359 ὅτ
1276 1311 1514 1359 ascendens
1535 1327 1561 1358 e
1584 1307 1740 1360 medio
1754 1310 1920 1369 foveae‚
1955 1313 2159 1376 capietur
2179 1313 2369 1378 laquem

358 1380 393 1404 ‘⁸
428 1379 582 1439 gravis
605 1379 688 1423 erit
713 1377 843 1441 super
864 1393 921 1424 eo
941 1379 1253 1440 praeva'ricatio
1273 1375 1387 1442 ejus,
1424 1377 1528 1425 ideo
1558 1377 1705 1434 cadet,
1739 1378 1791 1426 &
1823 1393 1917 1426 non
1951 1378 2090 1426 addet
2116 1377 2320 1444 surgere,
2338 1380 2370 1402 ’⁸

354 1457 504 1493 xx1v:
548 1444 603 1491 16
621 1444 677 1489 ad
697 1461 773 1491 29.
810 1443 934 1506 apud
947 1444 1213 1504 Jeremiam,
1249 1449 1284 1472 ‘¹
1307 1445 1431 1492 Ecce
1454 1443 1684 1492 adducens
1705 1443 1836 1508 super
1857 1457 1904 1492 te
1924 1446 2159 1502 Pavorem,
2181 1446 2240 1493 ab
2261 1462 2374 1494 σπι-’ν-

358 1513 393 1535 “
428 1509 561 1557 nibus
593 1509 854 1556 circuitibus
887 1511 979 1556 tuis
1019 1509 1191 1574 expulsi
1230 1511 1369 1568 eritis,
1405 1509 1595 1574 quisque
1635 1510 1691 1557 ad
1727 1508 1865 1559 facies
1923 1508 2008 1568 'us,
2050 1525 2137 1560 nec
2173 1526 2373 1578 cong-ne·-

357 1578 394 1602 “
426 1588 538 1638 gans
558 1587 805 1638 vagantem,
826 1577 855 1596 ’²
881 1588 1033 1623 nix:
1070 1593 1114 1640 5.
1151 1576 1276 1641 apud
1297 1574 1496 1634 Esaiam,
1532 1582 1568 1604 ‘⁶
1589 1575 1735 1640 Super
1755 1592 1877 1642 equo
1950 1579 2151 1642 giemus,
2173 1578 2371 1644 ideoque

357 1644 394 1668 ‘⁴
425 1640 626 1704 fugietiS,
662 1643 712 1688 &
738 1642 867 1706 super
887 1642 1045 1690 veloce
1073 1643 1395 1707 equitabimus,
1430 1642 1536 1691 ideo
1571 1642 1749 1691 veloces
1787 1641 2034 1692 redduntur
2053 1642 2371 1710 persequente·

357 1711 393 1735 “
426 1720 526 1765 vos,
553 1708 677 1755 mille
702 1720 848 1755 unum
876 1725 903 1756 a
923 1719 1078 1757 coram
1099 1710 1404 1774 increpatione
1423 1711 1575 1766 unius,
1609 1710 1662 1757 &
1682 1722 1710 1756 a
1730 1724 1885 1758 coram
1906 1710 2211 1774 increpatione
2231 1712 2368 1776 quin-

358 1777 392 1801 “
426 1789 517 1836 que
541 1772 740 1836 fugietis,
759 1775 788 1795 '’
824 1789 944 1823 xxx:
990 1777 1061 1823 16.
1094 1792 1167 1841 17.
1203 1776 1304 1823 Hic
1340 1776 1391 1823 &
1424 1774 1529 1822 alibi
1552 1776 1600 1822 in
1623 1774 1784 1824 Verbo
1816 1774 2028 1839 descripti
2059 1774 2181 1834 sunt,
2210 1778 2293 1843 qui
2316 1779 2366 1826 in

355 1835 464 1885 falso
485 1840 536 1886 δι
561 1839 698 1896 rnal0,
731 1840 859 1903 quod
882 1839 1079 1904 fugiant,
1113 1842 1166 1890 ὅτ
1187 1842 1379 1889 timeant
1417 1857 1473 1888 ne
1502 1838 1800 1898 occidantur,
1849 1842 1993 1889 timor
2025 1842 2079 1890 iis
2120 1842 2235 1891 inest
2266 1849 2367 1910 με

354 1907 500 1960 ouini,
535 1907 642 1968 quia
664 1921 803 1953 nemo
823 1917 1020 1954 tutatur:
1057 1907 1246 1971 quisque
1265 1909 1347 1971 qui
1369 1908 1417 1954 iri
1439 1907 1560 1955 nmio
1582 1908 1634 1955 δι’
1665 1906 1774 1957 falso
1794 1906 1878 1966 est,
1911 1907 2025 1956 odio
2047 1906 2185 1958 habet
2204 1910 2367 1975 proxi·

354 1982 506 2028 mum,
543 1972 648 2018 inde
671 1987 832 2019 eorum
854 1972 1155 2036 unusquisque
1178 1973 1370 2021 alterurn
1393 1973 1599 2021 occidere
1620 1975 1763 2038 cupit.
1927 1999 1937 2011 v

424 2050 534 2102 391,
572 2036 735 2097 Quod,
759 2039 910 2102 quiin
933 2037 1043 2086 falso
1069 2040 1122 2086 δε
1145 2039 1270 2087 malo
1289 2037 1409 2097 sunt,
1442 2041 1632 2087 timnt
1659 2054 1839 2098 omnes,
1873 2038 1973 2088 seiri
2006 2040 2183 2106 optime
2212 2040 2365 2106 pooefl:

353 2119 380 2150 a
417 2103 547 2151 malis
584 2103 810 2167 spiritibus
842 2106 890 2151 in
921 2105 1055 2153 altera
1094 2107 1220 2162 vita3
1270 2108 1353 2170 qui
1384 2107 1622 2171 privarunt
1669 2105 1711 2154 se
1750 2107 1881 2155 omni
1918 2106 2147 2165 charitate,
2184 2122 2359 2172 vagan-

352 2181 430 2217 tur
465 2166 516 2218 ὅτ
562 2168 780 2234 fugiunt3
832 2187 1109 2236 quocunque
1160 2173 1377 2230 veniunt,
1433 2172 1468 2220 fi
1506 2171 1565 2220 ad
1603 2172 1772 2237 aliquas
1810 2172 2036 2222 societates
2058 2209 2075 2232 ,
2125 2173 2200 2222 hae
2236 2175 2362 2225 illico

354 2237 611 2300 percipiunt
647 2252 703 2283 ex
735 2239 889 2300 primo
925 2238 1123 2287 adventu
1153 2238 1297 2302 qualis
1334 2237 1417 2297 est,
1452 2238 1551 2289 talis
1586 2240 1820 2304 perceptio
1857 2239 1992 2288 datur
2019 2241 2067 2288 in
2092 2239 2226 2289 altera
2246 2243 2360 2301 vita,
2386 2243 2389 2246 ’

352 2316 431 2349 eos
467 2317 561 2348 non
600 2302 746 2350 solum
770 2304 977 2367 abigunt,
1013 2305 1090 2352 sed
1110 2306 1249 2352 etiam
1298 2306 1500 2369 graviter
1531 2306 1748 2370 puniunt,
1787 2307 1886 2354 imo
1911 2321 1970 2354 eo
1996 2305 2153 2372 usque,
2186 2319 2241 2356 ut
2261 2309 2359 2356 ani-

354 2379 437 2414 mo
476 2367 561 2422 sint
599 2370 804 2417 occidere
842 2370 876 2417 fi
911 2371 1138 2434 possibile:
1191 2371 1468 2421 delectantur
1520 2387 1658 2436 quam
1701 2374 1902 2420 maxime
1952 2372 2061 2420 mali
2104 2374 2264 2441 punire
2302 2373 2361 2423 δε

353 2435 548 2481 cruciare
571 2450 687 2482 unus
727 2436 936 2494 alterum,
973 2439 1020 2484 in
1055 2454 1113 2485 eo
1126 2436 1391 2501 jucunditas
1429 2448 1589 2490 eorum
1622 2438 1802 2488 summa
1828 2437 2045 2487 confistit.
2114 2439 2181 2487 Et
2216 2439 2348 2503 quod

351 2514 564 2546 arcanum
602 2500 748 2554 adhuc
785 2502 864 2558 est,
899 2502 1048 2566 ipsum
1080 2501 1242 2552 falsum
1281 2505 1331 2552 &
1369 2504 1545 2552 malum
1580 2504 1644 2552 est
1674 2506 1721 2552 in
1753 2503 1895 2563 causa,
1946 2520 2054 2552 nam
2089 2504 2218 2569 quod
2285 2505 2360 2553 uis

353 2568 481 2629 cupit
516 2565 657 2623 alteri,
694 2568 810 2614 redit
848 2570 895 2614 in
935 2569 1101 2632 ipsum,
1136 2568 1298 2617 falsum
1317 2572 1442 2618 enirn
1464 2571 1515 2618 δε
1539 2570 1715 2623 malum
1737 2572 1786 2619 in
1821 2570 1863 2618 se
1896 2570 2239 2635 habetpoenam
2279 2570 2355 2619 aui

351 2632 404 2680 ac
441 2630 564 2689 mali,
600 2633 791 2695 proinde
813 2634 1029 2681 timorem
1051 2650 1223 2697 poenae.
1737 2663 1744 2668 ·
2357 2650 2362 2657 ”

422 2716 530 2762 392.
574 2715 646 2760 15.
674 2699 740 2746 Et
759 2700 872 2748 dixit
892 2702 933 2748 ei
953 2701 1174 2763 Jehovah,
1204 2710 1461 2765 quapropter
1493 2705 1624 2749 omnis
1660 2702 1848 2750 occidens
1879 2703 2006 2759 Cain,
2030 2701 2358 2767 septemlia'ter

352 2765 676 2820 vindicabitur-3
715 2766 773 2814 ἐφ’
789 2766 932 2828 posuit
954 2767 1159 2830 Jehovah
1180 2767 1315 2814 Caino
1332 2768 1520 2830 fignum,
1556 2778 1606 2815 ut
1633 2782 1716 2815 non
1741 2778 1981 2829 percuteret
2025 2785 2118 2816 eum
2141 2769 2363 2834 quisquam

349 2832 564 2877 inveniens
601 2847 705 2878 eum.
777 2832 924 2896 Qod
962 2834 1113 2880 omnis
1151 2833 1363 2880 occidens
1401 2834 1616 2890 Cainum,
1651 2833 1692 2882 se
1726 2833 1997 2897 templiciter
2033 2834 2358 2894 vindicabim,

352 2894 590 2958 fignificat,
624 2897 752 2960 quod
770 2898 937 2945 violare
959 2897 1194 2956 fidemjtza-
1211 2898 1471 2962 separatam,
1497 2898 1646 2947 sacros
1771 2908 1822 2967 τι)
1841 2899 1977 2948 estet:
2002 2901 2130 2965 quod
2145 2900 2354 2963 Jehovah

352 2961 495 3007 Caino
518 2961 712 3024 posuerit
734 2964 935 3026 signum,
971 2980 1026 3012 ne
1049 2977 1303 3028 percuteret
1324 2981 1432 3012 eum
1453 2965 1711 3030 quisquam,
1743 2963 1827 3022 est,
1865 2966 1992 3030 quod
2019 2968 2250 3015 Dominus
2280 2967 2350 3014 di-

352 3026 551 3074 stinxerit
576 3029 696 3075 illam
718 3029 931 3093 singulari
955 3033 1115 3088 modo,
1150 3044 1204 3079 ut
1230 3031 1577 3079 conservaretur.

422 3109 529 3156 393,
568 3095 837 3158 Antequam
871 3097 1136 3159 explicatur,
1164 3098 1300 3162 quod
1321 3100 1383 3152 ,in
1411 3098 1534 3145 sensu
1574 3100 1751 3146 interno
1796 3098 1873 3145 illa
1899 3099 2224 3165 significentur,
2267 3096 2348 3146 sci-

351 3161 543 3215 endum,
576 3161 817 3222 quomodo
864 3161 905 3207 se
939 3178 1005 3210 res
1037 3164 1170 3211 habet
1205 3181 1315 3213 cum
1343 3164 1471 3226 fide:
1525 3166 1851 3229 Antiquiffima
1886 3165 2082 3212 Ecclefia
2116 3163 2214 3211 talis
2244 3163 2353 3218 fuit,

350 3238 404 3275 ut
442 3225 613 3274 nullam
649 3225 800 3280 fidem.
828 3232 1081 3290 agnoverit,
1132 3231 1212 3279 nisi
1251 3246 1358 3295 quae
1396 3231 1454 3280 ab
1488 3234 1700 3289 Amore3
1750 3230 1888 3296 usque
1919 3231 2048 3288 ade0,
2087 3242 2141 3277 ut
2173 3245 2227 3277 ne
2241 3230 2351 3341 ‹calui-

460 3305 465 3307 >
2274 3309 2348 3341 em
