2788 3736
365 237 498 297 214
849 210 920 278 G
1004 211 1072 275 E
1165 212 1251 275 N
1334 213 1426 276 E(
1490 213 1540 306 s
1634 216 1678 280 l
1765 215 1856 282 S..

355 353 482 415 prius
506 351 631 416 Cap:
658 364 689 394 v
716 347 772 395 ad
795 345 902 394 vers
903 365 921 395 ⁴:
951 364 992 410 3.
1029 345 1259 395 ostensum
1297 345 1379 404 est,
1417 347 1545 412 quod
1585 343 2136 417 fignsifieent'Reliquias·‚
2175 357 2223 404 δε
2248 357 2377 420 quod

358 420 438 467 Sex
462 418 535 465 hic
574 415 826 479 significent
862 413 1062 461 laborem
1088 415 1138 462 δε
1162 430 1385 479 pugnam,
1422 431 1477 461 ex
1500 415 1659 476 Verbo
1685 419 1844 480 paffim
1871 420 2074 478 constat,
2110 439 2215 470 nam
2240 423 2302 471 ita
2333 423 2376 472 se

361 500 429 534 res
464 484 612 539 habet,
646 483 692 528 in
733 481 1093 546 praecedentibus
1126 487 1281 528 actum
1318 480 1382 529 est
1422 481 1478 528 de
1512 486 1839 547 praeparatione
1863 482 1958 549 ejus
1981 487 2037 534 ad
2061 489 2377 547 tentationem,

362 551 488 615 quod
513 563 678 612 nempe
717 547 960 596 instruetus
997 546 1132 595 fuerit
1170 565 1194 595 a
1216 549 1427 595 Domino
1451 549 1830 598 Intellesiualibus
1856 554 1989 610 veriS,
2025 552 2074 602 δι’
2096 553 2381 613 Voluntariis

366 619 513 672 bonis,
548 616 650 663 haec
673 630 779 662 vora
814 616 867 663 δε
901 615 1021 662 bona
1060 614 1162 662 sunt
1185 615 1434 679 Reliquia’,
1471 632 1576 679 quae
1610 634 1700 665 non
1726 614 2130 681 producuntur'ita
2161 636 2213 670 ut
2236 640 2380 692 agno-

364 683 560 740 scantur,
610 681 874 746 priusquam
910 681 1053 729 homo
1084 695 1401 745 regeneratum
1452 683 1575 747 apud
1608 700 1683 731 eos
1726 686 1807 748 qui
1837 702 1917 749 per
1947 688 2214 739 tentationes
2254 691 2380 755 rege-

358 762 594 807 nerantur,
635 748 845 812 reliquiae.
877 749 1010 812 apud
1040 747 1275 795 hominem
1316 748 1417 796 sunt
1453 766 1538 813 pro
1574 751 1741 814 angelis
1770 752 1893 815 apud
1929 750 2077 810 eum,
2109 742 2289 818 qui'ex
2327 750 2381 805 iis

366 817 650 881 depromunt
680 815 768 873 illa,
804 815 971 880 quibus
1004 815 1237 862 hominem
1263 813 1515 863 defendunt
1556 829 1713 864 contra
1753 819 1895 870 malos
1937 819 2134 883 spiritus,
2171 823 2253 885 qui
2274 820 2380 872 falsa

366 883 490 948 apud
515 898 629 930 >eum
665 884 880 939 excitant,
915 883 966 930 &
990 882 1049 928 fic
1074 893 1372 945 oppugnant:
1409 884 1516 946 quia
1539 883 1742 947 reliquiae
1765 884 2080 948 significantur
2103 903 2182 951 per
2206 872 2384 949 decem,

359 952 417 999 ὅτ,
451 966 610 1014 pugna
643 965 726 1014 per
764 948 854 1004 sex,
889 949 995 996 inde
1034 948 1113 1005 est,
1150 948 1279 1012 quod
1320 947 1514 997 sexcenti
1543 952 1648 997 anni
1687 951 1913 1008 dicantur,
1950 954 1997 1000 in
2031 955 2196 1017 quibus
2232 954 2399 1005 domi-·

365 1030 533 1065 nantur
569 1017 730 1064 decem
763 1017 812 1063 &
853 1015 943 1070 sex,
978 1016 1026 1062 &
1064 1014 1320 1078 significant
1351 1014 1518 1073 'statum
1555 1019 1847 1066 tentationis:
1885 1019 2011 1082 quod
2042 1021 2090 1068 in
2130 1019 2273 1085 specie
2308 1020 2385 1070 sex

360 1085 545 1141 attinet,
580 1082 706 1147 quod
740 1082 993 1146 significent
1015 1098 1238 1146 pugnam,
1274 1081 1446 1130 constat
1466 1099 1542 1134 *ex
1565 1085 1726 1147 Capite
1749 1085 1910 1132 Primo
1933 1086 2173 1144 Geneseos,
2209 1088 2288 1135 ubi
2312 1087 2386 1136 sex

370 1152 466 1199 dies
490 1150 608 1207 sunt,
645 1148 810 1213 quibus
836 1162 1118 1213 regeneratus
1139 1148 1299 1205 homo,
1334 1161 1578 1214 antequam
1603 1149 1744 1198 factus
1768 1151 1979 1210 coelestis,
2015 1153 2131 1200 intra
2150 1170 2267 1217 quos
2290 1155 2388 1203 dies

363 1220 588 1266 continua
611 1232 768 1280 pugna
801 1214 904 1272 fuit,
941 1215 1015 1262 sed
1039 1216 1232 1279 septimo
1255 1216 1328 1263 die
1352 1218 1509 1280 quies3
1563 1217 1669 1265 inde
1714 1217 1794 1276 est,
1830 1219 1958 1282 quod
1983 1217 2056 1266 sex
2095 1220 2188 1267 dies
2222 1221 2387 1268 laboris

371 1281 474 1341 sint,
514 1284 563 1330 &
584 1282 800 1346 septimus
823 1281 1107 1340 sabbathum,
1143 1282 1275 1348 quod
1302 1279 1525 1347 fignificat
1543 1286 1772 1348 quietem:
1810 1285 1914 1333 inde
1936 1302 2119 1350 quoque
2143 1285 2222 1343 est,
2256 1288 2387 1352 quod

374 1351 526 1399 servus
566 1348 814 1406 Hebraeus,
850 1347 1030 1396 serviret
1069 1350 1147 1397 Sex
1188 1352 1328 1407 annis,
1363 1351 1413 1398 &
1448 1350 1641 1415 septimo
1670 1352 1774 1399 effet
1817 1351 1945 1410 liber,
1998 1353 2307 1402 Exodzxx1:
2335 1372 2380 1403 2.

371 1419 530 1466 Deut:
558 1428 650 1464 xv:
687 1432 756 1464 12.
800 1416 904 1477 Jer:
933 1424 1116 1463 xxx1vz‘
1147 1433 1219 1477 14.
1258 1417 1476 1480 quodque
1512 1421 1591 1465 Sex
1627 1420 1750 1466 annis
1787 1418 2064 1467 consererent
2101 1431 2283 1477 terram,
2335 1420 2386 1469 ὅτ

375 1484 641 1548 colligerent
664 1494 940 1546 proventum
964 1479 1075 1545 ejm,
1111 1481 1304 1547 septimo
1325 1496 1477 1531 autem
1503 1484 1848 1533 intermitterent
1868 1501 1987 1544 eam,
2024 1486 2187 1535 Exod:
2214 1503 2351 1534 xx111
2373 1504 2384 1533 :

381 1568 457 1609 10,
505 1568 580 1607 11,
634 1565 704 1598 12.
757 1547 957 1595 [imiliter
987 1550 1201 1597 vineam:
1242 1549 1293 1597 δι
1327 1549 1455 1613 quod
1504 1549 1697 1615 septimo
1737 1568 1855 1599 anno
1885 1552 2148 1601 sabbathum
2187 1551 2386 1600 sabbathi

372 1623 523 1674 terrae,
574 1615 839 1663 sabbathum
870 1614 1095 1676 Jehovae,‘
1114 1615 1246 1663 Lev:
1289 1619 1409 1664 xxvz
1451 1633 1499 1679 3,
1539 1635 1585 1677 4.
1628 1617 1718 1665 Sex
1756 1614 1863 1680 quia
1890 1619 2144 1682 significant
2180 1618 2383 1667 laborem

375 1686 427 1732 δε
463 1698 686 1747 pugnam,
722 1683 859 1729 etiam
906 1681 1160 1744 significant
1199 1680 1517 1746 dispersionem
1554 1681 1666 1740 falfi,
1696 1684 1821 1747 apud
1860 1685 2168 1744 Ezechielem,
2207 1691 2241 1712 ‘⁶
2261 1686 2386 1734 Ecce

379 1755 413 1778 “
448 1752 525 1798 Sex
549 1750 636 1796 viri
659 1749 887 1795 venientes
911 1763 936 1794 a
959 1748 1033 1794 via
1054 1759 1202 1811 portae
1225 1746 1481 1812 superioris,
1519 1764 1626 1812 quae
1658 1743 1893 1813 respiciens
1934 1750 2101 1799 versus'
2119 1751 2384 1815 septentrio-

378 1820 413 1844 “
448 1832 571 1872 nem,
607 1816 657 1863 &
697 1815 860 1877 cuique
899 1813 1249 1862 instrumentum
1288 1813 1546 1878 disperfionis
1586 1814 1678 1863 suae
1720 1817 1766 1863 in
1799 1832 1938 1865 manu
1978 1816 2102 1874 sua,''
2130 1833 2209 1867 xx:
2239 1834 2299 1874 2·,
2327 1817 2386 1866 x&

377 1883 499 1948 apud
518 1882 734 1930 Eundem
761 1893 916 1929 contra
939 1881 1151 1944 Gogum,
1189 1886 1224 1909 “
1248 1881 1312 1929 Et
1329 1883 1492 1930 reverti
1510 1880 1671 1930 faciam
1687 1894 1751 1941 te,
1788 1882 1838 1931 ὅτ
1862 1884 2127 1942 Sextabote,
2161 1885 2211 1932 δε
2236 1883 2384 1932 ascen-

382 1955 416 1978 “
451 1949 559 1996 dere
599 1947 760 1995 faciam
799 1959 843 1995 te
869 1965 893 1994 a
917 1947 1126 1995 lateribus
1150 1947 1516 2012 septentrionis,’'
1539 1965 1716 1996 xxxlx:
1745 1967 1789 1998 2.
1838 1950 1917 1997 ubi
1941 1948 2015 1998 Iex
2039 1948 2089 1997 δι’
2114 1949 2281 1997 sextare
2303 1966 2389 2014 pro

381 2014 666 2078 dispersione,
702 2013 943 2077 septentrio
982 2030 1066 2077 pro
1105 2011 1238 2072 falsm,
1263 2014 1429 2078 Gogus
1468 2031 1554 2079 pro
1591 2015 1659 2073 iis,
1696 2016 1777 2079 qui
1821 2015 2085 2063 doetrinalia
2115 2017 2299 2079 capiunt
2330 2016 2386 2063 ab

379 2082 573 2129 externis
613 2079 779 2144 quibus
816 2079 1050 2128 destruunt
1083 2080 1262 2128 cultum
1301 2082 1559 2131 internum:
1602 2098 1628 2129 a
1657 2081 1798 2143 Jobo,
1835 2086 1869 2110 “
1891 2082 1946 2144 In
1971 2083 2048 2130 Sex
2080 2081 2295 2146 angustiis
2331 2082 2385 2129 li-

385 2153 419 2175 “
455 2147 627 2195 berabit
669 2159 728 2204 te,
765 2147 885 2194 &in
926 2145 1113 2210 septima
1150 2162 1243 2195 non
1266 2158 1424 2212 tanget
1461 2161 1505 2195 te
1545 2147 1772 2205 malum,''
1795 2163 1849 2196 v:
1880 2145 1953 2212 19.
1988 2147 2068 2195 ubi
2113 2163 2198 2211 pro
2231 2164 2387 2212 pugna

383 2216 700 2262 tentationum.
773 2213 998 2277 Alioquin
1031 2214 1119 2260 Sex
1153 2215 1199 2260 in
1225 2213 1379 2261 Verbo
1417 2226 1680 2271 occurrunt,
1728 2213 1809 2260 ubi
1846 2230 1950 2264 non.
1972 2212 2225 2279 significant
2263 2214 2386 2262 labo-

384 2298 500 2338 rem,
535 2297 738 2345 pugnam
779 2292 855 2326 aut
894 2279 1210 2342 dispersionem
1250 2277 1361 2335 falfi,
1396 2279 1472 2327 sed·
1510 2279 1712 2328 faustum
1754 2280 1878 2337 fidei,
1914 2283 2020 2344 quia
2042 2280 2084 2329 se
2107 2278 2304 2344 referunt
2328 2282 2386 2328 ad

385 2348 665 2403 Duodecim,
701 2361 806 2409 quae
827 2346 1081 2409 significant
1105 2347 1247 2399 fidem
1267 2347 1317 2393 δι
1341 2346 1622 2394 fideifomnia
1642 2349 1688 2393 in
1705 2362 1800 2394 uno
1817 2347 2064 2411 complexu
2085 2371 2099 2403 ;
2131 2349 2180 2395 δε
2203 2347 2261 2395 ad
2285 2349 2385 2402 tria,

387 2431 494 2478 quae
516 2414 767 2478 significant
785 2411 1004 2470 sanetum,
1041 2413 1144 2460 inde
1178 2415 1315 2459 etiam
1340 2414 1560 2460 derivatio
1583 2414 1779 2477 genuina
1801 2415 1978 2461 numeri
2001 2413 2091 2471 sex,
2128 2414 2241 2461 ficut
2264 2413 2387 2478 apud

387 2480 694 2535 Ezechielem,
731 2480 850 2542 Cap:
878 2495 936 2525 xi,
961 2497 971 2526 ε
998 2496 1044 2541 5,
1080 2479 1158 2526 ubi
1183 2478 1395 2526 Calamus
1432 2481 1536 2536 viri,
1571 2496 1666 2543 quo
1703 2480 1882 2527 mensus
1921 2480 1984 2528 est
2022 2481 2182 2530 urbem
2222 2477 2387 2529 Israelis

386 2547 598 2601 sanCtam,
633 2546 761 2609 quod
798 2545 901 2592 effet
936 2544 1009 2592 sex
1048 2546 1292 2602 ulnarum;
1329 2547 1378 2594 δε
1408 2545 1543 2603 alibi;
1579 2546 1703 2609 quod
1745 2546 1963 2594 derivatio
1984 2547 2114 2603 inde,
2149 2546 2274 2594 causa
2306 2545 2384 2610 est,

387 2615 494 2678 quia
514 2616 561 2661 in
583 2629 740 2677 pugna
762 2612 1015 2660 tentationis
1033 2612 1094 2658 est
1118 2612 1318 2660 samium
1341 2613 1465 2670 fidei,
1502 2625 1604 2660 tum
1639 2613 1767 2677 quod
1791 2612 1866 2660 sex
1889 2613 1982 2662 dies
2005 2613 2168 2660 laboris
2191 2614 2240 2660 ὅτ
2264 2628 2384 2676 pug-

390 2697 462 2728 nae
487 2680 682 2745 spebtent
705 2678 949 2743 septimum
973 2678 1188 2726 sanetum.
1378 2740 1381 2741 ⁷
1885 2710 1888 2713 ·
2322 2682 2323 2685 ’
2370 2680 2373 2683 ’

462 2752 569 2811 738.
606 2746 748 2793 Filius
780 2745 1092 2792 sexcentorum
1134 2762 1356 2793 annorum
1388 2745 1462 2794 hic
1502 2744 1707 2802 vncatur,
1759 2745 1867 2808 quia
1897 2745 2017 2791 filius
2055 2743 2277 2807 fignificat
2317 2744 2384 2790 in-

392 2812 636 2859 tellectuale
656 2828 837 2869 verum,
873 2813 1070 2875 utlprius
1093 2812 1316 2860 ostensum
1336 2835 1358 2874 ·,⁴
1386 2829 1478 2859 non
1499 2825 1648 2859 autem
1673 2811 1793 2857 filius
1816 2810 2082 2874 appellatur,
2118 2810 2242 2859 vers:
2281 2809 2383 2875 seq:

399 2897 417 2927 1
434 2897 474 2936 1,
509 2879 616 2941 quia
636 2878 698 2925 ibi
722 2879 779 2925 de
795 2880 1038 2925 tentatione
1061 2877 1156 2942 ejus
1179 2879 1330 2942 quoad
1346 2877 1614 2932 voluntaria,
1650 2878 1810 2938 agitur.

431 3004 434 3008 r
463 2961 571 3009 739.
610 2944 755 3006 Qod
785 2961 865 3007 per
888 2944 1120 2991 diluvium
1161 2960 1380 3007 aquarum
1413 2943 1689 3006 significetur
1712 2942 1968 2990 tentationis
1997 2941 2384 3000 inchoamentum,

392 3005 497 3058 inde
521 3008 708 3066 constat,
743 3010 871 3072 quod
902 3010 974 3058 hic
1015 3011 1071 3057 de
1102 3011 1343 3057 tentatione
1380 3006 1531 3072 quoad
1565 3006 1882 3055 intelleetualia
1902 3019 2076 3071 agatur,
2111 3026 2217 3072 quae
2242 3023 2385 3072 tenta-

392 3078 458 3124 tio
481 3075 714 3140 praecedit,
749 3076 799 3122 δε
836 3075 947 3122 levis
986 3075 1066 3132 est,
1102 3087 1154 3122 ut
1186 3075 1393 3129 didium3
1429 3089 1564 3137 quare
1602 3072 1851 3136 appellatur
1870 3074 2116 3133 ‚diluvium
2149 3092 2384 3139 aquarum,

391 3159 483 3190 non
513 3141 774 3205 simpliciter
804 3140 1052 3196 diluvium,
1089 3153 1140 3186 ut
1163 3140 1265 3203 seq:
1290 3139 1414 3188 vers:
1447 3155 1518 3204 17.
1553 3155 1682 3202 aquae
1718 3141 1840 3187 enim
1875 3142 2101 3205 imprimis
2134 3142 2387 3204 significant

388 3209 627 3274 spiritualia
663 3207 878 3265 hominiS,
914 3206 1225 3254 intelleetualia
1256 3206 1382 3264 fidei,
1416 3218 1520 3254 tum
1557 3205 1657 3253 illis
1681 3207 1901 3271 oppofita,
1938 3207 2011 3255 seu
2048 3204 2166 3273 salsa,
2203 3220 2254 3254 ut
2285 3225 2386 3271 per-

2231 3274 2387 3325 multis
