<?xml version="1.0" encoding="UTF-8"?>
<!DOCTYPE html PUBLIC "-//W3C//DTD XHTML 1.0 Transitional//EN"
    "http://www.w3.org/TR/xhtml1/DTD/xhtml1-transitional.dtd">
<html xmlns="http://www.w3.org/1999/xhtml" xml:lang="en" lang="en">
 <head>
  <title>
</title>
<meta http-equiv="Content-Type" content="text/html;charset=utf-8" />
  <meta name='ocr-system' content='tesseract 3.04.00' />
  <meta name='ocr-capabilities' content='ocr_page ocr_carea ocr_par ocr_line ocrx_word'/>
</head>
<body>
  <div class='ocr_page' id='page_1' title='image "arcanacaelestiaq01sweduoft_0183.png"; bbox 0 0 2788 3736; ppageno 0'>
   <div class='ocr_carea' id='block_1_1' title="bbox 0 0 45 802">
    <p class='ocr_par' dir='ltr' id='par_1_1' title="bbox 0 0 45 802">
     <span class='ocr_line' id='line_1_1' title="bbox 0 0 45 802; baseline 0 2934"><span class='ocrx_word' id='word_1_1' title='bbox 0 0 45 802; x_wconf 95' lang='lat' dir='ltr'> </span> 
     </span>
    </p>
   </div>
   <div class='ocr_carea' id='block_1_2' title="bbox 907 219 2491 366">
    <p class='ocr_par' dir='ltr' id='par_1_2' title="bbox 907 219 2491 366">
     <span class='ocr_line' id='line_1_2' title="bbox 907 219 2491 366; baseline 0.005 -33"><span class='ocrx_word' id='word_1_2' title='bbox 907 219 1980 333; x_wconf 49' lang='lat' dir='ltr'>c·A⁴PuT&#39;&#39;sEXTuM.</span> <span class='ocrx_word' id='word_1_3' title='bbox 2200 355 2212 364; x_wconf 21' lang='grc' dir='ltr'>ι</span> <span class='ocrx_word' id='word_1_4' title='bbox 2362 298 2491 366; x_wconf 75' lang='lat'>173·</span> 
     </span>
    </p>
   </div>
   <div class='ocr_carea' id='block_1_3' title="bbox 425 402 2541 3285">
    <p class='ocr_par' dir='ltr' id='par_1_3' title="bbox 425 402 2541 2282">
     <span class='ocr_line' id='line_1_3' title="bbox 450 402 2487 475; baseline 0.001 -17"><span class='ocrx_word' id='word_1_5' title='bbox 450 422 510 461; x_wconf 80' lang='lat' dir='ltr'>ut</span> <span class='ocrx_word' id='word_1_6' title='bbox 544 405 669 475; x_wconf 84' lang='lat' dir='ltr'>apud</span> <span class='ocrx_word' id='word_1_7' title='bbox 690 403 999 463; x_wconf 84' lang='lat' dir='ltr'><strong>Ezechielem,</strong></span> <span class='ocrx_word' id='word_1_8' title='bbox 1055 409 1092 433; x_wconf 75' lang='lat'>‘⁶</span> <span class='ocrx_word' id='word_1_9' title='bbox 1111 405 1340 454; x_wconf 84' lang='lat' dir='ltr'><strong>Avertam</strong></span> <span class='ocrx_word' id='word_1_10' title='bbox 1364 402 1498 454; x_wconf 88' lang='lat' dir='ltr'>facies</span> <span class='ocrx_word' id='word_1_11' title='bbox 1522 421 1641 454; x_wconf 90' lang='lat' dir='ltr'>meas</span> <span class='ocrx_word' id='word_1_12' title='bbox 1664 406 1721 455; x_wconf 89' lang='lat' dir='ltr'>ab</span> <span class='ocrx_word' id='word_1_13' title='bbox 1742 407 1812 466; x_wconf 87' lang='lat' dir='ltr'>iis,</span> <span class='ocrx_word' id='word_1_14' title='bbox 1848 406 1899 456; x_wconf 73' lang='grc' dir='ltr'>ὅτ</span> <span class='ocrx_word' id='word_1_15' title='bbox 1922 405 2275 473; x_wconf 88' lang='lat' dir='ltr'>prophanabunt</span> <span class='ocrx_word' id='word_1_16' title='bbox 2297 409 2487 462; x_wconf 84' lang='lat' dir='ltr'>abscon-</span> 
     </span>
     <span class='ocr_line' id='line_1_4' title="bbox 456 471 2489 540; baseline 0 -14"><span class='ocrx_word' id='word_1_17' title='bbox 456 482 494 508; x_wconf 63' lang='lat'>⁴¹</span> <span class='ocrx_word' id='word_1_18' title='bbox 527 477 679 526; x_wconf 87' lang='lat' dir='ltr'>ditum</span> <span class='ocrx_word' id='word_1_19' title='bbox 703 489 882 532; x_wconf 87' lang='lat' dir='ltr'>meum,</span> <span class='ocrx_word' id='word_1_20' title='bbox 917 472 1191 537; x_wconf 89' lang='lat' dir='ltr'>veniantque</span> <span class='ocrx_word' id='word_1_21' title='bbox 1236 473 1283 520; x_wconf 90' lang='lat' dir='ltr'>in</span> <span class='ocrx_word' id='word_1_22' title='bbox 1304 471 1414 520; x_wconf 89' lang='lat' dir='ltr'>illud</span> <span class='ocrx_word' id='word_1_23' title='bbox 1441 471 1714 530; x_wconf 44' lang='lat' dir='ltr'>estanores,</span> <span class='ocrx_word' id='word_1_24' title='bbox 1748 476 1800 522; x_wconf 73' lang='grc' dir='ltr'>δε</span> <span class='ocrx_word' id='word_1_25' title='bbox 1833 473 2183 540; x_wconf 77' lang='lat' dir='ltr'>prophanabunt</span> <span class='ocrx_word' id='word_1_26' title='bbox 2221 477 2371 533; x_wconf 83' lang='lat' dir='ltr'>illud;</span> <span class='ocrx_word' id='word_1_27' title='bbox 2416 478 2489 528; x_wconf 83' lang='lat' dir='ltr'>fac</span> 
     </span>
     <span class='ocr_line' id='line_1_5' title="bbox 459 537 2482 606; baseline 0 -14"><span class='ocrx_word' id='word_1_28' title='bbox 459 548 496 574; x_wconf 64' lang='lat'>‘³‘</span> <span class='ocrx_word' id='word_1_29' title='bbox 527 555 755 601; x_wconf 82' lang='lat' dir='ltr'>catenam,</span> <span class='ocrx_word' id='word_1_30' title='bbox 793 542 902 606; x_wconf 89' lang='lat' dir='ltr'>quia</span> <span class='ocrx_word' id='word_1_31' title='bbox 923 549 1042 603; x_wconf 67' lang='lat' dir='ltr'>terra</span> <span class='ocrx_word' id='word_1_32' title='bbox 1064 539 1131 588; x_wconf 89' lang='lat' dir='ltr'>est</span> <span class='ocrx_word' id='word_1_33' title='bbox 1142 540 1276 605; x_wconf 90' lang='lat' dir='ltr'>plena</span> <span class='ocrx_word' id='word_1_34' title='bbox 1288 537 1471 604; x_wconf 78' lang='lat' dir='ltr'>judicio</span> <span class='ocrx_word' id='word_1_35' title='bbox 1492 537 1784 602; x_wconf 85' lang='lat' dir='ltr'>sanguinum,</span> <span class='ocrx_word' id='word_1_36' title='bbox 1808 542 1859 590; x_wconf 75' lang='grc' dir='ltr'>δε</span> <span class='ocrx_word' id='word_1_37' title='bbox 1876 541 1985 590; x_wconf 89' lang='lat' dir='ltr'>urbs</span> <span class='ocrx_word' id='word_1_38' title='bbox 1998 542 2126 606; x_wconf 84' lang='lat' dir='ltr'>plena</span> <span class='ocrx_word' id='word_1_39' title='bbox 2149 543 2203 604; x_wconf 75' lang='lat' dir='ltr'>est</span> <span class='ocrx_word' id='word_1_40' title='bbox 2223 545 2482 603; x_wconf 83' lang='lat' dir='ltr'>violentia‚&#39;’</span> 
     </span>
     <span class='ocr_line' id='line_1_6' title="bbox 453 605 2488 673; baseline 0.005 -22"><span class='ocrx_word' id='word_1_41' title='bbox 453 621 566 661; x_wconf 72' lang='lat' dir='ltr'>vn:</span> <span class='ocrx_word' id='word_1_42' title='bbox 601 626 683 668; x_wconf 84' lang='lat'>22,</span> <span class='ocrx_word' id='word_1_43' title='bbox 710 626 737 659; x_wconf 83' lang='lat'><strong>2</strong></span> <span class='ocrx_word' id='word_1_44' title='bbox 746 626 792 673; x_wconf 83' lang='lat'>3,</span> <span class='ocrx_word' id='word_1_45' title='bbox 822 624 898 669; x_wconf 86' lang='lat'>24.</span> <span class='ocrx_word' id='word_1_46' title='bbox 935 606 1259 655; x_wconf 83' lang='lat' dir='ltr'>describuntur·</span> <span class='ocrx_word' id='word_1_47' title='bbox 1274 605 1482 663; x_wconf 83' lang='lat' dir='ltr'>violenti,</span> <span class='ocrx_word' id='word_1_48' title='bbox 1516 607 1725 669; x_wconf 89' lang='lat' dir='ltr'><strong>quinam,</strong></span> <span class='ocrx_word' id='word_1_49' title='bbox 1760 608 1890 671; x_wconf 92' lang='lat' dir='ltr'>quod</span> <span class='ocrx_word' id='word_1_50' title='bbox 1908 608 2032 666; x_wconf 86' lang='lat' dir='ltr'>tales,</span> <span class='ocrx_word' id='word_1_51' title='bbox 2071 611 2340 660; x_wconf 66' lang='lat' dir='ltr'>utdic‘tum.</span> <span class='ocrx_word' id='word_1_52' title='bbox 2413 614 2488 664; x_wconf 74' lang='lat' dir='ltr'>A·</span> 
     </span>
     <span class='ocr_line' id='line_1_7' title="bbox 451 671 2487 746; baseline 0.001 -20"><span class='ocrx_word' id='word_1_53' title='bbox 451 677 563 746; x_wconf 88' lang='lat' dir='ltr'>pud·</span> <span class='ocrx_word' id='word_1_54' title='bbox 584 676 822 733; x_wconf 89' lang='lat' dir='ltr'>Eundem,</span> <span class='ocrx_word' id='word_1_55' title='bbox 864 680 900 705; x_wconf 89' lang='lat'><strong>“</strong></span> <span class='ocrx_word' id='word_1_56' title='bbox 922 675 1098 737; x_wconf 83' lang='lat' dir='ltr'>Panem</span> <span class='ocrx_word' id='word_1_57' title='bbox 1121 671 1253 720; x_wconf 87' lang='lat' dir='ltr'>suum</span> <span class='ocrx_word' id='word_1_58' title='bbox 1278 671 1326 720; x_wconf 85' lang='lat' dir='ltr'>in</span> <span class='ocrx_word' id='word_1_59' title='bbox 1350 671 1655 720; x_wconf 91' lang='lat' dir='ltr'>sollicitudine</span> <span class='ocrx_word' id='word_1_60' title='bbox 1679 672 1830 729; x_wconf 88' lang='lat' dir='ltr'>edent,</span> <span class='ocrx_word' id='word_1_61' title='bbox 1867 676 1917 722; x_wconf 75' lang='grc' dir='ltr'>δε</span> <span class='ocrx_word' id='word_1_62' title='bbox 1941 691 2080 739; x_wconf 89' lang='lat' dir='ltr'>aquas</span> <span class='ocrx_word' id='word_1_63' title='bbox 2111 676 2207 725; x_wconf 89' lang='lat' dir='ltr'>suas</span> <span class='ocrx_word' id='word_1_64' title='bbox 2244 679 2291 726; x_wconf 91' lang='lat' dir='ltr'>in</span> <span class='ocrx_word' id='word_1_65' title='bbox 2316 678 2487 729; x_wconf 48' lang='lat' dir='ltr'>desolaa</span> 
     </span>
     <span class='ocr_line' id='line_1_8' title="bbox 455 735 2485 806; baseline 0.001 -13"><span class='ocrx_word' id='word_1_66' title='bbox 455 750 492 774; x_wconf 74' lang='lat'>⁰⁶</span> <span class='ocrx_word' id='word_1_67' title='bbox 526 745 650 793; x_wconf 85' lang='lat' dir='ltr'>tione</span> <span class='ocrx_word' id='word_1_68' title='bbox 684 742 859 801; x_wconf 90' lang='lat' dir='ltr'>bibent,</span> <span class='ocrx_word' id='word_1_69' title='bbox 891 753 951 789; x_wconf 83' lang='lat' dir='ltr'>ut</span> <span class='ocrx_word' id='word_1_70' title='bbox 968 738 1224 788; x_wconf 84' lang='lat' dir='ltr'>devastetur</span> <span class='ocrx_word' id='word_1_71' title='bbox 1246 750 1366 786; x_wconf 85' lang='lat' dir='ltr'>terra</span> <span class='ocrx_word' id='word_1_72' title='bbox 1386 735 1486 803; x_wconf 90' lang='lat' dir='ltr'>ejus</span> <span class='ocrx_word' id='word_1_73' title='bbox 1526 754 1553 785; x_wconf 91' lang='lat' dir='ltr'>a</span> <span class='ocrx_word' id='word_1_74' title='bbox 1585 738 1869 803; x_wconf 87' lang='lat' dir='ltr'>plenitudine</span> <span class='ocrx_word' id='word_1_75' title='bbox 1894 740 1987 799; x_wconf 89' lang='lat' dir='ltr'>sua,</span> <span class='ocrx_word' id='word_1_76' title='bbox 2023 758 2121 806; x_wconf 82' lang='lat' dir='ltr'>prae</span> <span class='ocrx_word' id='word_1_77' title='bbox 2145 745 2358 794; x_wconf 81' lang='lat' dir='ltr'>Violentia</span> <span class='ocrx_word' id='word_1_78' title='bbox 2383 762 2485 796; x_wconf 87' lang='lat' dir='ltr'>om—</span> 
     </span>
     <span class='ocr_line' id='line_1_9' title="bbox 456 806 2486 870; baseline 0.002 -11"><span class='ocrx_word' id='word_1_79' title='bbox 456 817 493 840; x_wconf 81' lang='lat'><strong>“</strong></span> <span class='ocrx_word' id='word_1_80' title='bbox 528 813 658 860; x_wconf 89' lang='lat' dir='ltr'>nium</span> <span class='ocrx_word' id='word_1_81' title='bbox 698 808 999 858; x_wconf 87' lang='lat' dir='ltr'>habitantium</span> <span class='ocrx_word' id='word_1_82' title='bbox 1041 807 1090 853; x_wconf 90' lang='lat' dir='ltr'>in</span> <span class='ocrx_word' id='word_1_83' title='bbox 1119 806 1229 864; x_wconf 83' lang='lat' dir='ltr'>ea,&#39;’</span> <span class='ocrx_word' id='word_1_84' title='bbox 1248 821 1355 856; x_wconf 85' lang='lat' dir='ltr'>xn:</span> <span class='ocrx_word' id='word_1_85' title='bbox 1396 820 1469 870; x_wconf 89' lang='lat'>19.</span> <span class='ocrx_word' id='word_1_86' title='bbox 1509 808 1636 870; x_wconf 90' lang='lat' dir='ltr'>panis</span> <span class='ocrx_word' id='word_1_87' title='bbox 1675 822 1815 870; x_wconf 89' lang='lat' dir='ltr'>quem</span> <span class='ocrx_word' id='word_1_88' title='bbox 1857 822 1968 855; x_wconf 88' lang='lat' dir='ltr'>cum</span> <span class='ocrx_word' id='word_1_89' title='bbox 2009 808 2308 859; x_wconf 89' lang='lat' dir='ltr'>sollicitudine</span> <span class='ocrx_word' id='word_1_90' title='bbox 2347 813 2486 863; x_wconf 88' lang='lat' dir='ltr'>edent</span> 
     </span>
     <span class='ocr_line' id='line_1_10' title="bbox 457 871 2484 940; baseline -0.004 -13"><span class='ocrx_word' id='word_1_91' title='bbox 457 878 559 927; x_wconf 91' lang='lat' dir='ltr'>sunt</span> <span class='ocrx_word' id='word_1_92' title='bbox 582 876 796 932; x_wconf 71' lang='lat' dir='ltr'>caelestia,</span> <span class='ocrx_word' id='word_1_93' title='bbox 832 889 964 938; x_wconf 87' lang='lat' dir='ltr'>aquae</span> <span class='ocrx_word' id='word_1_94' title='bbox 989 888 1101 937; x_wconf 86' lang='lat' dir='ltr'>quas</span> <span class='ocrx_word' id='word_1_95' title='bbox 1121 873 1169 921; x_wconf 87' lang='lat' dir='ltr'>in</span> <span class='ocrx_word' id='word_1_96' title='bbox 1189 872 1462 934; x_wconf 77' lang='lat' dir='ltr'>desolatione</span> <span class='ocrx_word' id='word_1_97' title='bbox 1485 872 1660 931; x_wconf 91' lang='lat' dir='ltr'>bibent,</span> <span class='ocrx_word' id='word_1_98' title='bbox 1697 871 1799 922; x_wconf 90' lang='lat' dir='ltr'>sunt</span> <span class='ocrx_word' id='word_1_99' title='bbox 1836 871 2098 938; x_wconf 85' lang='lat' dir='ltr'>spiritualia,</span> <span class='ocrx_word' id='word_1_100' title='bbox 2132 876 2300 940; x_wconf 90' lang='lat' dir='ltr'>quibus</span> <span class='ocrx_word' id='word_1_101' title='bbox 2324 872 2484 929; x_wconf 76' lang='lat' dir='ltr'>v&#39;olen-</span> 
     </span>
     <span class='ocr_line' id='line_1_11' title="bbox 452 929 2541 1053; baseline 0 -59"><span class='ocrx_word' id='word_1_102' title='bbox 452 948 567 994; x_wconf 89' lang='lat' dir='ltr'>tiam</span> <span class='ocrx_word' id='word_1_103' title='bbox 589 943 854 998; x_wconf 86' lang='lat' dir='ltr'>intulerunt,</span> <span class='ocrx_word' id='word_1_104' title='bbox 890 939 964 988; x_wconf 92' lang='lat' dir='ltr'>seu</span> <span class='ocrx_word' id='word_1_105' title='bbox 999 955 1106 1004; x_wconf 86' lang='lat' dir='ltr'>quae</span> <span class='ocrx_word' id='word_1_106' title='bbox 1127 940 1483 1053; x_wconf 57' lang='lat' dir='ltr'>prophaissrunt.</span> <span class='ocrx_word' id='word_1_107' title='bbox 1555 939 1705 1003; x_wconf 90' lang='lat' dir='ltr'><strong>Apud</strong></span> <span class='ocrx_word' id='word_1_108' title='bbox 1722 939 1920 999; x_wconf 85' lang='lat' dir='ltr'>Esaiam,</span> <span class='ocrx_word' id='word_1_109' title='bbox 1974 946 2009 968; x_wconf 92' lang='lat'><strong>“</strong></span> <span class='ocrx_word' id='word_1_110' title='bbox 2033 941 2168 991; x_wconf 84' lang='lat' dir='ltr'>Telae</span> <span class='ocrx_word' id='word_1_111' title='bbox 2190 929 2356 992; x_wconf 54' lang='lat' dir='ltr'>eorum*</span> <span class='ocrx_word' id='word_1_112' title='bbox 2393 963 2486 996; x_wconf 85' lang='lat' dir='ltr'>non</span> <span class='ocrx_word' id='word_1_113' title='bbox 2532 947 2541 955; x_wconf 62' lang='grc'><strong>“</strong></span> 
     </span>
     <span class='ocr_line' id='line_1_12' title="bbox 453 1003 2486 1076; baseline 0.001 -18"><span class='ocrx_word' id='word_1_114' title='bbox 453 1018 490 1041; x_wconf 87' lang='grc'><strong>“</strong></span> <span class='ocrx_word' id='word_1_115' title='bbox 523 1022 656 1062; x_wconf 89' lang='lat' dir='ltr'>erunt</span> <span class='ocrx_word' id='word_1_116' title='bbox 679 1010 726 1058; x_wconf 93' lang='lat' dir='ltr'>in</span> <span class='ocrx_word' id='word_1_117' title='bbox 749 1006 939 1066; x_wconf 87' lang='lat' dir='ltr'>vestem,</span> <span class='ocrx_word' id='word_1_118' title='bbox 974 1022 1060 1054; x_wconf 87' lang='lat' dir='ltr'>nec</span> <span class='ocrx_word' id='word_1_119' title='bbox 1081 1017 1294 1070; x_wconf 89' lang='lat' dir='ltr'>tegentur</span> <span class='ocrx_word' id='word_1_120' title='bbox 1388 1003 1602 1069; x_wconf 87' lang='lat' dir='ltr'>operibus</span> <span class='ocrx_word' id='word_1_121' title='bbox 1635 1005 1758 1062; x_wconf 92' lang='lat' dir='ltr'>suis·,</span> <span class='ocrx_word' id='word_1_122' title='bbox 1794 1020 1933 1072; x_wconf 87' lang='lat' dir='ltr'>opera</span> <span class='ocrx_word' id='word_1_123' title='bbox 1967 1024 2132 1057; x_wconf 88' lang='lat' dir='ltr'>eorum</span> <span class='ocrx_word' id='word_1_124' title='bbox 2154 1025 2292 1074; x_wconf 89' lang='lat' dir='ltr'>opera</span> <span class='ocrx_word' id='word_1_125' title='bbox 2317 1012 2486 1076; x_wconf 83' lang='lat' dir='ltr'>iniqui-</span> 
     </span>
     <span class='ocr_line' id='line_1_13' title="bbox 452 1070 2482 1144; baseline -0 -16"><span class='ocrx_word' id='word_1_126' title='bbox 452 1085 488 1108; x_wconf 85' lang='lat'><strong>“</strong></span> <span class='ocrx_word' id='word_1_127' title='bbox 522 1079 641 1136; x_wconf 75' lang='lat' dir='ltr'>tatiS,</span> <span class='ocrx_word' id='word_1_128' title='bbox 677 1078 727 1125; x_wconf 87' lang='lat'>&amp;</span> <span class='ocrx_word' id='word_1_129' title='bbox 751 1074 925 1124; x_wconf 86' lang='lat' dir='ltr'>facinus</span> <span class='ocrx_word' id='word_1_130' title='bbox 946 1072 1168 1121; x_wconf 82' lang='lat' dir='ltr'>Violentiae</span> <span class='ocrx_word' id='word_1_131' title='bbox 1190 1072 1238 1120; x_wconf 90' lang='lat' dir='ltr'>in</span> <span class='ocrx_word' id='word_1_132' title='bbox 1261 1070 1379 1120; x_wconf 85' lang='lat' dir='ltr'>volis</span> <span class='ocrx_word' id='word_1_133' title='bbox 1401 1087 1584 1130; x_wconf 88' lang='lat' dir='ltr'>eorum,</span> <span class='ocrx_word' id='word_1_134' title='bbox 1600 1073 1630 1093; x_wconf 90' lang='lat'>’&#39;</span> <span class='ocrx_word' id='word_1_135' title='bbox 1649 1087 1764 1121; x_wconf 75' lang='lat' dir='ltr'>mx:</span> <span class='ocrx_word' id='word_1_136' title='bbox 1802 1075 1831 1122; x_wconf 91' lang='lat'>6</span> <span class='ocrx_word' id='word_1_137' title='bbox 1852 1093 1864 1124; x_wconf 77' lang='grc' dir='ltr'><strong><em>ε</em></strong></span> <span class='ocrx_word' id='word_1_138' title='bbox 1898 1074 1980 1123; x_wconf 92' lang='lat' dir='ltr'>ubi</span> <span class='ocrx_word' id='word_1_139' title='bbox 1998 1074 2101 1124; x_wconf 82' lang='lat' dir='ltr'>telae</span> <span class='ocrx_word' id='word_1_140' title='bbox 2124 1077 2175 1124; x_wconf 86' lang='lat'>&amp;</span> <span class='ocrx_word' id='word_1_141' title='bbox 2193 1076 2338 1125; x_wconf 87' lang='lat' dir='ltr'>vestes</span> <span class='ocrx_word' id='word_1_142' title='bbox 2362 1095 2482 1144; x_wconf 87' lang='lat' dir='ltr'>prae—</span> 
     </span>
     <span class='ocr_line' id='line_1_14' title="bbox 453 1138 2479 1207; baseline 0 -13"><span class='ocrx_word' id='word_1_143' title='bbox 453 1147 663 1196; x_wconf 88' lang='lat' dir='ltr'>dicantur</span> <span class='ocrx_word' id='word_1_144' title='bbox 685 1143 743 1191; x_wconf 92' lang='lat' dir='ltr'>de</span> <span class='ocrx_word' id='word_1_145' title='bbox 765 1143 818 1190; x_wconf 89' lang='lat' dir='ltr'>iis</span> <span class='ocrx_word' id='word_1_146' title='bbox 850 1156 958 1206; x_wconf 84' lang='lat' dir='ltr'>quae</span> <span class='ocrx_word' id='word_1_147' title='bbox 990 1138 1094 1187; x_wconf 90' lang='lat' dir='ltr'>sunt</span> <span class='ocrx_word' id='word_1_148' title='bbox 1127 1138 1380 1188; x_wconf 64' lang='lat' dir='ltr'>intellectus</span> <span class='ocrx_word' id='word_1_149' title='bbox 1413 1138 1489 1188; x_wconf 88' lang='lat' dir='ltr'>seu</span> <span class='ocrx_word' id='word_1_150' title='bbox 1519 1140 1830 1204; x_wconf 82' lang='lat' dir='ltr'>cogitationis,</span> <span class='ocrx_word' id='word_1_151' title='bbox 1865 1142 2078 1207; x_wconf 87' lang='lat' dir='ltr'>iniquitas</span> <span class='ocrx_word' id='word_1_152' title='bbox 2107 1143 2158 1192; x_wconf 74' lang='grc' dir='ltr'>δε</span> <span class='ocrx_word' id='word_1_153' title='bbox 2180 1143 2399 1194; x_wconf 87' lang='lat' dir='ltr'>violentia</span> <span class='ocrx_word' id='word_1_154' title='bbox 2421 1147 2479 1194; x_wconf 89' lang='lat' dir='ltr'>de</span> 
     </span>
     <span class='ocr_line' id='line_1_15' title="bbox 451 1205 2483 1278; baseline -0 -16"><span class='ocrx_word' id='word_1_155' title='bbox 451 1214 506 1263; x_wconf 87' lang='lat' dir='ltr'>iis</span> <span class='ocrx_word' id='word_1_156' title='bbox 539 1229 646 1277; x_wconf 88' lang='lat' dir='ltr'>quae</span> <span class='ocrx_word' id='word_1_157' title='bbox 662 1209 764 1258; x_wconf 90' lang='lat' dir='ltr'>sunt</span> <span class='ocrx_word' id='word_1_158' title='bbox 786 1207 1035 1258; x_wconf 86' lang='lat' dir='ltr'>voluntatis</span> <span class='ocrx_word' id='word_1_159' title='bbox 1059 1205 1134 1256; x_wconf 91' lang='lat' dir='ltr'>seu</span> <span class='ocrx_word' id='word_1_160' title='bbox 1159 1221 1366 1272; x_wconf 86' lang='lat' dir='ltr'>operum.</span> <span class='ocrx_word' id='word_1_161' title='bbox 1437 1207 1587 1273; x_wconf 86' lang='lat' dir='ltr'>Apud</span> <span class='ocrx_word' id='word_1_162' title='bbox 1610 1208 1800 1270; x_wconf 88' lang='lat' dir='ltr'>Jonam,</span> <span class='ocrx_word' id='word_1_163' title='bbox 1816 1207 1846 1230; x_wconf 88' lang='lat'>”</span> <span class='ocrx_word' id='word_1_164' title='bbox 1887 1210 2228 1259; x_wconf 85' lang='lat' dir='ltr'>Convertantur</span> <span class='ocrx_word' id='word_1_165' title='bbox 2249 1211 2440 1278; x_wconf 85' lang='lat' dir='ltr'>quisque</span> <span class='ocrx_word' id='word_1_166' title='bbox 2457 1230 2483 1262; x_wconf 87' lang='lat' dir='ltr'>a</span> 
     </span>
     <span class='ocr_line' id='line_1_16' title="bbox 451 1273 2482 1338; baseline 0.001 -11"><span class='ocrx_word' id='word_1_167' title='bbox 451 1286 489 1310; x_wconf 77' lang='lat'>‘⁴</span> <span class='ocrx_word' id='word_1_168' title='bbox 521 1282 596 1328; x_wconf 84' lang='lat' dir='ltr'>via</span> <span class='ocrx_word' id='word_1_169' title='bbox 618 1278 693 1326; x_wconf 89' lang='lat' dir='ltr'>sua</span> <span class='ocrx_word' id='word_1_170' title='bbox 716 1276 849 1335; x_wconf 88' lang='lat' dir='ltr'>mala,</span> <span class='ocrx_word' id='word_1_171' title='bbox 884 1276 936 1324; x_wconf 70' lang='grc' dir='ltr'>δε</span> <span class='ocrx_word' id='word_1_172' title='bbox 976 1291 1002 1322; x_wconf 90' lang='lat' dir='ltr'>a</span> <span class='ocrx_word' id='word_1_173' title='bbox 1023 1273 1254 1332; x_wconf 78' lang='lat' dir='ltr'>Violentia,</span> <span class='ocrx_word' id='word_1_174' title='bbox 1290 1289 1398 1338; x_wconf 86' lang='lat' dir='ltr'>quae</span> <span class='ocrx_word' id='word_1_175' title='bbox 1433 1274 1480 1321; x_wconf 90' lang='lat' dir='ltr'>in</span> <span class='ocrx_word' id='word_1_176' title='bbox 1515 1274 1633 1322; x_wconf 85' lang='lat' dir='ltr'>volis</span> <span class='ocrx_word' id='word_1_177' title='bbox 1656 1277 1881 1334; x_wconf 89' lang='lat' dir='ltr'>eorum‚”</span> <span class='ocrx_word' id='word_1_178' title='bbox 1910 1293 2007 1327; x_wconf 89' lang='lat'>111:</span> <span class='ocrx_word' id='word_1_179' title='bbox 2041 1281 2098 1327; x_wconf 88' lang='lat'>8:</span> <span class='ocrx_word' id='word_1_180' title='bbox 2136 1277 2216 1326; x_wconf 90' lang='lat' dir='ltr'>ubi</span> <span class='ocrx_word' id='word_1_181' title='bbox 2250 1278 2327 1327; x_wconf 89' lang='lat' dir='ltr'>via</span> <span class='ocrx_word' id='word_1_182' title='bbox 2359 1280 2482 1329; x_wconf 83' lang='lat' dir='ltr'>mala</span> 
     </span>
     <span class='ocr_line' id='line_1_17' title="bbox 447 1340 2483 1412; baseline 0 -17"><span class='ocrx_word' id='word_1_183' title='bbox 447 1346 727 1412; x_wconf 84' lang='lat' dir='ltr'>praedicatur</span> <span class='ocrx_word' id='word_1_184' title='bbox 762 1345 820 1392; x_wconf 85' lang='lat' dir='ltr'>de</span> <span class='ocrx_word' id='word_1_185' title='bbox 843 1341 959 1391; x_wconf 75' lang='lat' dir='ltr'>falsis</span> <span class='ocrx_word' id='word_1_186' title='bbox 982 1357 1090 1406; x_wconf 83' lang='lat' dir='ltr'>quae</span> <span class='ocrx_word' id='word_1_187' title='bbox 1113 1341 1215 1389; x_wconf 90' lang='lat' dir='ltr'>sunt</span> <span class='ocrx_word' id='word_1_188' title='bbox 1238 1340 1511 1400; x_wconf 67' lang='lat' dir='ltr'>intellestus‚</span> <span class='ocrx_word' id='word_1_189' title='bbox 1545 1343 1597 1392; x_wconf 66' lang='lat' dir='ltr'>ac</span> <span class='ocrx_word' id='word_1_190' title='bbox 1629 1342 1846 1392; x_wconf 85' lang='lat' dir='ltr'>violentia</span> <span class='ocrx_word' id='word_1_191' title='bbox 1869 1343 1926 1392; x_wconf 92' lang='lat' dir='ltr'>de</span> <span class='ocrx_word' id='word_1_192' title='bbox 1950 1343 2098 1401; x_wconf 86' lang='lat' dir='ltr'>malis,</span> <span class='ocrx_word' id='word_1_193' title='bbox 2132 1361 2240 1410; x_wconf 88' lang='lat' dir='ltr'>quae</span> <span class='ocrx_word' id='word_1_194' title='bbox 2265 1345 2368 1395; x_wconf 88' lang='lat' dir='ltr'>sunt</span> <span class='ocrx_word' id='word_1_195' title='bbox 2395 1363 2483 1396; x_wconf 85' lang='lat' dir='ltr'>vo·</span> 
     </span>
     <span class='ocr_line' id='line_1_18' title="bbox 451 1409 2483 1476; baseline -0 -13"><span class='ocrx_word' id='word_1_196' title='bbox 451 1416 652 1463; x_wconf 90' lang='lat' dir='ltr'>luntatis.</span> <span class='ocrx_word' id='word_1_197' title='bbox 722 1410 869 1476; x_wconf 87' lang='lat' dir='ltr'>Apud</span> <span class='ocrx_word' id='word_1_198' title='bbox 895 1409 1162 1472; x_wconf 79' lang='lat' dir='ltr'>Jeremiam,</span> <span class='ocrx_word' id='word_1_199' title='bbox 1212 1413 1247 1436; x_wconf 91' lang='lat'><strong>“</strong></span> <span class='ocrx_word' id='word_1_200' title='bbox 1271 1409 1439 1457; x_wconf 85' lang='lat' dir='ltr'>Veniet</span> <span class='ocrx_word' id='word_1_201' title='bbox 1478 1410 1526 1456; x_wconf 88' lang='lat' dir='ltr'>in</span> <span class='ocrx_word' id='word_1_202' title='bbox 1561 1425 1681 1458; x_wconf 89' lang='lat' dir='ltr'>anno</span> <span class='ocrx_word' id='word_1_203' title='bbox 1705 1410 1881 1458; x_wconf 88' lang='lat' dir='ltr'>auditio</span> <span class='ocrx_word' id='word_1_204' title='bbox 1906 1411 1956 1459; x_wconf 86' lang='lat'>&amp;</span> <span class='ocrx_word' id='word_1_205' title='bbox 1979 1411 2194 1460; x_wconf 81' lang='lat' dir='ltr'>Violentia</span> <span class='ocrx_word' id='word_1_206' title='bbox 2234 1413 2282 1461; x_wconf 90' lang='lat' dir='ltr'>in</span> <span class='ocrx_word' id='word_1_207' title='bbox 2307 1414 2483 1471; x_wconf 81' lang='lat' dir='ltr'>terra,’&#39;</span> 
     </span>
     <span class='ocr_line' id='line_1_19' title="bbox 452 1475 2485 1543; baseline 0 -14"><span class='ocrx_word' id='word_1_208' title='bbox 452 1497 504 1530; x_wconf 84' lang='lat'>1·.1</span> <span class='ocrx_word' id='word_1_209' title='bbox 525 1500 536 1531; x_wconf 71' lang='grc' dir='ltr'><strong><em>ε</em></strong></span> <span class='ocrx_word' id='word_1_210' title='bbox 562 1481 642 1542; x_wconf 89' lang='lat'>46.</span> <span class='ocrx_word' id='word_1_211' title='bbox 713 1477 912 1527; x_wconf 89' lang='lat' dir='ltr'>Auditio</span> <span class='ocrx_word' id='word_1_212' title='bbox 934 1493 1022 1543; x_wconf 89' lang='lat' dir='ltr'>pro</span> <span class='ocrx_word' id='word_1_213' title='bbox 1052 1476 1108 1524; x_wconf 84' lang='lat' dir='ltr'>iis</span> <span class='ocrx_word' id='word_1_214' title='bbox 1130 1491 1238 1540; x_wconf 85' lang='lat' dir='ltr'>quae</span> <span class='ocrx_word' id='word_1_215' title='bbox 1276 1475 1380 1524; x_wconf 91' lang='lat' dir='ltr'>sunt</span> <span class='ocrx_word' id='word_1_216' title='bbox 1402 1475 1673 1535; x_wconf 66' lang='lat' dir='ltr'>intelle&amp;us,</span> <span class='ocrx_word' id='word_1_217' title='bbox 1708 1476 1923 1526; x_wconf 88' lang='lat' dir='ltr'>violentia</span> <span class='ocrx_word' id='word_1_218' title='bbox 1945 1493 2053 1542; x_wconf 86' lang='lat' dir='ltr'>quae</span> <span class='ocrx_word' id='word_1_219' title='bbox 2093 1477 2198 1528; x_wconf 86' lang='lat' dir='ltr'>sunt</span> <span class='ocrx_word' id='word_1_220' title='bbox 2222 1479 2485 1530; x_wconf 87' lang='lat' dir='ltr'>voluntatis.</span> 
     </span>
     <span class='ocr_line' id='line_1_20' title="bbox 451 1540 2480 1614; baseline -0 -17"><span class='ocrx_word' id='word_1_221' title='bbox 451 1548 603 1613; x_wconf 87' lang='lat' dir='ltr'>Apud</span> <span class='ocrx_word' id='word_1_222' title='bbox 625 1545 822 1603; x_wconf 86' lang='lat' dir='ltr'>Esaiam,</span> <span class='ocrx_word' id='word_1_223' title='bbox 877 1549 914 1573; x_wconf 89' lang='lat'>“</span> <span class='ocrx_word' id='word_1_224' title='bbox 936 1544 1051 1592; x_wconf 90' lang='lat' dir='ltr'>Non</span> <span class='ocrx_word' id='word_1_225' title='bbox 1075 1543 1327 1591; x_wconf 84' lang='lat' dir='ltr'>Violentiam</span> <span class='ocrx_word' id='word_1_226' title='bbox 1352 1540 1479 1601; x_wconf 88' lang='lat' dir='ltr'>fecit,</span> <span class='ocrx_word' id='word_1_227' title='bbox 1515 1544 1565 1592; x_wconf 77' lang='grc' dir='ltr'>δε</span> <span class='ocrx_word' id='word_1_228' title='bbox 1605 1560 1700 1592; x_wconf 90' lang='lat' dir='ltr'>non</span> <span class='ocrx_word' id='word_1_229' title='bbox 1724 1543 1859 1592; x_wconf 88' lang='lat' dir='ltr'>dolus</span> <span class='ocrx_word' id='word_1_230' title='bbox 1896 1546 1942 1593; x_wconf 92' lang='lat' dir='ltr'>in</span> <span class='ocrx_word' id='word_1_231' title='bbox 1990 1560 2068 1594; x_wconf 88' lang='lat' dir='ltr'>ore</span> <span class='ocrx_word' id='word_1_232' title='bbox 2106 1544 2222 1610; x_wconf 87' lang='lat' dir='ltr'>ejus,</span> <span class='ocrx_word' id='word_1_233' title='bbox 2248 1562 2386 1596; x_wconf 79' lang='lat' dir='ltr'>L111:</span> <span class='ocrx_word' id='word_1_234' title='bbox 2416 1567 2480 1614; x_wconf 83' lang='lat'>9:</span> 
     </span>
     <span class='ocr_line' id='line_1_21' title="bbox 451 1609 2482 1678; baseline 0 -14"><span class='ocrx_word' id='word_1_235' title='bbox 451 1615 532 1665; x_wconf 87' lang='lat' dir='ltr'>ubi</span> <span class='ocrx_word' id='word_1_236' title='bbox 554 1614 771 1664; x_wconf 84' lang='lat' dir='ltr'>violentia</span> <span class='ocrx_word' id='word_1_237' title='bbox 794 1613 852 1670; x_wconf 76' lang='lat' dir='ltr'>de</span> <span class='ocrx_word' id='word_1_238' title='bbox 876 1612 928 1661; x_wconf 89' lang='lat' dir='ltr'>iis</span> <span class='ocrx_word' id='word_1_239' title='bbox 952 1627 1059 1678; x_wconf 87' lang='lat' dir='ltr'>quae</span> <span class='ocrx_word' id='word_1_240' title='bbox 1082 1609 1185 1660; x_wconf 90' lang='lat' dir='ltr'>sunt</span> <span class='ocrx_word' id='word_1_241' title='bbox 1196 1609 1466 1671; x_wconf 79' lang='lat' dir='ltr'>voluntatis,</span> <span class='ocrx_word' id='word_1_242' title='bbox 1503 1610 1636 1660; x_wconf 85' lang='lat' dir='ltr'>dolus</span> <span class='ocrx_word' id='word_1_243' title='bbox 1659 1612 1707 1662; x_wconf 90' lang='lat' dir='ltr'>in</span> <span class='ocrx_word' id='word_1_244' title='bbox 1729 1627 1808 1662; x_wconf 86' lang='lat' dir='ltr'>ore</span> <span class='ocrx_word' id='word_1_245' title='bbox 1831 1612 1890 1662; x_wconf 90' lang='lat' dir='ltr'>de</span> <span class='ocrx_word' id='word_1_246' title='bbox 1926 1612 1979 1662; x_wconf 87' lang='lat' dir='ltr'>iis</span> <span class='ocrx_word' id='word_1_247' title='bbox 2015 1628 2124 1678; x_wconf 86' lang='lat' dir='ltr'>quae</span> <span class='ocrx_word' id='word_1_248' title='bbox 2163 1612 2267 1663; x_wconf 90' lang='lat' dir='ltr'>sunt</span> <span class='ocrx_word' id='word_1_249' title='bbox 2305 1614 2482 1665; x_wconf 87' lang='lat' dir='ltr'>intelle·</span> 
     </span>
     <span class='ocr_line' id='line_1_22' title="bbox 450 1682 566 1732; baseline -0.009 0"><span class='ocrx_word' id='word_1_250' title='bbox 450 1682 566 1732; x_wconf 76' lang='lat' dir='ltr'>Ctus.</span> 
     </span>
     <span class='ocr_line' id='line_1_23' title="bbox 458 1746 2484 1813; baseline 0 -15"><span class='ocrx_word' id='word_1_251' title='bbox 458 1759 463 1762; x_wconf 73' lang='grc'><strong><em>’</em></strong></span> <span class='ocrx_word' id='word_1_252' title='bbox 522 1752 634 1812; x_wconf 86' lang='lat'><strong>624.</strong></span> <span class='ocrx_word' id='word_1_253' title='bbox 671 1749 821 1812; x_wconf 84' lang='lat' dir='ltr'>Quod</span> <span class='ocrx_word' id='word_1_254' title='bbox 842 1749 918 1798; x_wconf 91' lang='lat' dir='ltr'>hic</span> <span class='ocrx_word' id='word_1_255' title='bbox 942 1749 999 1797; x_wconf 91' lang='lat' dir='ltr'>de</span> <span class='ocrx_word' id='word_1_256' title='bbox 1022 1748 1137 1797; x_wconf 90' lang='lat' dir='ltr'>statu</span> <span class='ocrx_word' id='word_1_257' title='bbox 1167 1764 1260 1797; x_wconf 92' lang='lat' dir='ltr'>non</span> <span class='ocrx_word' id='word_1_258' title='bbox 1284 1748 1503 1798; x_wconf 85' lang='lat' dir='ltr'>Ecclefiae</span> <span class='ocrx_word' id='word_1_259' title='bbox 1527 1759 1703 1813; x_wconf 83' lang='lat' dir='ltr'>agatur,</span> <span class='ocrx_word' id='word_1_260' title='bbox 1739 1746 1912 1808; x_wconf 84' lang='lat' dir='ltr'>constat</span> <span class='ocrx_word' id='word_1_261' title='bbox 1949 1747 2073 1806; x_wconf 81' lang='lat' dir='ltr'>inde,</span> <span class='ocrx_word' id='word_1_262' title='bbox 2104 1749 2237 1813; x_wconf 87' lang='lat' dir='ltr'>quod</span> <span class='ocrx_word' id='word_1_263' title='bbox 2261 1749 2335 1798; x_wconf 90' lang='lat' dir='ltr'>hic</span> <span class='ocrx_word' id='word_1_264' title='bbox 2359 1749 2410 1799; x_wconf 75' lang='grc' dir='ltr'>δε</span> <span class='ocrx_word' id='word_1_265' title='bbox 2434 1750 2484 1800; x_wconf 84' lang='lat' dir='ltr'>in</span> 
     </span>
     <span class='ocr_line' id='line_1_24' title="bbox 451 1814 2485 1881; baseline 0 -17"><span class='ocrx_word' id='word_1_266' title='bbox 451 1815 739 1881; x_wconf 84' lang='lat' dir='ltr'>sequentibus</span> <span class='ocrx_word' id='word_1_267' title='bbox 779 1815 915 1880; x_wconf 85' lang='lat' dir='ltr'>hujus</span> <span class='ocrx_word' id='word_1_268' title='bbox 953 1814 1128 1879; x_wconf 86' lang='lat' dir='ltr'>Capitis</span> <span class='ocrx_word' id='word_1_269' title='bbox 1168 1815 1346 1863; x_wconf 88' lang='lat' dir='ltr'>dicatur</span> <span class='ocrx_word' id='word_1_270' title='bbox 1385 1818 1521 1873; x_wconf 87' lang='lat' dir='ltr'>Deus,</span> <span class='ocrx_word' id='word_1_271' title='bbox 1574 1817 1620 1862; x_wconf 88' lang='lat' dir='ltr'>in</span> <span class='ocrx_word' id='word_1_272' title='bbox 1666 1815 2030 1880; x_wconf 69' lang='lat' dir='ltr'>praecedentibus</span> <span class='ocrx_word' id='word_1_273' title='bbox 2061 1828 2218 1865; x_wconf 86' lang='lat' dir='ltr'>autem</span> <span class='ocrx_word' id='word_1_274' title='bbox 2241 1817 2447 1881; x_wconf 78' lang='lat' dir='ltr'>Jehovah</span> <span class='ocrx_word' id='word_1_275' title='bbox 2464 1840 2485 1873; x_wconf 56' lang='grc' dir='ltr'>ἰ</span> 
     </span>
     <span class='ocr_line' id='line_1_25' title="bbox 453 1881 2482 1947; baseline 0 -17"><span class='ocrx_word' id='word_1_276' title='bbox 453 1884 639 1947; x_wconf 88' lang='lat' dir='ltr'>quando</span> <span class='ocrx_word' id='word_1_277' title='bbox 663 1899 755 1930; x_wconf 88' lang='lat' dir='ltr'>non</span> <span class='ocrx_word' id='word_1_278' title='bbox 786 1881 1004 1939; x_wconf 72' lang='lat' dir='ltr'>Ecclesia,</span> <span class='ocrx_word' id='word_1_279' title='bbox 1041 1882 1209 1930; x_wconf 85' lang='lat' dir='ltr'>dicitur</span> <span class='ocrx_word' id='word_1_280' title='bbox 1224 1883 1372 1940; x_wconf 89' lang='lat' dir='ltr'>Deus,</span> <span class='ocrx_word' id='word_1_281' title='bbox 1397 1895 1443 1931; x_wconf 89' lang='lat' dir='ltr'>at</span> <span class='ocrx_word' id='word_1_282' title='bbox 1465 1882 1652 1946; x_wconf 91' lang='lat' dir='ltr'>quando</span> <span class='ocrx_word' id='word_1_283' title='bbox 1675 1882 1891 1939; x_wconf 68' lang='lat' dir='ltr'>Ecclesia,</span> <span class='ocrx_word' id='word_1_284' title='bbox 1918 1881 2088 1930; x_wconf 81' lang='lat' dir='ltr'>dicitur</span> <span class='ocrx_word' id='word_1_285' title='bbox 2101 1883 2328 1946; x_wconf 77' lang='lat' dir='ltr'>jehovah‚</span> <span class='ocrx_word' id='word_1_286' title='bbox 2365 1883 2482 1931; x_wconf 82' lang='lat' dir='ltr'>ficut</span> 
     </span>
     <span class='ocr_line' id='line_1_26' title="bbox 455 1947 2481 2014; baseline 0 -16"><span class='ocrx_word' id='word_1_287' title='bbox 455 1951 503 1998; x_wconf 90' lang='lat' dir='ltr'>in</span> <span class='ocrx_word' id='word_1_288' title='bbox 540 1950 703 2014; x_wconf 89' lang='lat' dir='ltr'>Capite</span> <span class='ocrx_word' id='word_1_289' title='bbox 737 1950 897 1997; x_wconf 87' lang='lat' dir='ltr'>Primo</span> <span class='ocrx_word' id='word_1_290' title='bbox 934 1947 1175 2005; x_wconf 77' lang='lat' dir='ltr'>GeneseOS,</span> <span class='ocrx_word' id='word_1_291' title='bbox 1211 1950 1399 2012; x_wconf 91' lang='lat' dir='ltr'>quando</span> <span class='ocrx_word' id='word_1_292' title='bbox 1445 1965 1539 1998; x_wconf 89' lang='lat' dir='ltr'>non</span> <span class='ocrx_word' id='word_1_293' title='bbox 1573 1949 1789 2006; x_wconf 80' lang='lat' dir='ltr'>Ecclesia,</span> <span class='ocrx_word' id='word_1_294' title='bbox 1826 1949 2004 2004; x_wconf 66' lang='lat' dir='ltr'>dictum</span> <span class='ocrx_word' id='word_1_295' title='bbox 2041 1948 2108 1997; x_wconf 88' lang='lat' dir='ltr'>est</span> <span class='ocrx_word' id='word_1_296' title='bbox 2145 1951 2290 2008; x_wconf 89' lang='lat' dir='ltr'>Deus,</span> <span class='ocrx_word' id='word_1_297' title='bbox 2329 1951 2376 1998; x_wconf 90' lang='lat' dir='ltr'>in</span> <span class='ocrx_word' id='word_1_298' title='bbox 2417 1949 2481 1999; x_wconf 86' lang='lat' dir='ltr'>se—</span> 
     </span>
     <span class='ocr_line' id='line_1_27' title="bbox 453 2013 2481 2081; baseline 0 -18"><span class='ocrx_word' id='word_1_299' title='bbox 453 2028 622 2081; x_wconf 91' lang='lat' dir='ltr'>quente</span> <span class='ocrx_word' id='word_1_300' title='bbox 657 2027 828 2073; x_wconf 89' lang='lat' dir='ltr'>autem,</span> <span class='ocrx_word' id='word_1_301' title='bbox 865 2015 1051 2079; x_wconf 90' lang='lat' dir='ltr'>quando</span> <span class='ocrx_word' id='word_1_302' title='bbox 1085 2013 1306 2073; x_wconf 71' lang='lat' dir='ltr'>Ecclesia,</span> <span class='ocrx_word' id='word_1_303' title='bbox 1343 2016 1538 2074; x_wconf 61' lang='lat' dir='ltr'>dictum,</span> <span class='ocrx_word' id='word_1_304' title='bbox 1578 2015 1788 2077; x_wconf 74' lang='lat' dir='ltr'>jehovah</span> <span class='ocrx_word' id='word_1_305' title='bbox 1825 2016 1983 2064; x_wconf 90' lang='lat' dir='ltr'>Deus:</span> <span class='ocrx_word' id='word_1_306' title='bbox 2036 2016 2245 2078; x_wconf 81' lang='lat' dir='ltr'>Jehovah</span> <span class='ocrx_word' id='word_1_307' title='bbox 2282 2015 2348 2064; x_wconf 89' lang='lat' dir='ltr'>est</span> <span class='ocrx_word' id='word_1_308' title='bbox 2386 2015 2481 2064; x_wconf 90' lang='lat' dir='ltr'>san-</span> 
     </span>
     <span class='ocr_line' id='line_1_28' title="bbox 453 2081 2481 2148; baseline 0 -18"><span class='ocrx_word' id='word_1_309' title='bbox 453 2084 718 2140; x_wconf 72' lang='lat' dir='ltr'>ffiffirnmn,</span> <span class='ocrx_word' id='word_1_310' title='bbox 755 2082 806 2130; x_wconf 85' lang='lat'>&amp;</span> <span class='ocrx_word' id='word_1_311' title='bbox 830 2098 923 2129; x_wconf 91' lang='lat' dir='ltr'>non</span> <span class='ocrx_word' id='word_1_312' title='bbox 947 2082 1028 2130; x_wconf 87' lang='lat' dir='ltr'>nifi</span> <span class='ocrx_word' id='word_1_313' title='bbox 1051 2097 1193 2146; x_wconf 91' lang='lat' dir='ltr'>quam</span> <span class='ocrx_word' id='word_1_314' title='bbox 1218 2081 1433 2131; x_wconf 84' lang='lat' dir='ltr'>Ecclefiae</span> <span class='ocrx_word' id='word_1_315' title='bbox 1454 2105 1470 2139; x_wconf 89' lang='lat'>·‚</span> <span class='ocrx_word' id='word_1_316' title='bbox 1506 2095 1552 2131; x_wconf 87' lang='lat' dir='ltr'>at</span> <span class='ocrx_word' id='word_1_317' title='bbox 1574 2084 1701 2131; x_wconf 89' lang='lat' dir='ltr'>Deus</span> <span class='ocrx_word' id='word_1_318' title='bbox 1726 2098 1819 2131; x_wconf 89' lang='lat' dir='ltr'>non</span> <span class='ocrx_word' id='word_1_319' title='bbox 1850 2084 1927 2140; x_wconf 88' lang='lat' dir='ltr'>ita,</span> <span class='ocrx_word' id='word_1_320' title='bbox 1963 2084 2070 2146; x_wconf 90' lang='lat' dir='ltr'>quia</span> <span class='ocrx_word' id='word_1_321' title='bbox 2105 2083 2229 2132; x_wconf 91' lang='lat' dir='ltr'>nulla</span> <span class='ocrx_word' id='word_1_322' title='bbox 2252 2099 2345 2134; x_wconf 90' lang='lat' dir='ltr'>non</span> <span class='ocrx_word' id='word_1_323' title='bbox 2367 2100 2481 2148; x_wconf 87' lang='lat' dir='ltr'>gens</span> 
     </span>
     <span class='ocr_line' id='line_1_29' title="bbox 425 2149 2480 2214; baseline 0.001 -16"><span class='ocrx_word' id='word_1_324' title='bbox 425 2205 430 2211; x_wconf 25' lang='lat'><strong>⁸</strong></span> <span class='ocrx_word' id='word_1_325' title='bbox 451 2149 610 2199; x_wconf 89' lang='lat' dir='ltr'>habuit</span> <span class='ocrx_word' id='word_1_326' title='bbox 632 2151 774 2209; x_wconf 86' lang='lat' dir='ltr'>Deos,</span> <span class='ocrx_word' id='word_1_327' title='bbox 808 2165 946 2214; x_wconf 89' lang='lat' dir='ltr'>quare</span> <span class='ocrx_word' id='word_1_328' title='bbox 969 2165 1139 2197; x_wconf 88' lang='lat' dir='ltr'>nomen</span> <span class='ocrx_word' id='word_1_329' title='bbox 1161 2151 1289 2197; x_wconf 92' lang='lat' dir='ltr'>Deus</span> <span class='ocrx_word' id='word_1_330' title='bbox 1311 2166 1404 2198; x_wconf 91' lang='lat' dir='ltr'>non</span> <span class='ocrx_word' id='word_1_331' title='bbox 1428 2150 1491 2198; x_wconf 87' lang='lat' dir='ltr'>ita</span> <span class='ocrx_word' id='word_1_332' title='bbox 1513 2150 1743 2198; x_wconf 68' lang='lat' dir='ltr'>sanctum:</span> <span class='ocrx_word' id='word_1_333' title='bbox 1794 2149 1966 2198; x_wconf 88' lang='lat' dir='ltr'>nemini</span> <span class='ocrx_word' id='word_1_334' title='bbox 1988 2149 2222 2213; x_wconf 78' lang='lat' dir='ltr'>jehovam</span> <span class='ocrx_word' id='word_1_335' title='bbox 2246 2152 2480 2200; x_wconf 87' lang='lat' dir='ltr'>nominare</span> 
     </span>
     <span class='ocr_line' id='line_1_30' title="bbox 451 2216 1890 2282; baseline -0.001 -16"><span class='ocrx_word' id='word_1_336' title='bbox 451 2217 598 2275; x_wconf 79' lang='lat' dir='ltr'>licuit,</span> <span class='ocrx_word' id='word_1_337' title='bbox 634 2216 715 2265; x_wconf 85' lang='lat' dir='ltr'>nifi</span> <span class='ocrx_word' id='word_1_338' title='bbox 737 2219 811 2265; x_wconf 91' lang='lat' dir='ltr'>cui</span> <span class='ocrx_word' id='word_1_339' title='bbox 833 2233 955 2264; x_wconf 86' lang='lat' dir='ltr'>verae</span> <span class='ocrx_word' id='word_1_340' title='bbox 980 2216 1086 2264; x_wconf 87' lang='lat' dir='ltr'>fidei</span> <span class='ocrx_word' id='word_1_341' title='bbox 1110 2217 1334 2281; x_wconf 84' lang='lat' dir='ltr'>cognitio,</span> <span class='ocrx_word' id='word_1_342' title='bbox 1370 2230 1415 2265; x_wconf 87' lang='lat' dir='ltr'>at</span> <span class='ocrx_word' id='word_1_343' title='bbox 1432 2219 1592 2266; x_wconf 87' lang='lat' dir='ltr'>Deum</span> <span class='ocrx_word' id='word_1_344' title='bbox 1616 2218 1890 2282; x_wconf 88' lang='lat' dir='ltr'>cuicunque.</span> 
     </span>
    </p>

    <p class='ocr_par' dir='ltr' id='par_1_4' title="bbox 443 2283 2478 2614">
     <span class='ocr_line' id='line_1_31' title="bbox 522 2283 2474 2350; baseline 0.002 -20"><span class='ocrx_word' id='word_1_345' title='bbox 522 2285 633 2347; x_wconf 85' lang='lat'><strong><em>625.</em></strong></span> <span class='ocrx_word' id='word_1_346' title='bbox 671 2283 809 2332; x_wconf 87' lang='lat' dir='ltr'>Vers:</span> <span class='ocrx_word' id='word_1_347' title='bbox 843 2301 928 2332; x_wconf 84' lang='lat'>12:</span> <span class='ocrx_word' id='word_1_348' title='bbox 966 2285 1032 2331; x_wconf 90' lang='lat' dir='ltr'>Et</span> <span class='ocrx_word' id='word_1_349' title='bbox 1055 2283 1171 2331; x_wconf 85' lang='lat' dir='ltr'>vidit</span> <span class='ocrx_word' id='word_1_350' title='bbox 1198 2286 1316 2333; x_wconf 84' lang='lat' dir='ltr'>Deus</span> <span class='ocrx_word' id='word_1_351' title='bbox 1346 2295 1525 2343; x_wconf 85' lang='lat' dir='ltr'>terram,</span> <span class='ocrx_word' id='word_1_352' title='bbox 1560 2284 1616 2334; x_wconf 58' lang='grc' dir='ltr'><em>δέ</em></span> <span class='ocrx_word' id='word_1_353' title='bbox 1641 2301 1726 2333; x_wconf 83' lang='lat' dir='ltr'>ecce</span> <span class='ocrx_word' id='word_1_354' title='bbox 1766 2290 1974 2348; x_wconf 75' lang='lat' dir='ltr'>corrupta</span> <span class='ocrx_word' id='word_1_355' title='bbox 2003 2283 2117 2348; x_wconf 85' lang='lat' dir='ltr'>fuit,</span> <span class='ocrx_word' id='word_1_356' title='bbox 2157 2288 2257 2350; x_wconf 85' lang='lat' dir='ltr'>quia</span> <span class='ocrx_word' id='word_1_357' title='bbox 2284 2287 2474 2348; x_wconf 82' lang='lat' dir='ltr'>corrupit</span> 
     </span>
     <span class='ocr_line' id='line_1_32' title="bbox 453 2349 2478 2417; baseline -0 -17"><span class='ocrx_word' id='word_1_358' title='bbox 453 2353 585 2400; x_wconf 87' lang='lat' dir='ltr'>omnis</span> <span class='ocrx_word' id='word_1_359' title='bbox 607 2367 707 2398; x_wconf 88' lang='lat' dir='ltr'>caro</span> <span class='ocrx_word' id='word_1_360' title='bbox 727 2353 848 2398; x_wconf 83' lang='lat' dir='ltr'>viam</span> <span class='ocrx_word' id='word_1_361' title='bbox 877 2351 1004 2414; x_wconf 89' lang='lat' dir='ltr'>suam</span> <span class='ocrx_word' id='word_1_362' title='bbox 1032 2351 1165 2415; x_wconf 87' lang='lat' dir='ltr'>super</span> <span class='ocrx_word' id='word_1_363' title='bbox 1187 2362 1305 2400; x_wconf 83' lang='lat' dir='ltr'>terra</span> <span class='ocrx_word' id='word_1_364' title='bbox 1322 2371 1337 2400; x_wconf 88' lang='lat'>.·</span> <span class='ocrx_word' id='word_1_365' title='bbox 1379 2351 1508 2417; x_wconf 91' lang='lat' dir='ltr'>quod</span> <span class='ocrx_word' id='word_1_366' title='bbox 1543 2352 1663 2399; x_wconf 85' lang='lat' dir='ltr'>vidit</span> <span class='ocrx_word' id='word_1_367' title='bbox 1702 2352 1829 2399; x_wconf 90' lang='lat' dir='ltr'>Deus</span> <span class='ocrx_word' id='word_1_368' title='bbox 1867 2364 2051 2410; x_wconf 85' lang='lat' dir='ltr'>terram,</span> <span class='ocrx_word' id='word_1_369' title='bbox 2087 2349 2478 2417; x_wconf 21' lang='lat' dir='ltr'>fignificatvquod</span> 
     </span>
     <span class='ocr_line' id='line_1_33' title="bbox 451 2417 2473 2484; baseline 0 -18"><span class='ocrx_word' id='word_1_370' title='bbox 451 2419 582 2467; x_wconf 87' lang='lat' dir='ltr'>Deus</span> <span class='ocrx_word' id='word_1_371' title='bbox 607 2417 747 2465; x_wconf 81' lang='lat' dir='ltr'>noffet</span> <span class='ocrx_word' id='word_1_372' title='bbox 782 2417 1049 2466; x_wconf 87' lang='lat' dir='ltr'>hominem:</span> <span class='ocrx_word' id='word_1_373' title='bbox 1099 2418 1227 2482; x_wconf 93' lang='lat' dir='ltr'>quod</span> <span class='ocrx_word' id='word_1_374' title='bbox 1265 2432 1496 2484; x_wconf 86' lang='lat' dir='ltr'>corrupta,</span> <span class='ocrx_word' id='word_1_375' title='bbox 1546 2418 1786 2483; x_wconf 82' lang='lat' dir='ltr'>fignificat,</span> <span class='ocrx_word' id='word_1_376' title='bbox 1838 2419 1967 2482; x_wconf 91' lang='lat' dir='ltr'>quod</span> <span class='ocrx_word' id='word_1_377' title='bbox 2007 2419 2119 2467; x_wconf 86' lang='lat' dir='ltr'>nihil</span> <span class='ocrx_word' id='word_1_378' title='bbox 2159 2418 2239 2466; x_wconf 80' lang='lat' dir='ltr'>nisi</span> <span class='ocrx_word' id='word_1_379' title='bbox 2279 2418 2473 2468; x_wconf 87' lang='lat' dir='ltr'>falsum:</span> 
     </span>
     <span class='ocr_line' id='line_1_34' title="bbox 443 2485 2477 2552; baseline 0.001 -21"><span class='ocrx_word' id='word_1_380' title='bbox 443 2486 560 2549; x_wconf 41' lang='lat' dir='ltr'>,quia</span> <span class='ocrx_word' id='word_1_381' title='bbox 597 2485 798 2548; x_wconf 88' lang='lat' dir='ltr'>corrupit</span> <span class='ocrx_word' id='word_1_382' title='bbox 822 2487 972 2531; x_wconf 89' lang='lat' dir='ltr'>omnis</span> <span class='ocrx_word' id='word_1_383' title='bbox 997 2501 1100 2532; x_wconf 87' lang='lat' dir='ltr'>caro</span> <span class='ocrx_word' id='word_1_384' title='bbox 1132 2487 1258 2533; x_wconf 86' lang='lat' dir='ltr'>viam</span> <span class='ocrx_word' id='word_1_385' title='bbox 1283 2486 1407 2534; x_wconf 89' lang='lat' dir='ltr'>suam</span> <span class='ocrx_word' id='word_1_386' title='bbox 1433 2486 1565 2550; x_wconf 87' lang='lat' dir='ltr'>super</span> <span class='ocrx_word' id='word_1_387' title='bbox 1604 2501 1736 2544; x_wconf 85' lang='lat' dir='ltr'>terra,</span> <span class='ocrx_word' id='word_1_388' title='bbox 1773 2486 1996 2550; x_wconf 78' lang='lat' dir='ltr'>significat</span> <span class='ocrx_word' id='word_1_389' title='bbox 2035 2485 2161 2550; x_wconf 90' lang='lat' dir='ltr'>quod</span> <span class='ocrx_word' id='word_1_390' title='bbox 2201 2501 2477 2552; x_wconf 84' lang='lat' dir='ltr'>corporeum</span> 
     </span>
     <span class='ocr_line' id='line_1_35' title="bbox 450 2551 1571 2614; baseline 0.001 -14"><span class='ocrx_word' id='word_1_391' title='bbox 450 2552 651 2600; x_wconf 83' lang='lat' dir='ltr'>hominis</span> <span class='ocrx_word' id='word_1_392' title='bbox 674 2551 920 2614; x_wconf 85' lang='lat' dir='ltr'>perdiderit</span> <span class='ocrx_word' id='word_1_393' title='bbox 942 2568 1131 2599; x_wconf 86' lang='lat' dir='ltr'>omnem</span> <span class='ocrx_word' id='word_1_394' title='bbox 1156 2552 1437 2601; x_wconf 61' lang='lat' dir='ltr'>intellectum</span> <span class='ocrx_word' id='word_1_395' title='bbox 1460 2554 1571 2601; x_wconf 88' lang='lat' dir='ltr'>veri.</span> 
     </span>
    </p>

    <p class='ocr_par' dir='ltr' id='par_1_5' title="bbox 455 2617 2474 2941">
     <span class='ocr_line' id='line_1_36' title="bbox 526 2617 2474 2684; baseline 0.001 -19"><span class='ocrx_word' id='word_1_396' title='bbox 526 2620 634 2667; x_wconf 85' lang='lat'><strong>626.</strong></span> <span class='ocrx_word' id='word_1_397' title='bbox 672 2618 821 2681; x_wconf 79' lang='lat' dir='ltr'>Quod</span> <span class='ocrx_word' id='word_1_398' title='bbox 868 2617 987 2663; x_wconf 87' lang='lat' dir='ltr'>vidit</span> <span class='ocrx_word' id='word_1_399' title='bbox 1020 2619 1164 2665; x_wconf 88' lang='lat' dir='ltr'>Deus·</span> <span class='ocrx_word' id='word_1_400' title='bbox 1189 2633 1372 2677; x_wconf 85' lang='lat' dir='ltr'>terram,</span> <span class='ocrx_word' id='word_1_401' title='bbox 1425 2621 1649 2684; x_wconf 79' lang='lat' dir='ltr'>significet</span> <span class='ocrx_word' id='word_1_402' title='bbox 1694 2620 1822 2683; x_wconf 91' lang='lat' dir='ltr'>quod</span> <span class='ocrx_word' id='word_1_403' title='bbox 1862 2622 1990 2668; x_wconf 85' lang='lat' dir='ltr'>Deus</span> <span class='ocrx_word' id='word_1_404' title='bbox 2037 2621 2178 2668; x_wconf 88' lang='lat' dir='ltr'>nosset</span> <span class='ocrx_word' id='word_1_405' title='bbox 2219 2620 2474 2676; x_wconf 82' lang='lat' dir='ltr'>homiuem,</span> 
     </span>
     <span class='ocr_line' id='line_1_37' title="bbox 455 2684 2474 2752; baseline -0 -18"><span class='ocrx_word' id='word_1_406' title='bbox 455 2685 654 2734; x_wconf 86' lang='lat' dir='ltr'>constare</span> <span class='ocrx_word' id='word_1_407' title='bbox 678 2685 925 2747; x_wconf 87' lang='lat' dir='ltr'>unicuique</span> <span class='ocrx_word' id='word_1_408' title='bbox 949 2684 1096 2748; x_wconf 87' lang='lat' dir='ltr'>potest</span> <span class='ocrx_word' id='word_1_409' title='bbox 1118 2707 1133 2739; x_wconf 89' lang='lat'>·,</span> <span class='ocrx_word' id='word_1_410' title='bbox 1164 2686 1292 2733; x_wconf 89' lang='lat' dir='ltr'>Deus</span> <span class='ocrx_word' id='word_1_411' title='bbox 1316 2688 1458 2744; x_wconf 89' lang='lat' dir='ltr'>enim,</span> <span class='ocrx_word' id='word_1_412' title='bbox 1484 2688 1565 2750; x_wconf 89' lang='lat' dir='ltr'>qui</span> <span class='ocrx_word' id='word_1_413' title='bbox 1590 2689 1721 2734; x_wconf 83' lang='lat' dir='ltr'>novit</span> <span class='ocrx_word' id='word_1_414' title='bbox 1750 2690 1904 2734; x_wconf 88' lang='lat' dir='ltr'>omnia</span> <span class='ocrx_word' id='word_1_415' title='bbox 1937 2690 1987 2735; x_wconf 72' lang='grc' dir='ltr'>δε</span> <span class='ocrx_word' id='word_1_416' title='bbox 2012 2688 2186 2752; x_wconf 77' lang='lat' dir='ltr'>singula</span> <span class='ocrx_word' id='word_1_417' title='bbox 2209 2687 2263 2734; x_wconf 88' lang='lat' dir='ltr'>ab</span> <span class='ocrx_word' id='word_1_418' title='bbox 2285 2699 2474 2743; x_wconf 82' lang='lat' dir='ltr'>aeterno,</span> 
     </span>
     <span class='ocr_line' id='line_1_38' title="bbox 455 2751 2474 2817; baseline 0 -17"><span class='ocrx_word' id='word_1_419' title='bbox 455 2770 547 2801; x_wconf 90' lang='lat' dir='ltr'>non</span> <span class='ocrx_word' id='word_1_420' title='bbox 567 2768 684 2816; x_wconf 83' lang='lat' dir='ltr'>opus</span> <span class='ocrx_word' id='word_1_421' title='bbox 709 2751 841 2798; x_wconf 83' lang='lat' dir='ltr'>habet</span> <span class='ocrx_word' id='word_1_422' title='bbox 864 2764 915 2798; x_wconf 90' lang='lat' dir='ltr'>ut</span> <span class='ocrx_word' id='word_1_423' title='bbox 938 2751 1091 2809; x_wconf 83' lang='lat' dir='ltr'>videat</span> <span class='ocrx_word' id='word_1_424' title='bbox 1113 2767 1230 2798; x_wconf 52' lang='lat' dir='ltr'>‘num</span> <span class='ocrx_word' id='word_1_425' title='bbox 1256 2753 1354 2799; x_wconf 89' lang='lat' dir='ltr'>talis</span> <span class='ocrx_word' id='word_1_426' title='bbox 1379 2753 1432 2800; x_wconf 83' lang='lat' dir='ltr'>fit</span> <span class='ocrx_word' id='word_1_427' title='bbox 1452 2775 1468 2810; x_wconf 94' lang='grc'>·,</span> <span class='ocrx_word' id='word_1_428' title='bbox 1505 2754 1660 2801; x_wconf 86' lang='lat' dir='ltr'>videre</span> <span class='ocrx_word' id='word_1_429' title='bbox 1697 2753 1760 2800; x_wconf 89' lang='lat' dir='ltr'>est</span> <span class='ocrx_word' id='word_1_430' title='bbox 1784 2754 2038 2802; x_wconf 88' lang='lat' dir='ltr'>humanum</span> <span class='ocrx_word' id='word_1_431' title='bbox 2063 2755 2194 2817; x_wconf 90' lang='lat' dir='ltr'>quid,</span> <span class='ocrx_word' id='word_1_432' title='bbox 2230 2771 2386 2817; x_wconf 90' lang='lat' dir='ltr'>quare,</span> <span class='ocrx_word' id='word_1_433' title='bbox 2423 2767 2474 2800; x_wconf 87' lang='lat' dir='ltr'>ut</span> 
     </span>
     <span class='ocr_line' id='line_1_39' title="bbox 455 2816 2471 2885; baseline 0 -19"><span class='ocrx_word' id='word_1_434' title='bbox 455 2821 631 2868; x_wconf 70' lang='lat' dir='ltr'>dictum</span> <span class='ocrx_word' id='word_1_435' title='bbox 655 2819 714 2865; x_wconf 89' lang='lat' dir='ltr'>ad</span> <span class='ocrx_word' id='word_1_436' title='bbox 735 2816 858 2865; x_wconf 85' lang='lat' dir='ltr'>vers:</span> <span class='ocrx_word' id='word_1_437' title='bbox 888 2819 934 2875; x_wconf 85' lang='lat'>6,</span> <span class='ocrx_word' id='word_1_438' title='bbox 970 2819 1019 2865; x_wconf 85' lang='lat'>&amp;</span> <span class='ocrx_word' id='word_1_439' title='bbox 1044 2819 1165 2875; x_wconf 81' lang='lat' dir='ltr'>alibi,</span> <span class='ocrx_word' id='word_1_440' title='bbox 1202 2818 1451 2867; x_wconf 88' lang='lat' dir='ltr'>secundum</span> <span class='ocrx_word' id='word_1_441' title='bbox 1483 2836 1548 2877; x_wconf 88' lang='lat' dir='ltr'>ea,</span> <span class='ocrx_word' id='word_1_442' title='bbox 1586 2837 1691 2884; x_wconf 85' lang='lat' dir='ltr'>quae</span> <span class='ocrx_word' id='word_1_443' title='bbox 1731 2834 1948 2884; x_wconf 88' lang='lat' dir='ltr'>apparent</span> <span class='ocrx_word' id='word_1_444' title='bbox 1988 2823 2037 2868; x_wconf 88' lang='lat' dir='ltr'>in</span> <span class='ocrx_word' id='word_1_445' title='bbox 2066 2821 2269 2878; x_wconf 85' lang='lat' dir='ltr'>homine,</span> <span class='ocrx_word' id='word_1_446' title='bbox 2305 2820 2471 2885; x_wconf 87' lang='lat' dir='ltr'>loquu-</span> 
     </span>
     <span class='ocr_line' id='line_1_40' title="bbox 455 2885 1698 2941; baseline -0.001 -7"><span class='ocrx_word' id='word_1_447' title='bbox 455 2900 589 2941; x_wconf 87' lang='lat' dir='ltr'>tum·,</span> <span class='ocrx_word' id='word_1_448' title='bbox 625 2887 722 2933; x_wconf 86' lang='lat' dir='ltr'>imo</span> <span class='ocrx_word' id='word_1_449' title='bbox 747 2885 878 2941; x_wconf 85' lang='lat' dir='ltr'>adeO,</span> <span class='ocrx_word' id='word_1_450' title='bbox 915 2899 967 2932; x_wconf 87' lang='lat' dir='ltr'>ut</span> <span class='ocrx_word' id='word_1_451' title='bbox 998 2887 1132 2933; x_wconf 85' lang='lat' dir='ltr'>etiam</span> <span class='ocrx_word' id='word_1_452' title='bbox 1159 2887 1303 2934; x_wconf 83' lang='lat' dir='ltr'>oculis</span> <span class='ocrx_word' id='word_1_453' title='bbox 1327 2887 1505 2934; x_wconf 89' lang='lat' dir='ltr'>dicatur</span> <span class='ocrx_word' id='word_1_454' title='bbox 1528 2887 1698 2934; x_wconf 85' lang='lat' dir='ltr'>videre.</span> 
     </span>
    </p>

    <p class='ocr_par' dir='ltr' id='par_1_6' title="bbox 452 2953 2470 3285">
     <span class='ocr_line' id='line_1_41' title="bbox 523 2953 2468 3019; baseline 0.001 -20"><span class='ocrx_word' id='word_1_455' title='bbox 523 2953 638 3017; x_wconf 16' lang='lat'>62⁷7,</span> <span class='ocrx_word' id='word_1_456' title='bbox 671 2954 797 3016; x_wconf 73' lang='lat' dir='ltr'>Qua</span> <span class='ocrx_word' id='word_1_457' title='bbox 820 2953 1024 3016; x_wconf 86' lang='lat' dir='ltr'>corrupit</span> <span class='ocrx_word' id='word_1_458' title='bbox 1047 2955 1197 3001; x_wconf 87' lang='lat' dir='ltr'>omnis</span> <span class='ocrx_word' id='word_1_459' title='bbox 1222 2956 1329 3001; x_wconf 80' lang='lat' dir='ltr'>&#39;caro</span> <span class='ocrx_word' id='word_1_460' title='bbox 1348 2955 1470 3000; x_wconf 87' lang='lat' dir='ltr'>viam</span> <span class='ocrx_word' id='word_1_461' title='bbox 1493 2953 1616 3001; x_wconf 87' lang='lat' dir='ltr'>suam</span> <span class='ocrx_word' id='word_1_462' title='bbox 1642 2953 1774 3018; x_wconf 89' lang='lat' dir='ltr'>super</span> <span class='ocrx_word' id='word_1_463' title='bbox 1797 2967 1925 3012; x_wconf 86' lang='lat' dir='ltr'>terra,</span> <span class='ocrx_word' id='word_1_464' title='bbox 1962 2954 2090 3019; x_wconf 91' lang='lat' dir='ltr'>quod</span> <span class='ocrx_word' id='word_1_465' title='bbox 2113 2953 2336 3018; x_wconf 73' lang='lat' dir='ltr'>significet</span> <span class='ocrx_word' id='word_1_466' title='bbox 2367 2970 2468 3000; x_wconf 88' lang='lat' dir='ltr'>cor-</span> 
     </span>
     <span class='ocr_line' id='line_1_42' title="bbox 454 3019 2470 3085; baseline 0 -20"><span class='ocrx_word' id='word_1_467' title='bbox 454 3034 647 3084; x_wconf 84' lang='lat' dir='ltr'>poreum</span> <span class='ocrx_word' id='word_1_468' title='bbox 673 3019 870 3066; x_wconf 89' lang='lat' dir='ltr'>hominis</span> <span class='ocrx_word' id='word_1_469' title='bbox 894 3019 1130 3083; x_wconf 83' lang='lat' dir='ltr'>perdidisse</span> <span class='ocrx_word' id='word_1_470' title='bbox 1170 3037 1358 3068; x_wconf 84' lang='lat' dir='ltr'>omnem</span> <span class='ocrx_word' id='word_1_471' title='bbox 1401 3021 1682 3068; x_wconf 60' lang='lat' dir='ltr'>intellectum</span> <span class='ocrx_word' id='word_1_472' title='bbox 1722 3023 1835 3080; x_wconf 84' lang='lat' dir='ltr'>veri,</span> <span class='ocrx_word' id='word_1_473' title='bbox 1872 3022 2042 3070; x_wconf 89' lang='lat' dir='ltr'>constat</span> <span class='ocrx_word' id='word_1_474' title='bbox 2081 3038 2105 3068; x_wconf 90' lang='lat' dir='ltr'>a</span> <span class='ocrx_word' id='word_1_475' title='bbox 2144 3022 2470 3085; x_wconf 77' lang='lat' dir='ltr'>significatione</span> 
     </span>
     <span class='ocr_line' id='line_1_43' title="bbox 455 3085 2467 3152; baseline -0 -19"><span class='ocrx_word' id='word_1_476' title='bbox 455 3088 613 3133; x_wconf 87' lang='lat' dir='ltr'>Carnis</span> <span class='ocrx_word' id='word_1_477' title='bbox 666 3085 721 3131; x_wconf 91' lang='lat' dir='ltr'>de</span> <span class='ocrx_word' id='word_1_478' title='bbox 738 3102 827 3148; x_wconf 84' lang='lat' dir='ltr'>qua</span> <span class='ocrx_word' id='word_1_479' title='bbox 849 3089 973 3149; x_wconf 84' lang='lat' dir='ltr'>prius</span> <span class='ocrx_word' id='word_1_480' title='bbox 998 3087 1054 3134; x_wconf 92' lang='lat' dir='ltr'>ad</span> <span class='ocrx_word' id='word_1_481' title='bbox 1078 3087 1203 3135; x_wconf 88' lang='lat' dir='ltr'>vers:</span> <span class='ocrx_word' id='word_1_482' title='bbox 1227 3106 1272 3152; x_wconf 87' lang='lat'>3,</span> <span class='ocrx_word' id='word_1_483' title='bbox 1309 3088 1438 3152; x_wconf 91' lang='lat' dir='ltr'>quod</span> <span class='ocrx_word' id='word_1_484' title='bbox 1472 3088 1526 3134; x_wconf 87' lang='lat' dir='ltr'>fit</span> <span class='ocrx_word' id='word_1_485' title='bbox 1567 3089 1612 3135; x_wconf 91' lang='lat' dir='ltr'>in</span> <span class='ocrx_word' id='word_1_486' title='bbox 1655 3104 1817 3152; x_wconf 85' lang='lat' dir='ltr'>genere</span> <span class='ocrx_word' id='word_1_487' title='bbox 1858 3090 2008 3137; x_wconf 89' lang='lat' dir='ltr'>omnis</span> <span class='ocrx_word' id='word_1_488' title='bbox 2041 3089 2200 3145; x_wconf 73' lang='lat' dir='ltr'>houm,</span> <span class='ocrx_word' id='word_1_489' title='bbox 2239 3091 2283 3135; x_wconf 90' lang='lat' dir='ltr'>in</span> <span class='ocrx_word' id='word_1_490' title='bbox 2325 3087 2467 3151; x_wconf 87' lang='lat' dir='ltr'>specie</span> 
     </span>
     <span class='ocr_line' id='line_1_44' title="bbox 453 3151 2466 3220; baseline -0 -21"><span class='ocrx_word' id='word_1_491' title='bbox 453 3166 715 3215; x_wconf 65' lang='lat' dir='ltr'>(torporem,</span> <span class='ocrx_word' id='word_1_492' title='bbox 751 3151 823 3197; x_wconf 89' lang='lat' dir='ltr'>seu</span> <span class='ocrx_word' id='word_1_493' title='bbox 847 3168 984 3198; x_wconf 88' lang='lat' dir='ltr'>omne</span> <span class='ocrx_word' id='word_1_494' title='bbox 1008 3170 1313 3218; x_wconf 86' lang='lat' dir='ltr'>corporeum·,</span> <span class='ocrx_word' id='word_1_495' title='bbox 1351 3156 1400 3202; x_wconf 84' lang='lat'>&amp;</span> <span class='ocrx_word' id='word_1_496' title='bbox 1442 3171 1498 3202; x_wconf 85' lang='lat' dir='ltr'>ex</span> <span class='ocrx_word' id='word_1_497' title='bbox 1522 3155 1847 3220; x_wconf 74' lang='lat' dir='ltr'>significatione</span> <span class='ocrx_word' id='word_1_498' title='bbox 1867 3157 1989 3213; x_wconf 81' lang='lat' dir='ltr'>Viae,</span> <span class='ocrx_word' id='word_1_499' title='bbox 2026 3156 2154 3219; x_wconf 89' lang='lat' dir='ltr'>quod</span> <span class='ocrx_word' id='word_1_500' title='bbox 2194 3155 2247 3202; x_wconf 87' lang='lat' dir='ltr'>s1t</span> <span class='ocrx_word' id='word_1_501' title='bbox 2286 3153 2466 3216; x_wconf 19' lang='lat' dir='ltr'>Intelhle-</span> 
     </span>
     <span class='ocr_line' id='line_1_45' title="bbox 452 3216 2468 3285; baseline -0.001 -19"><span class='ocrx_word' id='word_1_502' title='bbox 452 3220 553 3266; x_wconf 67' lang='lat' dir='ltr'>stus</span> <span class='ocrx_word' id='word_1_503' title='bbox 582 3218 689 3272; x_wconf 85' lang='lat' dir='ltr'>veri,</span> <span class='ocrx_word' id='word_1_504' title='bbox 725 3216 797 3262; x_wconf 87' lang='lat' dir='ltr'>seu</span> <span class='ocrx_word' id='word_1_505' title='bbox 838 3216 929 3280; x_wconf 79' lang='lat' dir='ltr'>ipsa</span> <span class='ocrx_word' id='word_1_506' title='bbox 950 3220 1154 3268; x_wconf 84' lang='lat' dir='ltr'>Veritas:</span> <span class='ocrx_word' id='word_1_507' title='bbox 1202 3222 1330 3285; x_wconf 88' lang='lat' dir='ltr'>quod</span> <span class='ocrx_word' id='word_1_508' title='bbox 1349 3222 1437 3268; x_wconf 87' lang='lat' dir='ltr'>Via</span> <span class='ocrx_word' id='word_1_509' title='bbox 1460 3224 1735 3285; x_wconf 75' lang='lat' dir='ltr'>praedicetur</span> <span class='ocrx_word' id='word_1_510' title='bbox 1779 3223 1834 3271; x_wconf 89' lang='lat' dir='ltr'>de</span> <span class='ocrx_word' id='word_1_511' title='bbox 1858 3224 2095 3271; x_wconf 66' lang='lat' dir='ltr'>Intellectu</span> <span class='ocrx_word' id='word_1_512' title='bbox 2136 3223 2247 3278; x_wconf 83' lang='lat' dir='ltr'>veri,</span> <span class='ocrx_word' id='word_1_513' title='bbox 2301 3219 2372 3265; x_wconf 87' lang='lat' dir='ltr'>seu</span> <span class='ocrx_word' id='word_1_514' title='bbox 2411 3219 2468 3264; x_wconf 85' lang='lat' dir='ltr'>de</span> 
     </span>
    </p>
   </div>
   <div class='ocr_carea' id='block_1_4' title="bbox 454 3282 2478 3414">
    <p class='ocr_par' dir='ltr' id='par_1_7' title="bbox 454 3282 2478 3414">
     <span class='ocr_line' id='line_1_46' title="bbox 454 3282 2468 3398; baseline -0.002 -63"><span class='ocrx_word' id='word_1_515' title='bbox 454 3288 658 3342; x_wconf 68' lang='lat' dir='ltr'>veritate,</span> <span class='ocrx_word' id='word_1_516' title='bbox 695 3282 1063 3358; x_wconf 57' lang='lat' dir='ltr'>constare‘potest</span> <span class='ocrx_word' id='word_1_517' title='bbox 1085 3287 1251 3358; x_wconf 77' lang='lat' dir='ltr'>abillis</span> <span class='ocrx_word' id='word_1_518' title='bbox 1274 3289 1530 3353; x_wconf 62' lang='lat' dir='ltr'>qu‘ae‘allata</span> <span class='ocrx_word' id='word_1_519' title='bbox 1553 3289 1653 3338; x_wconf 88' lang='lat' dir='ltr'>sunt</span> <span class='ocrx_word' id='word_1_520' title='bbox 1691 3292 1815 3354; x_wconf 85' lang='lat' dir='ltr'>prius</span> <span class='ocrx_word' id='word_1_521' title='bbox 1846 3293 2020 3355; x_wconf 82' lang='lat' dir='ltr'>paffim,</span> <span class='ocrx_word' id='word_1_522' title='bbox 2074 3290 2123 3336; x_wconf 85' lang='lat'>&amp;</span> <span class='ocrx_word' id='word_1_523' title='bbox 2159 3299 2372 3350; x_wconf 81' lang='lat' dir='ltr'>praeterea</span> <span class='ocrx_word' id='word_1_524' title='bbox 2391 3283 2468 3398; x_wconf 68' lang='lat' dir='ltr'>lab</span> 
     </span>
     <span class='ocr_line' id='line_1_47' title="bbox 532 3367 2478 3414; baseline -0.001 -15"><span class='ocrx_word' id='word_1_525' title='bbox 532 3377 537 3380; x_wconf 81' lang='grc'><strong>“</strong></span> <span class='ocrx_word' id='word_1_526' title='bbox 869 3367 886 3399; x_wconf 87' lang='grc' dir='ltr'>Ῑ</span> <span class='ocrx_word' id='word_1_527' title='bbox 2406 3367 2478 3414; x_wconf 60' lang='lat'>‘218²&#39;</span> 
     </span>
    </p>
   </div>
  </div>
 </body>
</html>
