2788 3736
370 278 500 343 228
904 267 1876 372 GENERIS.

364 419 599 474 excitant·,
631 418 704 465 hic
729 416 930 465 similiter
962 416 1037 466 sed
1060 417 1222 482 absque
1254 419 1529 485 tentatione3
1566 432 1703 483 quare
1723 415 1798 466 hic
1837 416 2101 483 simpliciter
2123 419 2369 480 diluvium,
2420 455 2423 458 -

366 501 458 534 non
491 486 719 532 diluvium
750 501 986 548 aquarum,
1022 485 1203 534 dicitur.

437 556 543 614 788.
582 551 730 615 Qod
754 565 994 599 creverunt
1016 567 1164 616 aquae,
1201 553 1251 598 ὅτ
1275 549 1549 598 sustulerunt
1572 564 1740 608 arcam,
1797 550 1849 598 &
1884 549 2059 599 elevata
2096 552 2150 601 fit
2187 553 2375 619 desuper

365 629 495 674 terra,
530 617 801 681 significent,
836 619 963 682 quod
1000 620 1062 666 ita
1083 616 1177 683 ejus
1211 615 1444 666 fluc'tuatio
1477 615 1589 664 fuit:
1632 618 1683 665 &
1721 617 1850 681 quod
1888 617 2187 667 corroboratae
2224 637 2374 684 aquae,
2419 677 2422 680 Δ

367 685 415 731 ὅτ
441 684 586 731 αιιξὶπ
610 683 743 731 valde
767 683 897 748 super
918 697 1035 732 terra
1067 687 1115 732 ὅτ
1141 685 1226 731 ivit
1271 699 1374 730 arca
1409 682 1540 747 super
1581 680 1779 731 faciebus
1817 699 2054 748 aquarum,
2101 684 2371 749 significent,

365 749 494 813 quod
516 749 827 798 flud'tuationes
850 748 945 814 ejus
969 751 1032 798 ita
1054 751 1370 806 increbuerint,
1406 765 1498 796 non
1541 749 1740 798 constare
1765 749 1928 814 potest,
1965 750 2045 798 nisi
2085 753 2212 814 prius
2254 752 2375 801 dica·

365 828 457 874 tur,
493 817 638 880 qualis
661 816 749 864 fuit
771 816 907 864 status
930 815 1062 881 hujus
1084 815 1315 874 Ecclefiae,
1349 831 1456 879 quae
1494 816 1715 864 Noachus
1753 829 1970 865 vocatur:
2023 817 2242 865 Noachus
2281 834 2384 867 non
2427 866 2432 871 ,

366 880 453 930 fuit
492 882 585 946 ipsa
613 885 822 947 Antiqua
859 883 1075 940 Ecclesia,
1112 882 1187 930 sed
1232 882 1346 930 ficut
1384 897 1543 946 parens
1581 894 1659 930 aut
1698 881 1848 938 semen
1894 882 2017 931 istius
2056 883 2289 939 Ecclesiae,
2322 897 2377 933 ut

364 950 492 1013 prius
517 949 711 1007 dictum,
747 948 824 997 sed
846 950 1063 998 Noachus
1100 965 1208 997 cum
1233 948 1446 1006 Schemo‚
1482 949 1678 1006 Chamo,
1712 950 1763 998 &
1801 950 2012 1015 Japheto‚
2048 949 2376 1000 constituebant

365 1014 614 1063 Ecclesiam
641 1017 915 1079 Antiquam,
949 1031 1056 1080 quae
1089 1016 1350 1064 immediate
1389 1014 1587 1063 succeffit
1610 1015 1824 1063 Ecclefiae
1863 1017 2238 1081 Antiquissimae3
2273 1033 2377 1067 om-

368 1082 438 1129 nis
461 1081 605 1130 homo
629 1082 857 1139 Ecclesiae,
892 1082 1126 1139 Noachus,
1162 1082 1327 1139 dietus,
1362 1078 1451 1128 fuit
1488 1097 1546 1129 ex
1567 1080 1753 1146 posteris
1776 1082 1991 1131 Ecclefiae
2017 1084 2373 1147 Antiquiffimae,

339 1196 341 1198 ,
363 1147 557 1211 proinde
600 1149 647 1195 in
671 1148 804 1196 fimili
829 1147 920 1195 fere
942 1148 1056 1196 statu
1079 1148 1231 1213 quoad
1255 1147 1430 1196 malum
1454 1147 1806 1206 haereditarium,
1841 1148 1955 1196 ficut
1989 1160 2151 1196 caetera
2186 1149 2372 1213 posteri-

367 1227 451 1272 tas,
485 1229 594 1278 quae
628 1216 795 1278 periit;
852 1215 902 1263 &
939 1217 1020 1280 qui
1056 1216 1102 1262 in
1139 1214 1275 1262 simili
1304 1213 1437 1272 statu,
1489 1230 1584 1264 non
1622 1226 1870 1279 potuerunt
1904 1217 2150 1278 regenerari
2188 1216 2240 1262 &
2276 1217 2374 1265 fieri

364 1279 623 1344 spiritualeS,
659 1280 772 1328 ficut
796 1283 828 1329 ii
849 1283 930 1345 qui
953 1298 1046 1330 non
1069 1286 1135 1330 ‘ex
1158 1281 1439 1330 haereditario
1477 1280 1564 1329 tale
1585 1281 1821 1338 trahunt,
1870 1282 2001 1346 quale
2038 1281 2376 1330 haereditarium

362 1346 631 1404 habuerunt,
683 1346 863 1395 dietum
902 1349 1028 1412 prius
1070 1349 1150 1406 est,
1190 1365 1221 1396 n
1241 1367 1252 1397 :
1275 1365 1398 1414 310:
1434 1359 1487 1395 ut
1526 1347 1614 1396 hoc
1637 1347 1800 1396 clarius
1845 1346 2020 1405 sciatur,
2055 1349 2295 1412 quomodo
2331 1346 2375 1397 se

364 1412 532 1470 habet·,
566 1414 729 1479 quiex
754 1414 920 1462 semine
944 1413 1102 1476 Jacobi
1139 1414 1257 1472 sunt,
1294 1426 1347 1461 ut
1368 1414 1541 1476 Judaei,
1576 1431 1669 1462 non
1707 1416 1768 1462 ita
1807 1415 2055 1479 regenerari
2092 1415 2291 1479 possunt,
2324 1429 2375 1463 ac

364 1491 521 1542 gentes
543 1502 557 1536 ;
600 1480 790 1528 inhaeret
825 1495 917 1528 non
946 1480 1094 1528 solum
1126 1483 1403 1529 contrarium
1427 1480 1533 1528 fidei
1552 1495 1554 1498 ·
1571 1497 1630 1529 ex
1651 1481 1884 1545 principiis
1920 1482 2062 1546 captis
2091 1480 2147 1529 ab
2169 1480 2372 1540 infantia,

364 1547 416 1593 &
442 1545 547 1594 dein
569 1546 864 1604 confirmatis,
899 1545 973 1595 sed
994 1547 1130 1595 etiam
1153 1563 1208 1595 ex
1228 1547 1542 1609 haereditario3
1577 1548 1706 1612 quod
1729 1547 1944 1595 inhaereat
1967 1548 2107 1597 etiarn
2147 1564 2205 1596 ex
2227 1544 2370 1596 haere-

367 1611 548 1669 ditario,
585 1612 867 1676 aliquantum
891 1612 1089 1661 constare
1113 1612 1258 1678 potest
1280 1629 1338 1660 ex
1361 1629 1433 1670 eo,
1467 1613 1595 1676 quod
1617 1613 1795 1661 diverso
1817 1613 1952 1675 genio
1974 1613 2077 1671 sint,
2102 1615 2199 1662 imo
2222 1614 2372 1662 diver-

365 1677 421 1725 fis
446 1678 667 1735 moribuS,
703 1690 757 1727 ut
779 1679 829 1727 ὅτ
853 1678 1028 1728 diversa
1048 1678 1160 1728 facie
1174 1696 1200 1727 a
1221 1679 1419 1743 reliquis,
1455 1695 1481 1726 a
1495 1679 1661 1743 quibus
1683 1678 1887 1743 dignosci
1911 1679 2110 1744 possunt,
2143 1695 2252 1746 quae
2273 1680 2376 1728 sunt

364 1759 424 1792 ex
445 1743 728 1792 haereditario
749 1767 763 1801 3
797 1746 858 1792 ita
879 1761 1064 1810 quoque
1086 1744 1239 1810 quoad
1261 1746 1488 1801 interiora,
1524 1761 1630 1793 nam
1655 1760 1803 1793 mores
1837 1746 2044 1793 &‘facies
2067 1745 2169 1794 sunt
2192 1747 2374 1795 interio-

365 1826 471 1859 rum
494 1811 627 1875 typi;
663 1827 799 1874 quare
822 1813 959 1860 etiam
983 1812 1140 1875 Judaei
1164 1811 1383 1870 conversi,
1418 1827 1515 1877 prae
1534 1812 1630 1860 aliis
1653 1812 1872 1860 fluetuant
1894 1812 2010 1859 inter
2031 1824 2194 1860 verum
2216 1813 2267 1861 ὅτ
2291 1811 2375 1861 fal-

366 1875 497 1926 sum:
535 1876 740 1925 similiter
759 1879 898 1943 primi
919 1879 1126 1928 homines
1151 1876 1286 1944 hujus
1307 1878 1539 1937 Ecclefiae,
1574 1880 1654 1943 qui
1673 1877 1891 1927 Noachus
1913 1879 2151 1939 vocantur,
2185 1880 2290 1943 quia
2318 1896 2376 1928 ex

368 1942 574 2007 prosapia
593 1944 644 1992 ὅτ
668 1942 836 1992 semine
860 1947 1295 2010 Antiquiffimorum
1317 1943 1531 1994 fuerunt:
1566 1945 1639 1994 hae
1676 1946 1986 1993 fluauationes
2019 1944 2136 2004 sunt,
2171 1962 2278 2010 quae
2300 1945 2376 1994 hic

368 2009 713 2066 describuntur;
749 2012 800 2059 ὅτ
823 2011 928 2059 dein
952 2013 999 2059 in
1022 2011 1324 2076 sequentibuS‚
1358 2012 1485 2076 quod
1501 2012 1718 2062 Noachus
1740 2009 1875 2059 fuerit
1895 2013 1969 2059 vir
1991 2010 2138 2068 humi,
2174 2013 2225 2060 ὅτ
2245 2011 2376 2085 quod

371 2075 639 2140 plantaverit
661 2077 859 2135 vineam,
897 2079 945 2125 ὅτ
971 2077 1133 2126 biberit
1155 2095 1211 2126 ex
1232 2080 1344 2126 vino
1367 2114 1383 2136 ,
1417 2079 1468 2127 &
1493 2078 1733 2126 inebriatus
1762 2077 1832 2135 fit,
1868 2078 1931 2125 ita
1950 2089 2003 2124 ut
2025 2077 2220 2126 nudatus
2250 2094 2375 2142 Jace·

373 2155 441 2190 ret
465 2143 511 2190 in
536 2141 689 2189 medio
712 2144 908 2201 tentorii,
943 2145 1066 2209 Cap:
1098 2162 1178 2192 ix:
1215 2162 1295 2204 20,
1323 2163 1398 2194 21.
1469 2145 1615 2210 Qod
1655 2145 1787 2209 pauci
1822 2141 2003 2200 fuerint,
2038 2142 2238 2191 constare
2262 2142 2377 2192 mihi

370 2210 522 2272 potuit
544 2223 600 2257 ex
625 2225 697 2266 e0,
733 2210 862 2274 quod
886 2210 1028 2258 homo
1051 2211 1267 2259 Ecclefiae
1301 2211 1426 2260 istius
1462 2212 1510 2258 in
1547 2211 1723 2259 mundo
1761 2210 1999 2274 spirituum
2023 2208 2376 2273 repraesentetur

372 2275 485 2323 ficut
508 2277 579 2322 vir
601 2275 767 2340 longus
790 2277 841 2324 ὅτ
863 2277 1060 2341 gracilis,
1096 2278 1284 2325 indutus
1305 2277 1516 2335 candidO,
1552 2281 1600 2325 in
1636 2277 1759 2325 arcto
1782 2275 1988 2324 conclavi
2008 2294 2021 2325 ε
2057 2275 2131 2323 sed
2165 2275 2304 2344 usque
2327 2277 2375 2326 hi

372 2339 572 2400 fuerunt,
605 2344 687 2405 qui
711 2342 971 2391 doc‘trinalia
994 2344 1103 2392 fidei
1125 2344 1458 2402 conservarunt,
1494 2345 1543 2393 &
1567 2343 1691 2409 apud
1713 2342 1755 2391 se
1778 2342 2042 2405 habuerunt.
2244 2347 2246 2351 ’

443 2412 551 2474 789.
588 2409 626 2455 F
628 2408 923 2458 luftuationes
943 2409 1143 2459 hominis
1161 2411 1295 2474 hujus
1318 2410 1534 2459 Ecclefiae
1555 2409 1868 2458 describuntur
1907 2409 1979 2457 hic
2019 2424 2100 2474 per
2131 2409 2260 2474 quod
2281 2410 2377 2475 pri-

375 2489 509 2522 mum
547 2475 770 2522 creverint
792 2491 940 2539 aquae,
975 2477 1063 2525 hoc
1100 2476 1182 2534 est,
1217 2475 1354 2534 falsa3
1389 2488 1492 2524 tum
1523 2476 1650 2540 quod
1687 2464 1940 2524 sustulerint
1979 2478 2161 2533 arcam3
2213 2473 2378 2536 adhuc,

375 2540 503 2603 quod
522 2541 688 2588 elevata
702 2541 755 2589 fit
779 2541 967 2606 desuper
983 2555 1096 2591 terra
1109 2565 1127 2599 3
1149 2543 1252 2591 dein
1267 2543 1393 2608 quod
1410 2543 1711 2592 corroboratae
1728 2558 1859 2606 aquae
1874 2543 1923 2590 ὅτ
1941 2542 2085 2591 ειιξὶεε
2101 2543 2233 2590 valde
2250 2542 2383 2607 super
2431 2549 2450 2582 ‘a

376 2620 492 2654 terra
513 2629 527 2663 ;
564 2609 754 2656 demum
778 2608 906 2672 quod
930 2610 1061 2658 iverit
1083 2625 1183 2658 arca
1206 2609 1335 2674 super
1357 2608 1552 2659 faciebus
1577 2625 1827 2673 aquarum3
1863 2608 1935 2656 sed
1960 2608 2160 2672 singulos
2188 2609 2379 2657 fluctua-

376 2674 510 2720 tionis
536 2674 702 2736 gradus
719 2674 979 2734 describere,
1015 2677 1062 2724 ὅτ
1087 2676 1320 2740 prolixum
1343 2677 1478 2725 nimis
1501 2678 1550 2726 &
1574 2676 1953 2741 supervacaneum
1985 2672 2135 2731 foret;
2170 2673 2271 2721 satis
2294 2673 2374 2732 est,

377 2739 504 2802 quod
527 2739 701 2796 sciatur,
737 2740 811 2789 hic
835 2741 1021 2790 describi
1043 2742 1178 2799 illos;
1214 2742 1362 2791 solum
1395 2744 1508 2808 quid
1546 2743 1785 2808 significet,
1836 2740 1963 2804 quod
1998 2755 2098 2787 arca
2132 2739 2301 2787 elevata
2323 2740 2379 2788 fit

378 2803 567 2867 desuper
590 2819 718 2863 terra,
755 2808 805 2855 &
828 2808 960 2856 iverit
983 2808 1113 2873 super
1155 2808 1352 2858 faciebus
1375 2825 1611 2873 aquarum,
1640 2808 1769 2872 quod
1790 2806 1989 2854 constare
2020 2807 2191 2853 nemini
2214 2806 2378 2870 potest,

380 2870 463 2919 nisi
485 2872 539 2917 fit
563 2871 817 2930 instmdffls,
852 2876 1092 2938 quomodo
1112 2875 1255 2924 homo
1284 2891 1310 2923 a
1333 2875 1461 2922 malis
1495 2876 1546 2923 ὅτ
1568 2873 1684 2922 falsis
1718 2873 1959 2930 detinetur,
1994 2871 2082 2919 hoc
2117 2874 2224 2936 quia
2260 2888 2389 2921 arcaa

382 2953 496 2986 num
520 2936 597 2993 est,
634 2940 785 2999 paucis
809 2939 1179 2990 describendum:
1215 2941 1365 2989 omnis
1388 2940 1531 2988 homo
1566 2940 1614 2986 in
1636 2954 1816 3003 genere,
1849 2950 1952 2985 tum
1975 2953 2160 3001 quoque
2195 2955 2381 3004 regene-

382 3016 519 3059 ratus,
556 3002 654 3050 talis
677 3003 755 3060 est,
792 3017 842 3051 ut
867 3006 946 3053 nis1
968 3008 1200 3055 Dominus
1223 3005 1421 3054 detineat
1439 3020 1546 3053 eum
1569 3021 1596 3053 a
1616 3005 1747 3053 malis
1775 3005 1825 3052 ὅτ
1849 3002 1980 3062 falfis,
2015 3005 2144 3068 quod
2183 3006 2225 3053 se
2263 3023 2381 3071 prae-

382 3071 570 3134 cipitem
593 3067 801 3132 conjiciat
825 3073 870 3118 in
894 3071 1140 3129 infernum,
1175 3074 1226 3120 ὅτ
1261 3086 1356 3135 quo
1378 3083 1619 3126 momento
1656 3088 1748 3120 non
1772 3071 2012 3129 detinetur,
2047 3087 2252 3137 praeceps
2274 3075 2382 3137 ruit,

383 3135 509 3198 quod
534 3151 615 3199 per
638 3137 928 3199 experientias
953 3140 1065 3186 mihi
1088 3150 1252 3186 notum
1285 3136 1474 3195 fastum,
1509 3138 1560 3185 ὅτ
1599 3138 1963 3202 repraesentatum
2001 3153 2186 3202 quoque
2219 3155 2300 3203 per
2337 3162 2383 3193 e-

382 3218 548 3266 quum,
583 3201 640 3250 de
664 3218 760 3265 quo
781 3202 1003 3261 videatur,
1039 3220 1097 3252 n:
1131 3208 1241 3268 187,
1272 3207 1376 3252 188.
1396 3222 1407 3252 :
1443 3204 1542 3251 haec
1566 3204 1766 3269 detentio
1788 3221 1814 3254 a
1835 3205 1967 3253 malis
1982 3205 2032 3254 ὅτ
2049 3202 2164 3253 falfis
2189 3220 2280 3253 non
2303 3211 2381 3258 ali-
2418 3226 2420 3229 ·

381 3279 449 3316 ter
470 3270 510 3316 se
534 3268 664 3317 habet
687 3285 737 3316 ac
758 3268 966 3329 elevatio,
1002 3270 1062 3318 fic
1086 3282 1138 3318 ut
1161 3269 1277 3317 mala
1298 3270 1348 3318 &
1371 3268 1476 3319 falsa
1496 3272 1803 3337 percipiantur
1824 3271 1957 3333 infra,
1991 3272 2042 3321 ὅτ
2074 3272 2115 3320 is
2134 3270 2291 3336 supra3
2327 3276 2384 3325 de

2294 3357 2385 3406 qua
