2788 3736
613 276 1042 377 cA-PUT
1136 233 2052 348 DUODECIMUMss
2249 284 2386 369 469

380 419 463 471 ΞΟ.
499 417 630 487 Cap:
665 409 811 470 xxix:
847 436 895 481 4.
966 412 1148 467 Charan'
1176 416 1265 466 fuit
1300 416 1442 480 regie,
1478 412 1557 464 ubi
1575 415 1724 464 cultus
1746 413 1973 473 externus-3,
2009 415 2061 464 δε
2085 412 2279 479 quidem
2315 431 2385 462 re-

384 487 580 552 speetive
613 489 670 536 ad
694 487 1004 544 Therachum‚
1039 484 1320 542 Abramum,
1354 485 1406 532 δε
1435 482 1686 540 Labanern,
1721 482 2046 543 idololatricus,
2082 481 2156 530 sed
2195 483 2243 529 in
2266 481 2389 530 sensu

384 555 564 603 interno
584 571 694 605 „non
720 554 995 618 significatur
1020 553 1161 617 *quod
1196 553 1243 599 in
1278 562 1482 608 externo,
1528 548 1674 596 solum
1713 550 1949 613 quoddam
1973 547 2252 606 obscurum3
2288 549 2389 597 idea

384 619 656 670 idololatriae
679 637 772 669 non
797 631 1015 678 remanet,
1049 618 1124 666 sed
1146 617 1430 681 abstergitur,
1465 615 1582 663 dum
1605 631 1661 662 ex
1683 615 1807 662 sensu
1845 628 2031 663 externo
2071 616 2126 663 fit
2149 618 2384 672 internus;

384 686 501 735 ficut
522 688 622 736 idea
643 687 781 736 saneti
803 688 970 735 amoris
991 701 1047 733 ex
1068 697 1244 741 monte,
1279 700 1311 731 n
1335 703 1346 732 :
1386 699 1500 749 795,
1535 682 1650 729 dum
1665 697 1725 728 ex
1740 680 1863 729 sensu
1879 695 2065 730 externo
2081 682 2136 730 fit
2166 684 2385 739 internus,

382 755 500 817 perit
516 756 722 819 primurn
745 753 844 802 idea
857 754 1044 810 montis,
1082 752 1131 800 &
1156 762 1308 800 manet
1334 749 1438 799 idea
1448 748 1714 806 altitudinis,
1749 749 1800 796 &
1813 764 1894 812 per
1909 748 2199 797 altitudinem
2210 765 2384 815 reprae-

383 819 580 869 sentatur
601 820 805 869 sanstitas
827 842 843 877 3
878 821 941 867 ita
956 820 1003 866 in
1026 820 1215 867 caeteris.
2139 842 2143 845 κ

456 901 517 949 14'
521 905 544 950 3
557 891 602 937 ιζ
632 886 754 935 Vers
762 905 773 935 :
812 903 857 950 5.
871 919 876 922 -
891 888 958 935 Et
978 887 1140 948 accepit
1156 886 1321 934 Abram
1335 886 1464 934 Sarai
1485 899 1653 933 uxorem
1666 884 1811 947 suam,
1846 882 1902 932 δέ
1921 884 2109 931 Lothum
2119 883 2263 943 filium
2274 885 2382 947 fra-

381 956 467 1002 tris
477 955 568 1018 sui,
604 954 660 1003 &
684 970 839 1001 omnem
861 953 1167 1018 acquisitionem
1202 952 1386 1008 illorum,
1422 967 1547 1016 quam
1578 950 1908 1016 acquistverunt,
1942 950 1999 999 ξεῖ
2021 952 2223 1007 animam,
2259 968 2385 1015 quam

370 1019 573 1081 fece'rant
614 1023 660 1068 in
684 1021 878 1077 Charan,
914 1021 971 1069 &3
996 1021 1220 1067 exiverunt
1241 1017 1492 1067 adeundum
1513 1019 1561 1064 in
1583 1018 1745 1064 te'rram
1765 1017 1943 1065 Canaan
1970 1038 1984 1071 3
2019 1016 2074 1065 &
2097 1027 2304 1064 venerunt
2336 1020 2383 1064 in

379 1096 544 1135 terram
568 1088 757 1134 Canaan.
777 1137 780 1139 ,
826 1086 893 1133 Et
915 1086 1090 1148 aecepit
1112 1084 1289 1132 Abram
1315 1084 1661 1131 Saraiuxorem
1676 1082 1819 1139 suam,
1855 1082 2081 1146 fignificat
2106 1082 2283 1131 bonum
2308 1085 2382 1131 cui

377 1151 657 1218 adjundlum'
676 1151 741 1213 est
777 1167 977 1207 verum,
1012 1167 1094 1215 per
1117 1149 1313 1208 Abram,
1350 1162 1404 1197 ut
1441 1150 1636 1206 dietum,
1686 1149 1956 1214 intelligitur
1999 1150 2248 1207 Dominus,
2283 1150 2384 1198 heic

378 1235 489 1268 cum
511 1234 627 1283 puer
648 1215 737 1265 fuit
755 1239 770 1275 ς
792 1234 887 1282 ,per
909 1217 1027 1265 Sarai
1048 1233 1258 1274 uxorem,
1293 1232 1456 1264 verum
1476 1235 1488 1264 ε
1526 1217 1592 1264 Et
1613 1217 1828 1264 Lothum·
1842 1216 1993 1264 filium
2011 1214 2158 1264 fratris
2175 1216 2256 1274 sui,
2292 1217 2382 1281 fig-

377 1286 534 1334 nificat
554 1301 718 1334 verum
735 1284 943 1341 sensuale,
979 1284 1041 1332 ita
1068 1285 1276 1348 primum
1299 1283 1426 1347 quod
1465 1282 1712 1330 insinuatur
1732 1298 1902 1346 puero:
1940 1284 1988 1330 &
2013 1280 2203 1331 omnem
2227 1286 2381 1348 acqui-

375 1353 603 1408 sitionem,
643 1367 784 1415 quam
801 1350 1152 1415 acquisiverunt,
1175 1349 1411 1414 ‘significat
1434 1350 1590 1396 omnia
1621 1365 1729 1412 quae
1768 1349 1870 1396 sunt
1907 1353 2014 1397 vera
2048 1348 2291 1398 sensualia:
2329 1352 2396 1399 δε·

377 1421 578 1467 animam
593 1434 734 1482 quam
750 1416 948 1466 fecerant
968 1417 1018 1464 in
1034 1417 1228 1473 Charan,
1265 1415 1488 1480 fignificat
1510 1431 1649 1463 omne
1681 1415 1902 1463 essentiale
1932 1417 2116 1473 vivum,
2151 1417 2279 1479 quod
2301 1417 2381 1465 da-

376 1485 467 1534 bile
489 1484 672 1539 inflatu
688 1484 770 1532 illo
791 1483 1008 1532 obscuro:
1047 1485 1096 1531 δε
1120 1483 1359 1531 exiverunt
1374 1481 1432 1529 ad
1450 1481 1653 1529 eundum
1678 1483 1725 1528 in
1742 1493 1907 1530 terram
1924 1483 2122 1539 Canaan,
2157 1483 2382 1546 fignificat

371 1552 501 1617 quod
526 1552 590 1600 ita
610 1560 817 1616 pergeret
847 1550 903 1598 ad
928 1551 1095 1598 amoris
1126 1548 1355 1598 coelestia:
1391 1549 1442 1597 &
1464 1560 1687 1597 venerunt
1731 1550 1779 1595 in
1807 1560 1972 1596 terram
2013 1549 2210 1607 Canaan,
2246 1550 2387 1614 signi·-

373 1620 498 1677 ficat‚
534 1619 661 1682 quod
684 1618 742 1664 ad
764 1616 962 1666 coelestia
976 1618 1143 1682 amoris
1166 1617 1385 1679 pervenit.
2295 1634 2297 1637 ·

449 1702 590 1747 1432.
628 1685 692 1732 Et
708 1685 883 1748 accepit
906 1682 1085 1731 Abram
1119 1683 1240 1730 Sarai
1263 1698 1456 1731 uxorem
1479 1681 1624 1739 suam,
1659 1682 1788 1746 quod
1831 1682 2052 1746 significet
2087 1683 2263 1732 bonurn
2304 1686 2379 1733 cui

373 1750 642 1816 adjunCtum
663 1766 845 1806 verum,
881 1749 1080 1797 constare
1113 1749 1259 1812 potest
1281 1766 1336 1796 ex
1360 1748 1440 1797 illo
1463 1749 1590 1812 quod
1614 1749 1891 1812 significatur
1925 1751 1971 1795 in
1995 1750 2152 1797 Verbo
2191 1767 2274 1814 per
2295 1751 2383 1800 ho-

375 1820 550 1866 minem
574 1819 624 1865 δε
648 1814 744 1878 ejus
783 1831 992 1872 uxorem,
1029 1815 1086 1862 de
1125 1832 1220 1880 quo
1243 1832 1297 1864 n:
1336 1832 1451 1882 915,
1489 1818 1548 1862 ita
1571 1815 1643 1863 hic
1671 1832 1752 1878 per
1774 1816 1896 1862 Sarai
1920 1815 2030 1863 nihil
2054 1816 2178 1863 aliud
2201 1817 2377 1881 fignifi-

374 1898 504 1933 catur
519 1885 565 1931 in
583 1882 705 1931 sensu
728 1883 922 1940 interno,
969 1897 1109 1946 quam
1134 1898 1311 1930 verum.
1379 1881 1463 1929 Est
1487 1883 1533 1928 in
1556 1882 1772 1929 omnibus
1794 1882 1844 1929 δε
1868 1882 2054 1945 lingulis
2077 1883 2200 1947 apud
2225 1884 2381 1945 homi7

374 1968 482 2000 nem
518 1949 652 1998 instar
671 1947 892 2013 conjugii,
928 1965 1011 1997 nec
1046 1948 1236 2012 usquam
1258 1960 1353 1996 tam
1378 1950 1628 1995 minimum
1653 1948 1748 1995 dari
1770 1950 1934 2011 potest,
1969 1950 2016 1995 in
2039 1964 2134 2012 quo
2172 1966 2265 1997 non
2306 1952 2375 1998 in-

375 2017 462 2065 star
485 2015 601 2064 illud
619 2016 689 2073 fit,
726 2028 820 2063 tam
844 2017 890 2063 in
914 2028 1100 2064 externo
1121 2015 1308 2063 homine
1329 2015 1377 2062 &
1402 2012 1497 2078 ejus
1534 2014 1736 2079 lingulis,
1773 2031 1912 2078 quam
1939 2016 1984 2061 in
2009 2016 2187 2063 interno
2207 2010 2258 2064 ’δῑ
2277 2015 2374 2080 ejus

371 2083 561 2148 lingulis
587 2105 601 2139 ;
637 2081 764 2130 causa
778 2082 857 2139 est,
892 2085 1002 2146 quia
1016 2083 1173 2130 omnia
1193 2082 1244 2130 &
1269 2081 1442 2145 singula
1463 2081 1658 2133 existunt
1680 2082 1730 2129 ὅτ
1754 2080 1993 2130 subsistunt
2024 2098 2050 2129 a
2072 2083 2297 2140 Domino,
2321 2086 2375 2132 δι’

367 2151 513 2216 Ipfius
536 2150 774 2198 Humanae
795 2149 1010 2196 Effentiae
1048 2149 1266 2206 unitione,
1302 2148 1425 2213 quasi
1449 2145 1684 2212 conjugio,
1720 2164 1828 2195 cum
1852 2149 2057 2205 Divina;
2092 2151 2143 2197 &
2160 2148 2216 2196 ab
2242 2151 2374 2198 Utri-

369 2217 511 2282 usque
543 2213 874 2280 conjunfflone,
912 2215 986 2263 seu
1018 2213 1237 2279 conjugio
1282 2214 1469 2272 coelesti,
1506 2231 1615 2262 cum
1639 2214 1781 2278 Ipfius
1805 2230 1947 2278 regno
1987 2217 2034 2261 in
2081 2215 2211 2263 coelis
2240 2218 2290 2264 &
2323 2218 2371 2264 in

371 2285 533 2338 terris;
570 2283 642 2330 hic
667 2296 775 2330 cum
816 2282 1228 2346 repraesentandum
1267 2297 1431 2328 verum
1455 2280 1722 2346 adjunCtum
1749 2282 1871 2329 bono
1900 2282 2112 2340 Domini,
2130 2299 2223 2330 non
2245 2283 2373 2331 aliter

374 2349 676 2414 repraesentari
714 2350 883 2411 potuit,
919 2351 1026 2412 quia
1064 2365 1144 2413 per
1182 2348 1392 2396 historica
1434 2348 1507 2396 hic
1530 2349 1588 2396 de
1611 2348 1838 2405 Abramo,
1873 2364 2012 2412 quam
2037 2365 2121 2412 per
2144 2365 2369 2398 uxorem:

370 2417 499 2480 quod
524 2414 657 2463 instar
679 2412 881 2477 conjugii
904 2415 958 2461 fit
995 2417 1042 2462 in
1066 2415 1278 2464 omnibus
1319 2417 1367 2463 δε
1391 2414 1596 2480 singulis,
1630 2415 1872 2468 videantur
1893 2431 2002 2478 quae
2033 2417 2169 2480 prius?
2187 2433 2246 2465 n:
2285 2435 2369 2480 54,

369 2499 452 2547 55,
491 2486 602 2544 718,
643 2496 755 2546 7472
791 2495 902 2546 917·

443 2566 532 2613 143
540 2566 583 2613 3.
619 2546 766 2613 Qiod
783 2562 863 2610 per
884 2546 1062 2595 Abram
1087 2548 1362 2612 intelligatur
1378 2550 1629 2606 Dominus,
1664 2549 1739 2597 hic
1763 2565 1872 2597 cum
1905 2565 2019 2613 puer
2040 2547 2143 2606 fuit,
2179 2566 2261 2614 per
2289 2551 2371 2610 Sa}

371 2617 436 2665 rai
459 2631 669 2671 uxorem,
706 2629 890 2671 verum,
925 2613 1096 2662 constat
1111 2631 1169 2662 ex
1194 2616 1280 2661 illis
1303 2631 1409 2679 quae
1432 2617 1552 2662 dieta
1574 2615 1689 2662 sunt.

443 2699 582 2747 1434.
617 2681 683 2729 Et
705 2696 786 2744 per
807 2680 1014 2730 Lotlium
1035 2680 1187 2741 filium
1210 2679 1355 2741 fratris
1378 2680 1460 2737 sui,
1494 2681 1860 2744 quodfignificet
1881 2697 2043 2729 verum
2075 2681 2282 2739 sensuale,
2306 2684 2368 2732 ita

366 2751 573 2815 primum
597 2747 724 2812 quod
740 2746 1011 2794 insinuatum
1028 2748 1239 2794 Domino
1270 2762 1378 2794 curn
1401 2763 1530 2811 puer,
1566 2747 1740 2794 constat
1775 2763 1832 2793 ex
1854 2747 2179 2811 significatione
2201 2749 2367 2808 Lothi,

371 2817 432 2864 de
451 2832 543 2880 qua
564 2817 610 2862 in
635 2812 760 2862 vers:
796 2830 950 2877 praec:
987 2813 1114 2877 quod
1157 2813 1211 2860 fit
1234 2812 1468 2869 sensuale,
1504 2829 1650 2877 exque
1672 2813 1994 2876 significatione
2033 2815 2116 2862 filii
2139 2816 2266 2879 quod
2308 2818 2366 2864 fit

362 2898 554 2938 verum,
589 2882 647 2929 de
685 2897 777 2945 qua
797 2882 1006 2944 prius'n:
1047 2880 1158 2940 264,
1193 2884 1309 2945 489,
1344 2895 1462 2941 491,
1500 2897 1610 2943 533.
1637 2892 1738 2927 tum
1762 2895 1820 2926 ex
1851 2880 2361 2943 significationefratris,

371 2948 500 3012 quod
522 2949 659 2994 etiam
698 2947 752 2994 fit
770 2963 932 2994 verum
972 2946 1096 3003 fidei,
1133 2963 1190 2994 n:
1233 2961 1341 3011 307.
1378 2948 1443 2993 ita.
1461 2948 1588 3010 quod
1622 2945 1694 2993 hic
1717 2946 1770 2993 fit
1791 2962 1952 2993 verum
1989 2946 2218 3004 sensuale3
2255 2966 2361 2998 nam

372 3016 420 3064 in
458 3012 580 3060 sensu
613 3015 788 3061 interno
832 3014 942 3060 nihil
966 3013 1207 3060 refleffltur
1251 3013 1384 3076 super
1406 3012 1609 3077 personas
1656 3015 1705 3060 ὅτ
1750 3028 1905 3070 voces,
1939 3013 2092 3062 modo·
2119 3014 2247 3078 super
2271 3016 2358 3079 fig-

371 3080 678 3137 nificationem
701 3095 854 3126 earum
879 3099 891 3128 z
927 3082 974 3127 in
998 3081 1119 3127 coelo
1144 3096 1235 3127 non
1259 3078 1403 3126 sciunt
1425 3081 1526 3142 quis
1549 3079 1693 3135 Loth,
1730 3077 1803 3126 sed
1832 3079 2097 3143 qualitatem
2121 3082 2359 3143 repraesen-

372 3160 512 3196 tatam
539 3160 620 3208 per
640 3159 782 3200 eum,
818 3161 900 3192 nec
924 3146 1069 3192 sciunt
1090 3147 1204 3209 quid
1228 3146 1366 3203 filius,
1402 3145 1476 3192 sed
1492 3145 1655 3193 statum
1682 3146 1976 3210 spiritualem,
2008 3163 2102 3210 quo
2117 3147 2360 3210 respecfilive

368 3213 434 3262 est
459 3213 571 3260 ficut
593 3209 714 3258 filius
732 3231 748 3264 ς
783 3226 865 3256 nec
902 3210 1047 3258 sciunt
1068 3211 1179 3274 quid
1204 3210 1352 3270 frater,
1388 3212 1468 3260 nisi
1493 3228 1548 3260 ex
1572 3210 1841 3260 fraternitate
1878 3212 2020 3275 qualis
2061 3213 2124 3260 est
2156 3214 2203 3258 in
2227 3213 2356 3260 caelo·

373 3279 520 3345 Qod
543 3292 704 3342 verum
728 3274 916 3323 sensuale
951 3277 1124 3332 attinet,
1157 3277 1221 3325 est
1243 3281 1449 3340 primum
1478 3295 1657 3336 verum,
1693 3278 1819 3342 quod
1844 3277 1884 3324 se
1919 3278 2129 3334 infinuat,
2147 3293 2267 3323 ‘nam
2295 3278 2358 3324 al-

371 3348 583 3397 tius'non
605 3341 731 3391 vadit
745 3339 976 3407 judicium
1014 3342 1061 3390 in
1090 3345 1310 3412 pueritia,
1346 3360 1508 3394 verum
1526 3343 1716 3394 sensuale
1740 3343 1819 3401 est,
1855 3343 1983 3407 quod
2012 3343 2162 3394 videat
2201 3346 2361 3392 omnia

1145 3436 1147 3438 ’
2279 3422 2371 3458 ter·
