2788 3736
634 168 984 237 CAPUT
1033 167 1549 232 DECIMUM
1597 164 2122 251 QUINTUM.
2244 170 2377 252 609

379 320 591 372 lucrum,·
621 312 671 361 &
695 311 813 368 talia,
850 311 895 358 in
920 310 1056 358 altera
1078 308 1171 361 vita
1205 307 1319 353 inter
1343 303 1577 353 infernales
1602 303 1720 360 sunt,
1756 304 1863 367 quia
1887 305 2009 352 intus
2032 304 2120 351 illis
2144 304 2255 352 nihil
2274 305 2381 353 boni

368 386 428 432 ⁷&
450 383 563 438 veri,
599 378 673 426 sed
690 379 864 426 malum
888 379 937 425 δε
962 376 1138 432 falsum,
1176 375 1271 421 imo
1288 372 1466 428 odium,
1492 372 1710 427 vindicta,
1734 371 1993 428 crudelitas,
2020 371 2251 428 adulteria,
2275 389 2382 435 quae

376 465 469 498 non
490 458 708 512 apparent
732 461 883 493 coram
901 444 1101 499 homine,
1138 442 1259 489 &rin
1282 451 1463 486 tantum
1495 454 1591 487 non
1610 450 1839 501 apparent,
1878 440 1924 485 in
1948 451 2174 502 quantum
2197 441 2382 487 timores

373 516 456 574 illi,
491 517 572 578 qui
594 513 697 560 sunt
717 510 903 559 vincula
924 522 1122 566 externa,
1163 506 1330 554 valent.

452 581 587 645 1836.
623 577 762 627 vers:
795 595 866 627 12.
902 579 968 625 Et
978 577 1078 639 fuit
1089 574 1162 638 sol
1179 572 1240 620 ad
1259 570 1537 628 occidendum,
1575 570 1630 619 &
1652 572 1783 633 sopor
1806 571 1954 619 cecidit
1967 573 2099 634 super
2120 574 2379 630 Abramum,

374 649 435 701 ἐρ’
460 665 548 696 ecce
569 659 710 695 terror
725 645 990 693 tenebrarum
1012 656 1262 704 magnarum
1287 639 1434 686 cadens
1445 640 1578 700 super
1598 638 1728 685 illum.
1773 638 1882 685 Fuit
1906 637 1968 684 sol
1983 639 2041 684 ad
2059 641 2382 697 occidendum,

376 715 599 780 fignificat
621 725 803 776 tempus
825 711 878 767 &⁴
899 709 1065 757 statum
1088 718 1190 755 ante
1213 705 1603 753 consumationem
1623 724 1634 752 ε
1671 706 1719 752 &
1744 703 1878 768 sopor
1899 705 2065 752 cecidit
2087 706 2218 769 super
2237 708 2382 755 Abra-

379 798 532 839 mum,
566 779 791 845 fignificat
810 776 938 841 quod
962 774 1162 823 Ecclesia
1199 785 1312 820 tunc
1344 774 1391 819 in
1414 771 1608 819 tenebris
1631 772 1767 819 effet:
1804 773 1855 819 &
1883 788 1986 820 ecce
2019 783 2160 819 terror
2184 775 2382 823 tenebra-

377 865 485 896 rum
507 860 795 910 magnarumr
814 843 977 891 cadens
1011 842 1142 906 super
1165 839 1315 898 illum,
1351 839 1574 903 fignificat
1595 839 1722 902 quod
1754 838 1948 886 tenebrae
1972 839 2188 887 terribiles
2211 843 2347 889 effent
2366 865 2380 897 ;

380 914 578 963 tenebrae
601 912 704 960 sunt
727 909 947 959 falsitates.
1430 939 1437 951 2

453 985 593 1044 1837.
628 979 739 1026 Fuit
761 977 825 1025 sol
848 977 905 1024 ad
929 974 1252 1032 occidendum,
1288 974 1417 1039 quod
1440 973 1662 1037 significet
1686 986 1868 1037 ternpus
1892 973 1942 1020 δε
1963 972 2128 1022 statum
2152 988 2255 1023 ante
2271 991 2380 1023 con-

372 1048 696 1102 sumationem,
731 1044 904 1092 constat
924 1060 950 1090 a
972 1042 1298 1105 significatione
1321 1040 1422 1088 solis
1446 1063 1461 1096 ;
1494 1039 1558 1087 sol
1595 1041 1644 1087 in
1681 1039 1803 1087 sensu
1840 1041 2016 1088 interno
2038 1041 2261 1104 fignificat
2282 1044 2385 1091 Do-

380 1117 577 1170 minum,
602 1114 653 1160 &
669 1111 775 1157 inde
786 1107 1001 1165 coelestia,
1025 1123 1132 1172 quae
1157 1106 1259 1155 sunt
1281 1108 1447 1155 amoris
1464 1107 1514 1154 ὅτ,
1529 1106 1773 1165 charitatis,
1798 1106 1990 1170 proinde
2011 1108 2158 1171 ipsum
2178 1126 2382 1158 amorem

380 1183 432 1230 &
449 1180 730 1232 charitatem,
749 1176 807 1223 de
829 1191 931 1240 qua
941 1175 1067 1239 prius
1089 1191 1148 1222 n:
1178 1191 1240 1238 30
1258 1174 1315 1220 ad
1344 1178 1422 1237 38,
1447 1174 1497 1220 δε
1521 1189 1552 1220 n
1572 1193 1582 1222 :
1612 1190 1734 1237 1053
1757 1195 1771 1229 ;
1809 1173 1913 1220 inde
1936 1187 2075 1237 patet,
2101 1177 2229 1239 quod
2252 1192 2384 1224 occa—

380 1249 452 1296 sus
475 1245 576 1294 solis
596 1244 651 1291 fit
672 1242 892 1290 ultimum
917 1254 1100 1304 tempus
1121 1240 1357 1296 Ecclesiae,
1381 1239 1510 1304 quod
1533 1252 1725 1287 vocatur
1741 1238 2038 1297 consumatio,
2063 1258 2174 1290 cum
2190 1244 2385 1307 amplius

378 1312 503 1363 nulla
522 1311 741 1359 charitas:
775 1308 977 1356 Ecclesia
996 1308 1202 1355 Domini.
1228 1319 1516 1370 comparatur
1554 1322 1739 1371 quoque
1771 1307 2054 1371 temporibus
2076 1309 2199 1366 Diei,
2236 1313 2385 1374 prima

376 1380 473 1446 ejus
497 1390 606 1426 aetas
628 1376 749 1424 ortui
771 1374 875 1423 solis
914 1374 988 1422 seu
1022 1389 1199 1422 aurorae
1233 1375 1283 1422 δί
1319 1389 1469 1430 mane,
1505 1372 1666 1420 ultima
1688 1373 1861 1421 occasui
1884 1373 1986 1421 solis
2010 1374 2081 1422 seu
2104 1375 2302 1440 vesperae
2334 1379 2385 1426 &

378 1446 557 1495 umbris
587 1460 695 1507 quae
718 1455 846 1498 tunc,
882 1457 988 1488 nam
1028 1439 1071 1487 se
1106 1439 1309 1486 fimiliter
1339 1438 1537 1495 habent;
1591 1441 1758 1503 pariter
1789 1452 2079 1505 comparatur
2102 1443 2385 1506 temporibus

379 1501 544 1568 Anni,⁴
562 1511 710 1574 prima
730 1505 826 1573 ejus
850 1519 958 1555 aetas
980 1507 1091 1554 Veri
1114 1521 1224 1553 curn
1247 1507 1403 1553 omnia
1425 1506 1605 1562 florent,
1638 1522 1749 1570 quae.
1768 1518 1868 1554 ante
1891 1507 2103 1555 ultimam
2119 1511 2384 1567 Autumno,

378 1596 490 1629 curn
513 1577 740 1640 incipiunt
762 1573 1007 1638 torpescere
1026 1596 1042 1628 ·‚
1094 1574 1192 1619 imo
1229 1574 1365 1619 etiam
1406 1584 1694 1636 comparatur
1718 1573 1936 1631 Metallis‚
1973 1577 2120 1638 prima
2151 1573 2246 1640 ejus
2278 1590 2387 1626 aetas

380 1643 633 1711 appellatur
654 1657 800 1697 aurea,
823 1639 990 1688 ultima
1009 1637 1149 1687 ferrea
1183 1639 1232 1685 δε
1273 1637 1523 1702 argillacea,
1560 1651 1613 1686 ut
1634 1639 1758 1703 apud
1782 1640 2021 1691 Danielem
2045 1642 2171 1706 Cap:
2204 1660 2244 1691 11
2265 1662 2276 1692 :
2306 1662 2385 1709 31,

384 1730 464 1777 32,
493 1728 569 1776 33.
605 1724 663 1756 ex
685 1708 754 1756 his
778 1718 917 1771 patet,
952 1705 1065 1770 quid
1090 1705 1368 1769 significamr
1388 1721 1471 1769 per
1493 1706 1623 1770 quod
1651 1705 1716 1753 sol
1752 1706 1855 1754 effet
1878 1707 1936 1754 ad
1959 1708 2262 1757 occidendum
2284 1732 2299 1766 ;
2335 1713 2386 1759 &

380 1779 510 1844 quod
533 1775 756 1840 significet
777 1786 962 1838 tempus
986 1774 1036 1821 &
1057 1771 1224 1820 statum
1246 1784 1348 1820 ante
1369 1770 1774 1831 consumationem,
1808 1775 1916 1837 quia
1946 1774 2154 1822 nondum
2179 1775 2243 1824 sol
2266 1780 2388 1826 occi-

383 1846 454 1893 dit
472 1867 488 1902 ·,
523 1846 571 1892 in
593 1841 882 1906 sequentibus
903 1840 1055 1904 agitur
1070 1839 1127 1887 de
1149 1838 1265 1887 statu
1280 1839 1499 1887 Ecclefiae
1514 1855 1624 1887 cum
1647 1839 1712 1888 sol
1734 1841 1921 1899 occidit,
1955 1841 2082 1905 quod
2098 1853 2209 1891 tunc
2240 1844 2389 1910 caligo

381 1911 515 1968 facta,
550 1911 601 1958 &
624 1907 782 1956 fumus
804 1905 927 1954 furni
950 1907 1000 1954 &
1024 1904 1102 1954 fax
1122 1907 1243 1970 ignis
1264 1906 1468 1954 transiret
1489 1907 1608 1956 inter
1620 1905 1862 1971 segmenta.

361 2022 363 2027 .
456 1996 474 2027 1
486 1983 511 2028 8
519 1981 596 2042 38.
631 1974 780 2040 Qod
802 1972 935 2037 sopor
955 1972 1120 2021 cecidit
1142 1972 1272 2037 super
1288 1972 1570 2031 Abramum,
1604 1973 1827 2037 significet
1845 1976 1973 2039 quod
1987 1976 2189 2025 Ecclesia
2207 1990 2318 2026 tunc
2342 1980 2390 2028 in

369 2038 576 2094 *tenebris
603 2042 724 2098 effet,
760 2040 933 2088 constat
954 2055 1012 2087 ex
1043 2039 1368 2104 significatione
1399 2040 1569 2104 soporis
1589 2063 1605 2098 3
1639 2040 1774 2106 sopor
1794 2041 1859 2090 est
1881 2042 2017 2090 status
2040 2044 2295 2093 tenebrosus
2320 2062 2390 2094 re-

381 2111 576 2178 speffive
598 2108 656 2156 ad
687 2107 912 2171 vigiliam,
948 2106 1030 2170 qui
1053 2106 1189 2154 status
1211 2106 1285 2154 hic
1308 2107 1582 2171 praedicatur
1604 2107 1661 2155 de
1680 2109 1904 2167 Domino,
1939 2111 2022 2174 qui
2050 2111 2390 2175 repraesentatur

379 2195 461 2244 per
482 2176 744 2225 Abx-amum
764 2196 780 2230 ·,
815 2190 909 2222 non
930 2173 1060 2237 quod
1082 2172 1216 2238 sopor
1237 2173 1311 2222 seu
1333 2173 1472 2222 status
1494 2174 1751 2223 tenebrosus
1772 2173 1960 2240 usquam
1985 2178 2108 2240 apud
2130 2178 2287 2236 Illum,
2313 2179 2390 2227 sed

382 2243 508 2308 apud
530 2240 778 2290 Ecclesiam
798 2263 814 2297 ·,
849 2240 891 2288 [0
929 2239 1064 2288 habet
1095 2240 1184 2288 hoc
1219 2240 1334 2288 ficut
1361 2242 1409 2288 in
1444 2241 1578 2290 altera
1613 2243 1723 2298 vita,
1759 2242 1838 2290 ubi
1860 2244 2090 2292 Dominus
2120 2244 2296 2310 semper
2324 2246 2390 2294 est

384 2310 482 2367 Sol,
515 2308 566 2357 &
589 2306 682 2372 ipsa
701 2307 830 2363 Lux,
864 2305 939 2355 sed
962 2322 1116 2355 coram
1140 2307 1268 2355 malis
1291 2319 1475 2372 apparet
1496 2321 1550 2356 ut
1570 2309 1786 2365 tenebrae,
1821 2326 1927 2358 nam
1951 2310 2197 2359 secundum
2222 2312 2387 2362 statum

383 2374 581 2440 cujusvis
601 2386 782 2438 apparet
796 2373 1045 2429 DominuS‚
1081 2375 1144 2422 ita
1164 2374 1239 2422 hic
1255 2374 1315 2422 de
1330 2374 1544 2432 Ecclesia,
1580 2391 1691 2423 cum
1705 2376 1771 2424 est
1792 2377 1840 2424 in
1857 2376 1972 2425 statu
1986 2378 2229 2426 ,tenebroso
2249 2402 2263 2436 3
2304 2397 2390 2444 pro

385 2441 601 2505 exemplo
622 2441 759 2487 etiam
780 2439 854 2496 fit,
885 2438 1090 2496 vastatiO,
1125 2441 1307 2503 punitio
1321 2441 1372 2489 δι
1389 2441 1636 2498 damnatio,
1659 2458 1767 2506 quae
1784 2443 2014 2492 multoties
2032 2445 2077 2492 in
2092 2446 2247 2493 Verbo
2269 2463 2389 2510 prae-

383 2510 593 2559 dicantur
607 2507 666 2554 de
677 2507 903 2562 Domino,
938 2520 1049 2553 cum
1071 2517 1225 2553 tamen
1247 2505 1311 2553 est
1332 2507 1532 2554 hominis
1546 2508 1780 2566 Ecclefiae,
1814 2511 1896 2573 qui
1919 2509 1962 2557 se
1985 2511 2141 2568 vastat,
2181 2515 2315 2576 punit
2336 2514 2387 2561 δε

386 2576 571 2624 damnat
586 2596 603 2630 3
637 2573 909 2638 apparet‘ita
947 2587 1100 2620 coram
1118 2572 1320 2630 homine,
1354 2572 1482 2636 quod
1496 2573 1620 2637 quafi
1634 2575 1868 2622 Dominus
1889 2575 2093 2634 vastaret,
2133 2580 2314 2641 puniret
2336 2580 2388 2627 &

301 2664 307 2669 ¹
385 2643 635 2698 damnaret,
672 2641 723 2687 δε
758 2639 870 2704 quia
905 2639 967 2686 ita
997 2650 1199 2703 apparet,
1235 2637 1487 2687 secundum
1526 2641 1803 2704 apparentias
1842 2643 1905 2690 ita
1927 2642 2128 2699 dicitur;
2164 2661 2269 2692 nam
2307 2647 2390 2693 nisi

365 2709 530 2758 ‹homo
560 2723 644 2771 per
664 2705 941 2770 apparentias
962 2704 1267 2762 instrueretur,
1302 2704 1524 2769 nusquam
1544 2719 1769 2770 pateretur
1791 2707 1833 2755 se
1855 2707 2027 2766 instrui,
2063 2711 2190 2773 quod
2213 2725 2391 2760 contra-

388 2775 510 2823 rium
533 2774 597 2822 est
618 2773 908 2838 apparentiae,
943 2771 1031 2820 hoc
1053 2788 1146 2819 non
1178 2771 1339 2829 credit,
1374 2789 1456 2820 nec
1480 2774 1615 2836 capit,
1651 2774 1734 2821 nisi
1756 2773 1868 2832 sero,
1903 2791 2011 2822 curn
2026 2772 2208 2837 judicio
2230 2779 2390 2842 pollet,

389 2841 442 2888 δε
473 2841 566 2888 fide
591 2840 815 2888 charitatis
848 2839 1042 2887 donatus
1065 2837 1159 2887 est:
1196 2841 1261 2886 ita
1286 2838 1329 2886 se
1356 2838 1490 2886 habet
1513 2855 1621 2887 cum
1637 2839 1851 2898 Ecclesia,
1886 2843 2071 2904 quando
2092 2843 2169 2892 illa
2183 2843 2309 2893 estin
2326 2858 2392 2894 te·

391 2905 557 2963 nebris,
591 2918 702 2955 tunc
724 2905 985 2954 obscuratur
1008 2921 1162 2953 coram
1186 2904 1272 2952 illis
1294 2906 1544 2964 Dominus,
1578 2906 1709 2964 adeo,
1744 2919 1798 2955 ut
1830 2923 1923 2955 non
1944 2906 2167 2973 appareat,
2202 2910 2290 2959 hoc
2310 2913 2391 2970 est,

383 2970 675 3036 agnoscatur,
708 2972 882 3021 tametsi
904 2973 1137 3020 Dominus
1160 2970 1382 3036 nusquam
1403 2971 1681 3030 obscuratur,
1715 2972 1790 3022 sed
1814 2973 1974 3033 horno,
2009 2977 2056 3026 in
2079 2993 2173 3041 quo
2195 2979 2245 3025 &t
2268 2980 2392 3041 apud

393 3054 536 3104 quem
547 3038 779 3086 Dominus
810 3037 943 3095 foret,
978 3037 1054 3086 sed
1084 3038 1226 3104 usque
1260 3038 1536 3104 praedicatur
1567 3039 1822 3089 obscuratio
1845 3041 1903 3091 de
1915 3042 2156 3100 Domino;
2193 3044 2395 3092 {imiliter

394 3105 469 3155 hic
492 3103 642 3169 sopor,
678 3120 774 3168 quo
797 3103 1071 3168 significatur
1092 3105 1229 3154 status
1252 3105 1470 3154 Ecclesiae
1502 3106 1775 3156 tenebrosus.

468 3174 608 3238 1839.
643 3170 791 3238 Qod
812 3186 916 3222 ecce
938 3183 1083 3221 terror
1104 3173 1387 3223 tenebrarum
1396 3189 1676 3288 1magnarum
1700 3175 1863 3226 cadens
1887 3176 2016 3241 super
2038 3176 2187 3235 illum,
2222 3177 2395 3242 fignifi-

1441 3256 1456 3288 1
1481 3257 1495 3288 1
1518 3258 1534 3288 1
2328 3256 2407 3292 cet
