2788 3736
669 290 1154 357 CAPUT
1270 273 1985 352 ocTAvuM.
2267 306 2393 370 271

364 422 455 484 'hoc
480 429 765 494 imprimitur
788 431 826 476 ei
851 426 967 477 sicut
989 427 1106 477 foret
1130 443 1311 485 verum,
1346 427 1482 475 etiam
1509 427 1670 483 credit,
1712 428 1820 492 quia
1842 443 1935 474 non
1976 425 2109 474 habet
2132 423 2263 472 aliam
2290 439 2392 487 per-

372 489 649 562 ceptionem,
687 513 824 560 quam
865 496 992 559 quod
1017 498 1078 544 ita
1115 496 1186 552 sit,
1223 498 1330 559 quia
1367 496 1429 542 ita
1459 494 1717 558 persuasus;
1752 495 1833 556 qui
1866 493 2184 541 conscientiam
2208 491 2389 546 habent,

364 564 725 620 exfconscientia
758 563 944 626 aliquod
985 562 1210 610 dictamen
1250 560 1434 617 habent,
1469 560 1546 608 sed
1583 577 1676 607 non
1704 559 1845 617 aliud,
1881 576 2021 623 quam
2062 558 2189 623 quod
2224 573 2387 622 verum

332 636 334 638 ’
361 630 432 688 sit,
468 633 575 695 quia
598 631 658 677 fic
683 630 954 678 audiverunt
976 630 1027 678 &
1051 629 1325 684 didicerunt,
1363 628 1448 675 hoc
1473 626 1795 674 conscientiam
1834 643 1996 675 eorum
2034 625 2219 683 format,
2259 621 2390 691 quod

361 698 561 747 constare
595 697 739 760 potest
773 696 829 744 ab
852 697 922 753 iis,
957 698 1039 759 qui
1061 693 1381 742 conscientiam
1409 692 1506 742 falfi
1532 692 1710 741 habent.
2362 750 2368 754 ῃ

432 766 540 830 896.
579 765 726 824 Quod
749 764 947 811 removit
967 762 1132 809 Noach
1155 762 1328 809 tedium
1353 777 1486 817 arcae,
1524 765 1572 807 &
1610 761 1745 814 vidit,
1782 758 2039 823 fignificent
2063 760 2248 808 remotis
2272 757 2389 805 falsis

364 831 514 879 lucem
543 833 784 878 veritatum
807 829 932 885 fidei,
968 844 1080 891 quas
1105 829 1311 893 agnovit,
1349 828 1399 875 δε
1421 827 1588 892 quibus
1606 827 1748 873 fidem
1769 827 1923 873 habuit
1977 827 2175 874 constare
2195 825 2340 889 potest
2363 841 2390 872 a

363 898 690 962 significatione
713 911 945 944 removere
970 894 1158 949 metum,
1194 894 1323 958 quod
1347 894 1401 941 sit
1435 892 1607 941 auferre
1632 893 1710 939 illa
1752 908 1859 957 que
1901 894 2161 956 impediunt
2198 893 2348 939 lucem
2371 914 2386 947 ς

362 960 589 1028 (ῙυίειῬ-,τ
620 979 771 1011 arcam
809 961 1088 1025 significatur
1127 961 1270 1008 horno
1299 962 1523 1024 Antiquae
1547 959 1764 1007 Ecclesiae
1799 962 1880 1023 qui
1922 958 2269 1022 regenerandus,
2306 975 2389 1022 per

364 1032 537 1078 tectum
562 1047 655 1078 non
688 1029 810 1076 aliud
834 1028 1073 1092 fignificari
1097 1027 1261 1092 potest,
1297 1043 1436 1090 quam
1468 1027 1515 1074 id
1538 1027 1663 1090 quod
1690 1027 1903 1090 impedit,
1941 1043 1997 1072 ne
2017 1026 2169 1074 videat
2193 1026 2385 1082 coelum,

363 1097 436 1144 seu
456 1097 615 1144 'lucem
635 1119 651 1152 3
687 1095 816 1159 quod,
837 1094 1101 1158 impedivit,
1137 1092 1225 1141 fuit
1271 1092 1450 1151 falsum,
1487 1109 1622 1157 quare
1659 1094 1844 1150 dicitur,
1881 1094 2193 1157 quod'vidit3
2230 1092 2386 1140 videre

365 1166 411 1210 in
435 1163 591 1210 Verbo
614 1162 837 1226 significat
870 1161 1137 1224 intelligere,
1172 1162 1222 1208 δε
1249 1161 1388 1207 fidem
1418 1161 1576 1208 habere
1597 1183 1610 1216 ;
1647 1161 1720 1207 hic
1743 1161 1870 1224 quod
1889 1163 2097 1219 veritates
2121 1161 2377 1224 agnoverit,

363 1231 413 1278 δε
439 1231 525 1277 illis
549 1229 684 1276 fidem
713 1228 941 1275 habuerit:
981 1227 1159 1292 prorsus
1180 1228 1302 1275 aliud
1325 1227 1388 1275 est
1419 1229 1626 1275 veritates
1662 1228 1786 1284 scire,
1823 1229 1872 1275 δε
1899 1229 2106 1274 veritates
2131 1225 2385 1291 agnoscere,

362 1298 413 1346 &
439 1295 701 1343 veritatibus
725 1295 865 1341 fidem
891 1294 1051 1342 habere
1072 1317 1085 1350 ·,
1123 1295 1231 1341 scire
1255 1294 1319 1341 est
1344 1297 1549 1358 primum
1575 1295 1937 1358 regenerationis,
1976 1294 2214 1357 agnoscere
2238 1292 2302 1340 est
2325 1293 2388 1340 se-

363 1363 588 1421 cundum,
624 1362 766 1409 fidem
790 1361 952 1409 habere
977 1361 1039 1408 est
1064 1363 1285 1417 tertium,
1321 1377 1429 1424 quae
1452 1361 1703 1408 differentia
1735 1361 1789 1408 fit
1828 1363 1944 1407 inter
1967 1362 2091 1421 scire,
2129 1359 2385 1424 agnoscere,

361 1429 412 1478 &
435 1429 576 1478 fidem
600 1429 778 1485 habere,
814 1429 919 1484 inde
967 1427 1166 1485 constare
1210 1427 1372 1492 potest,
1410 1428 1538 1491 quod
1576 1429 1751 1491 pessimi
1796 1440 1963 1491 queant
1988 1426 2112 1485 scire,
2150 1433 2198 1475 ὅτ
2246 1426 2387 1491 usque

363 1513 456 1544 non
481 1495 736 1560 agnoscere,
772 1495 885 1542 sicut
919 1495 1074 1556 Judaei
1109 1496 1159 1543 δε
1192 1497 1222 1542 ii
1263 1496 1342 1559 qui
1382 1496 1625 1542 ratiociniis
1665 1495 1869 1558 speciosis
1909 1493 2130 1542 destruere
2168 1507 2389 1542 conantur

366 1563 660 1619 doctrinali&
719 1561 847 1626 quod
898 1562 1101 1609 infideles
1151 1564 1317 1626 poffint
1368 1578 1552 1626 quoque
1598 1562 1852 1626 agnoscere,
1910 1562 1959 1608 δε
2005 1578 2114 1609 cum
2160 1563 2207 1609 in
2256 1563 2387 1609 certis

362 1629 545 1678 statibus
593 1629 694 1677 sunt
735 1645 791 1676 ex
817 1629 918 1676 zelo
949 1628 1211 1693 praedicare,
1250 1629 1521 1689 confirmare
1561 1629 1611 1675 δε
1659 1627 1956 1692 persuadere;
2005 1627 2079 1676 sed
2120 1628 2264 1675 fidem
2311 1629 2387 1676 ha-

362 1695 465 1744 bere
505 1692 597 1744 non
634 1696 815 1760 possunt
857 1695 937 1742 nisi
979 1695 1169 1751 fideles;
1227 1698 1307 1758 qui
1355 1695 1499 1741 fidem
1539 1695 1725 1752 habent,
1779 1696 1810 1742 ii
1848 1694 2008 1752 sciunt,
2047 1695 2298 1758 agnoscunt
2331 1696 2402 1743 ὅτ

363 1763 571 1820 credunt,
623 1765 653 1809 ii
701 1762 961 1809 charitatem
1004 1761 1186 1818 habent,
1237 1764 1269 1808 ii
1315 1760 1652 1818 conscientiam,
1708 1778 1845 1824 quare
1875 1761 2099 1825 nusquam
2148 1762 2387 1825 praedicari

364 1829 512 1891 potest
534 1829 664 1884 fides,
701 1827 775 1874 seu
815 1827 872 1874 de
912 1827 1064 1890 aliquo
1103 1827 1230 1891 quod
1261 1828 1402 1874 fidem
1450 1827 1623 1884 habeat,
1661 1828 1741 1874 nisi
1773 1827 1871 1874 talis
1908 1828 1997 1882 sit3
2032 1828 2120 1875 hoc
2161 1843 2283 1875 nunc
2304 1827 2385 1883 est,

363 1908 678 1958 regeneratum
714 1894 826 1943 effe:
864 1892 1011 1941 solum
1046 1892 1153 1941 scire
1177 1894 1291 1957 quid
1316 1894 1439 1950 fidei,
1476 1893 1540 1941 est
1574 1896 1810 1941 memoriae
1842 1910 1935 1941 non
1967 1894 2269 1942 consentiente
2291 1893 2387 1959 ejus

364 1962 608 2018 rationali3
641 1960 878 2024 agnoscere
914 1960 1042 2023 quod
1088 1960 1195 2007 fidei
1232 1960 1297 2007 est
1336 1961 1549 2008 rationale
1573 1961 1812 2023 quoddam
1838 1960 2117 2008 consentiens
2142 1961 2384 2008 inductum

361 2044 387 2075 a
413 2030 544 2075 certis
569 2028 708 2074 causis
731 2028 781 2074 &
804 2040 991 2090 propter
1020 2039 1164 2074 certos
1188 2026 1336 2082 fines·‚
1375 2026 1461 2087 =sed
1499 2027 1641 2074 fidem
1673 2027 1833 2074 habere
1869 2027 1932 2074 est
1962 2027 2262 2085 conscientiae,
2298 2028 2386 2075 hoc

361 2093 441 2152 est,
477 2095 672 2142 Domini
710 2096 934 2157 operantis
971 2109 1053 2158 per
1093 2093 1444 2141 conscientiam:
1498 2093 1585 2141 hoc
1621 2093 1821 2145 constare
1862 2110 2001 2157 quam
2027 2096 2203 2159 optime
2239 2095 2387 2158 potest

363 2161 420 2208 ab
444 2163 497 2208 iis
533 2163 579 2208 in
603 2161 739 2208 altera
761 2162 890 2216 vita·,
926 2162 1007 2223 qui
1034 2160 1177 2207 modo
1200 2159 1362 2224 sciunt,
1396 2159 1497 2207 sunt
1521 2161 1670 2224 plures
1696 2162 1740 2207 in
1766 2159 1942 2208 inferno
1963 2184 1977 2216 ·,
2013 2163 2094 2224 qui
2117 2160 2384 2225 agnoscunt,

363 2227 466 2275 sunt
488 2230 642 2284 etiam,
680 2229 787 2291 quia
811 2239 1100 2290 agnoverunt
1129 2229 1176 2274 in
1202 2228 1296 2274 vita
1329 2229 1548 2291 corporis,
1585 2227 1698 2275 ficut
1716 2228 1911 2284 distum,
1947 2229 1993 2274 in
2015 2230 2146 2275 certis
2169 2228 2381 2284 statibus;

364 2292 439 2340 sed
463 2311 569 2341 cum
606 2295 864 2357 percipiunt
894 2295 940 2340 in
974 2294 1109 2341 altera
1147 2294 1243 2342 vita
1282 2294 1410 2358 quod
1447 2297 1612 2341 verum
1646 2295 1698 2341 fit
1732 2296 1859 2358 quod
1883 2294 2205 2358 praedicarunt,
2243 2294 2383 2342 infor-

365 2373 547 2407 marunt
563 2361 612 2407 δε
635 2358 959 2423 persuaserunt,
997 2360 1199 2408 multum
1224 2362 1461 2417 mirantur,
1498 2359 1749 2425 agnoscunt
1766 2361 1929 2418 solum,
1967 2361 2152 2424 quando
2176 2364 2227 2408 iis
2253 2378 2381 2409 revo-

364 2440 493 2474 catur
515 2429 562 2473 in
595 2428 883 2483 memoriam,
919 2427 1047 2490 quod
1093 2428 1154 2476 ita
1189 2428 1552 2491 predicaverintx
1590 2427 1666 2475 sed
1705 2430 1785 2494 qui
1828 2428 1971 2476 fidem
2012 2428 2280 2487 habuerunt,
2318 2429 2382 2476 illi

363 2508 524 2540 omnes
549 2493 650 2540 sunt
674 2494 718 2539 in
743 2491 878 2540 coelo.

435 2564 545 2625 897.
583 2561 681 2606 Hic
707 2561 812 2622 quia
843 2558 992 2622 agitur
1029 2559 1086 2606 de
1110 2561 1321 2607 Homine
1353 2562 1577 2624 Antiquae
1599 2561 1818 2613 Ecclesiae
1845 2572 2119 2625 regenerato,
2156 2562 2381 2626 significa-

362 2639 438 2674 tur
477 2626 762 2690 pervidere,
811 2623 1051 2688 agnoscere
1086 2627 1136 2673 ὅτ
1174 2627 1316 2673 fidem
1356 2627 1551 2682 habere;
1589 2629 1732 2691 -quod
1766 2629 1929 2682 videre,
1962 2629 2061 2676 haec
2108 2628 2380 2691 significent,

360 2693 568 2741 constare
592 2692 737 2756 potest
770 2707 829 2739 ex
855 2691 1025 2748 Verbo,
1063 2704 1115 2739 ut
1157 2693 1278 2756 apud
1310 2692 1487 2740 Esaiam
1526 2699 1561 2720 “
1598 2695 1710 2741 Non
1739 2695 1959 2756 sp‘ec‘lastis
1981 2695 2036 2741 ad
2061 2695 2301 2742 FaCtorem
2326 2695 2382 2741 il-

365 2765 401 2786 “
435 2760 538 2818 lius,
592 2761 641 2806 δε
672 2760 990 2807 Formatorem
1031 2758 1150 2806 illius
1195 2775 1220 2805 e
1260 2759 1516 2823 longinquo
1556 2777 1649 2806 non
1686 2761 1901 2820 vidistis,”
1939 2777 2079 2809 xxm:
2125 2778 2191 2809 11.
2228 2761 2285 2808 de
2315 2763 2379 2808 ci-

363 2823 502 2873 vitate
536 2827 726 2882 Zionis;
785 2826 1101 2873 Formatorem
1135 2842 1159 2872 e
1197 2825 1453 2890 longinquo
1509 2842 1602 2873 non
1649 2826 1829 2882 videre,
1872 2826 1936 2873 est
1990 2844 2082 2875 non
2121 2827 2377 2891 agnoscere,

306 2928 308 2932 .
366 2897 400 2917 “
436 2893 586 2939 minus
609 2893 753 2939 fidem
778 2891 951 2940 habere.
988 2891 1135 2954 Apud
1161 2892 1395 2947 Eundem,
1426 2899 1461 2919 ‘⁶
1483 2894 1732 2956 Impingua
1756 2909 1836 2939 cor
1857 2894 2018 2957 populi
2041 2892 2192 2958 hujUS,
2219 2896 2270 2941 δε
2300 2912 2378 2942 au·

366 2961 400 2984 “
436 2973 503 3004 res
525 2956 619 3023 ejus
652 2974 870 3022 aggrava,
901 2975 952 3006 ac
988 2957 1145 3006 oculos
1174 2956 1269 3023 ejus
1308 2959 1476 3016 obline,
1512 2976 1569 3007 ne
1592 2957 1708 3007 forte
1731 2960 1880 3006 videat
1903 2956 2030 3008 oculis
2042 2956 2153 3025 suis,
2188 2961 2236 3008 &
2263 2964 2380 3008 auri-

367 3028 402 3050 “
438 3022 521 3070 bus
561 3025 647 3085 suis
693 3025 860 3082 audiat,
920 3026 970 3072 δε
1004 3041 1084 3072 cor
1128 3024 1224 3089 ejus
1259 3026 1497 3090 intelligat,
1533 3027 1583 3074 ὅτ
1631 3038 1942 3084 convertatur,
1992 3029 2042 3076 &
2074 3027 2248 3075 sanetur
2287 3030 2327 3074 ei
2349 3030 2378 3049 ’²

366 3095 400 3118 ‘⁴
435 3105 523 3137 vr:
582 3107 668 3138 10:
701 3091 848 3138 oculis
881 3091 1035 3138 videre
1074 3108 1159 3155 pro
1195 3092 1432 3156 agnoscere
1472 3094 1521 3140 &
1563 3093 1706 3141 fidem
1731 3092 1921 3141 habere:
1959 3095 2083 3158 apud
2111 3095 2329 3143 Euudem
2350 3096 2378 3115 ’'

326 3215 333 3219 ἢ
364 3161 399 3217 f‘
435 3155 641 3219 Populus
682 3155 959 3204 ambulantes
994 3159 1041 3204 in
1065 3158 1259 3206 tenebris
1282 3159 1482 3208 viderunt
1506 3160 1636 3207 lucem
1668 3161 1935 3223 magnam,’'
1980 3178 2058 3210 ix:
2088 3179 2130 3210 2.
2183 3161 2240 3206 de
2268 3177 2377 3224 gen-

362 3222 482 3270 tibus
524 3237 629 3283 quae
671 3221 813 3268 fidem
856 3237 1158 3285 acceperunt,
1217 3225 1420 3277 similiter
1459 3243 1510 3273 ac
1558 3227 1648 3283 hic,
1701 3228 1900 3273 removit
1939 3229 2132 3283 tectum,
2168 3227 2216 3273 &
2242 3225 2374 3271 vidit:

310 3336 313 3338 ,
348 3288 510 3354 ,Apud
534 3287 767 3345 Eundem,
789 3293 822 3316 “
841 3287 1056 3337 Audient·
1072 3290 1121 3337 in
1133 3289 1204 3338 die
1218 3291 1299 3340 illo
1315 3291 1591 3342 surdiverba
1606 3293 1756 3351 Libri,
1783 3294 1830 3340 δε
1856 3310 1887 3340 e·
1905 3293 2111 3358 caligine,
2137 3295 2185 3339 &
2210 3307 2236 3337 e
2258 3303 2379 3403 tegre-

2225 3361 2258 3384 “
2324 3358 2396 3405 ris.
