2788 3736
445 272 580 337 594
980 240 1962 343 GENESIwS'.

433 382 557 440 fidei,
593 399 700 447 quae
738 382 814 430 hic
838 378 1142 446 intelligitur:
1176 381 1310 447 quod
1355 381 1456 430 haec
1479 381 1594 431 fides
1616 380 1688 441 fit,
1723 392 1831 447 quae
1869 379 2109 435 Internum
2131 384 2196 436 est
2218 387 2437 440 Ecclefiae

432 450 629 498 constare
652 448 800 514 potest
814 465 874 497 ex
895 465 951 497 eo
967 449 1078 506 solo,
1102 449 1248 513 quod,
1279 451 1365 514 qui
1386 450 1529 496 vitam
1545 448 1771 500 charitatis
1790 449 1940 507 habet,
1975 454 2096 499 norit
2122 457 2276 505 omnia
2291 456 2399 505 fidei
2417 479 2431 515 ;

432 517 463 564 fi
488 517 615 573 velis,
651 516 856 580 explores
880 516 1024 567 modo
1040 515 1320 574 doctrinaiia,
1356 532 1463 580 quae
1487 516 1700 580 &qualia
1721 515 1840 574 sunt,
1875 533 1989 565 anne
2017 520 2172 567 omnia
2210 521 2295 570 {int
2323 524 2432 572 cha·

429 585 585 641 ritatis‚
611 583 803 648 proinde
827 583 934 630 fidei
957 599 1012 630 ex
1035 583 1274 640 charitate;
1310 595 1363 631 ut
1386 582 1533 630 solum
1556 584 1791 647 Praeeepta
1805 584 2029 649 decalogi,
2063 583 2196 649 cuj’us
2218 583 2431 639 Primum

427 650 507 708 est,
544 662 596 697 ut
619 651 736 699 colas
766 651 1027 698 Dominum
1042 651 1216 707 Deum,
1263 652 1344 714 qui
1368 652 1511 698 vitam
1545 652 1710 698 amoris
1734 650 1807 698 seu
1832 651 2056 700 charitatis
2078 651 2228 710 habet,
2263 655 2301 701 is
2321 657 2434 705 colit

427 718 689 765 Dominum
707 719 882 774 Deum,
916 718 1026 781 quia
1047 716 1135 766 hoc
1158 717 1221 764 est
1244 720 1338 764 vita
1362 717 1529 780 ipsius:
1567 716 1801 776 Alterum,
1838 729 1891 766 ut
1906 716 2187 767 Sabbathum
2209 718 2435 780 observes,

427 787 508 848 qui
533 786 579 831 in
603 785 768 832 amoris
791 786 886 832 vita
908 782 988 842 est,
1005 782 1080 832 feu
1104 786 1150 831 in
1169 784 1394 841 charitate,
1428 785 1468 834 is
1491 783 1638 832 sancte
1660 783 1866 833 observat
1886 784 2187 844 sabbathum,
2221 802 2331 835 nam
2363 789 2453 837 rii--

427 851 490 899 hil
536 852 576 898 ei
624 851 802 901 dulcius
842 850 921 908 est,
957 866 1098 915 quarn
1143 850 1288 899 colere
1325 851 1607 908 Dominum,
1650 852 1700 900 δε
1725 851 1970 916 glorificari
2000 852 2152 916 ipfiim
2173 855 2302 902 omni
2325 846 2399 903 die
2413 875 2429 914 ⁴:

427 930 714 982 praeceptum
734 935 788 966 ne
806 917 1020 975 OccidaS,
1057 919 1144 965 hoc
1168 918 1349 983 prorsus
1382 917 1446 965 est
1462 918 1701 978 charitatis,
1718 920 1818 983 'qui
1849 930 1970 967 amat
2000 921 2270 984 proximum
2293 929 2346 969 ut
2366 921 2434 971 se-

425 997 539 1042 met,
575 985 726 1032 horret
748 986 996 1049 quicquam
1022 983 1163 1033 facere
1187 985 1314 1050 quod
1338 984 1470 1032 illum
1494 984 1639 1043 loedit,
1665 987 1812 1049 magis
1836 985 1968 1034 iilum
1989 986 2196 1035 occidere
2214 999 2242 1036 ε·
2261 1004 2320 1036 ne
2336 989 2432 1037 Fu-

426 1053 549 1108 reris,
586 1051 803 1109 similiter,
838 1053 920 1115 qui
943 1052 1070 1099 enim
1083 1053 1228 1099 vitam
1252 1051 1476 1100 charitatis
1500 1051 1650 1109 habet,
1687 1053 1723 1099 is
1746 1054 1899 1117 potius
1921 1068 1980 1101 ex
2000 1051 2081 1101 suo
2097 1053 2175 1101 dat
2193 1056 2431 1119 proximo,

424 1127 563 1184 quam
582 1131 634 1165 ut
645 1119 894 1182 quicquam
918 1119 959 1165 ei
993 1116 1162 1166 auferat
1181 1137 1191 1166 :
1229 1134 1284 1166 ne
1305 1118 1557 1175 AdulteriS,
1592 1118 1774 1181 pariter,
1807 1119 1889 1182 qui
1913 1120 1960 1166 in
1985 1116 2209 1168 charitatis
2233 1121 2327 1169 vita
2348 1121 2429 1180 est,

424 1185 625 1252 proximi
647 1201 837 1232 uxorem
858 1184 1010 1246 potius
1027 1183 1240 1239 custodit,
1277 1182 1508 1245 ne'aliquis
1531 1183 1615 1230 tale
1637 1184 1860 1231 damnum
1891 1185 1934 1231 ei
1957 1183 2131 1243 inferat,
2166 1187 2218 1235 &c
2256 1187 2431 1237 adulte-

424 1253 543 1300 rium
568 1250 732 1314 speetu
756 1262 808 1296 ut
830 1248 1002 1296 facinus
1026 1261 1182 1296 contra
1205 1247 1551 1306 conscientiam,
1577 1249 1627 1296 &
1676 1249 1781 1306 tale,
1816 1250 1945 1313 quod
1973 1267 2179 1308 amorem
2218 1253 2430 1318 conjugi-

421 1319 536 1367 alem
570 1318 622 1364 δτ
653 1314 748 1380 ejus
782 1315 948 1372 debita,
985 1314 1201 1380 destruit:
1238 1314 1570 1379 Concupiscere
1592 1330 1700 1378 quae
1734 1314 1838 1363 sunt
1870 1318 2088 1379 proximi,
2118 1318 2428 1385 'sunt·quoque

420 1398 575 1434 contra
598 1382 714 1440 illos,
750 1383 831 1447 qui
865 1383 912 1428 in
936 1381 1160 1433 charitatis
1182 1384 1277 1429 vita
1300 1381 1418 1439 sunt,
1454 1398 1561 1429 nam
1585 1381 1809 1430 charitatis
1832 1381 1896 1429 est
1912 1382 2028 1430 velle
2044 1384 2140 1444 aliis
2173 1384 2350 1432 bonum
2366 1403 2429 1435 ex

420 1451 462 1499 se
486 1453 536 1499 δε
558 1449 654 1507 suo,
690 1451 753 1497 ita
784 1448 1008 1512 nusquam
1045 1447 1388 1512 concupiscunt,
1425 1464 1533 1512 quae
1555 1447 1733 1495 alterius
1753 1448 1890 1496 sunt:
1927 1448 2028 1496 haec
2052 1449 2154 1497 sunt
2202 1465 2433 1527 praecepta

419 1517 642 1580 decalogi,
679 1532 787 1580 quae
802 1517 1029 1563 exteriora
1045 1514 1308 1562 doctrinalia
1348 1514 1474 1571 fidei,
1509 1530 1617 1578 quae
1645 1515 1702 1562 ab
1726 1515 1804 1562 illo
1827 1516 1908 1580 qui
1943 1517 1990 1562 in
2014 1515 2227 1566 charitate
2248 1518 2301 1566 &
2333 1535 2431 1583 ejus

419 1586 515 1632 vita
531 1583 610 1640 est,
647 1599 738 1646 non
758 1583 977 1630 memoria
998 1594 1129 1629 tenus
1147 1580 1362 1638 sciuntur,
1398 1579 1475 1629 sed
1489 1580 1590 1630 sunt
1615 1581 1661 1627 in
1685 1581 1821 1629 corde
1843 1579 1955 1645 ejus,
1994 1583 2043 1629 &
2075 1581 2153 1630 illa
2175 1583 2308 1631 habet
2345 1585 2428 1634 fibi

420 1650 643 1714 inscripta,
679 1650 789 1713 quia
810 1648 913 1696 sunt
935 1650 982 1695 in
1006 1648 1236 1705 charitate,
1269 1649 1332 1695 ita
1353 1649 1400 1694 in
1419 1646 1509 1711 ipsa
1531 1645 1625 1712 ejus
1643 1648 1766 1697 vita:
1802 1659 1970 1711 praeter
1993 1647 2076 1696 alia
2103 1665 2210 1712 quae
2233 1650 2428 1715 dogma·

420 1719 507 1765 tica
529 1715 645 1773 sunt,
682 1732 788 1780 quae
811 1715 1014 1768 [imiliter
1036 1716 1167 1763 novit
1189 1730 1248 1762 ex
1265 1713 1354 1762 sola
1369 1714 1597 1772 charitate,
1628 1715 1746 1762 vivit
1769 1716 1893 1762 enim
1925 1713 2175 1763 secundum
2198 1716 2427 1766 conscien—

417 1786 529 1832 tiam
551 1784 659 1830 recli
681 1805 695 1839 ;
731 1782 907 1830 rectum
930 1782 980 1830 &
994 1797 1178 1839 verum,
1211 1781 1340 1846 quod
1353 1797 1454 1829 non
1474 1783 1537 1829 ita
1553 1780 1700 1846 potest
1718 1781 1964 1844 intelligere
1987 1781 2038 1829 &
2055 1781 2313 1847 explorare,
2336 1785 2428 1833 hoc

416 1848 561 1898 credit
584 1848 847 1913 {impliciter
870 1848 941 1896 seu
966 1865 1025 1896 ex
1050 1848 1244 1913 fimplici
1262 1848 1418 1906 corde,
1455 1849 1583 1912 quod
1608 1850 1669 1896 ita
1692 1847 1761 1906 fit,
1799 1848 1907 1913 quia
1932 1849 2167 1896 ‘Dominus
2206 1850 2267 1897 ita
2291 1850 2428 1907 dixit,

416 1919 464 1965 ὅτ
483 1918 563 1981 qui
587 1918 650 1964 ita
671 1916 829 1973 credit,
855 1916 891 1962 is
916 1931 1007 1963 non
1027 1915 1198 1963 malum
1213 1913 1342 1973 facit,
1378 1915 1553 1963 tametsi
1571 1932 1663 1963 non
1686 1915 1790 1962 esset
1806 1931 1969 1963 verum
1994 1916 2040 1963 in
2060 1914 2122 1973 se,
2159 1914 2233 1966 sed
2256 1932 2423 1965 verum

416 1999 666 2048 apparens3
709 1995 761 2030 ut
783 1998 869 2046 pro
886 1982 1116 2046 exemplo,
1147 1982 1274 2046 quod
1307 1983 1541 2029 Dominus
1566 1981 1791 2039 irascatur,
1824 1983 2000 2046 puniat,
2037 1994 2199 2040 tentet,
2226 1983 2276 2031 δὲ
2300 1983 2423 2031 fimi-

417 2050 478 2097 lia
497 2073 511 2105 ·‚
538 2062 640 2097 turn
668 2065 866 2114 quoque,
884 2049 1011 2112 quod
1030 2052 1078 2096 in
1092 2050 1224 2096 Sacra
1246 2049 1394 2097 Coena
1410 2049 1544 2097 Panis
1569 2049 1618 2096 &
1639 2049 1818 2097 Vinum
1842 2048 1896 2096 fit
1914 2048 2272 2112 significativum
2290 2050 2422 2113 quid,

417 2116 490 2163 vel
513 2116 639 2180 quod
663 2132 767 2164 caro
809 2117 857 2163 ὅτ,
881 2114 1061 2179 sanguis
1085 2115 1198 2163 adfit
1241 2115 1394 2179 aliquo
1433 2115 1576 2162 modo
1609 2131 1704 2178 quo
1746 2116 1988 2180 explicant,
2023 2115 2112 2163 hoc
2146 2115 2263 2163 nihil
2298 2114 2433 2172 facit,

415 2183 507 2230 five
521 2198 667 2230 unum
690 2183 780 2235 five
800 2181 992 2229 alterum
1014 2184 1183 2239 dicant,
1220 2182 1391 2229 tametli
1434 2183 1567 2246 pauci
1591 2181 1693 2229 sunt
1714 2183 1796 2244 qui
1818 2182 1878 2228 de
1917 2181 2004 2228 hoc
2035 2182 2262 2244 cogitant,
2296 2181 2423 2245 lique

417 2251 638 2314 cogitant,
674 2248 817 2298 modo
841 2250 922 2297 fiat
957 2265 1016 2295 ex
1041 2249 1236 2312 simplici
1273 2248 1426 2305 corde,
1461 2249 1568 2311 quia
1605 2249 1665 2294 ita
1688 2246 1908 2309 instructi,
1945 2247 1996 2293 &
2019 2245 2159 2308 usque
2204 2248 2252 2295 in
2268 2246 2419 2301 ‚chari-

367 2375 369 2378 Α
415 2327 505 2362 tate
522 2316 688 2362 vivunt
715 2339 729 2371 3
766 2316 798 2361 ii
831 2331 940 2362 cum
963 2315 1170 2372 audiunt,
1203 2315 1334 2378 quod
1358 2315 1491 2361 Panis
1518 2315 1567 2360 ὅτ,
1591 2314 1768 2360 Vinum
1794 2314 1840 2359 in
1878 2310 2004 2358 sensu
2024 2313 2205 2359 »in-terno
2245 2313 2419 2379 fignifi-

417 2394 519 2428 cent
542 2397 744 2428 amorem
770 2382 967 2428 Domini
1000 2377 1108 2442 erga
1129 2379 1388 2426 universum
1413 2395 1556 2442 genus
1580 2379 1850 2435 humanum,
1887 2379 1938 2425 &
1975 2394 2083 2441 quae
2104 2379 2274 2426 -amoris
2298 2379 2417 2440 sunt,

416 2448 466 2495 δε
491 2448 775 2511 reciprocum
815 2446 1012 2494 hominis
1052 2449 1099 2493 in
1128 2446 1390 2493 Dominum
1412 2445 1461 2493 δε
1500 2462 1607 2508 erga
1643 2443 1928 2508 proximum,
1964 2442 2087 2492 illico
2119 2445 2331 2503 credunt,
2367 2447 2420 2494 δι’

417 2513 796 2577 ξᾶυάεητ,”ςυοά
822 2515 881 2559 ita
912 2511 953 2559 se
990 2512 1181 2568 habeat;
1219 2511 1437 2576 nusquam
1462 2511 1526 2558 illi
1550 2513 1631 2575 qui
1663 2513 1710 2559 in
1726 2511 2059 2560 dchrinalibus
2081 2509 2201 2569 fiant,
2237 2513 2288 2559 δε
2323 2528 2419 2559 non
2503 2552 2507 2555 ,

416 2581 462 2626 in
489 2581 715 2636 charitate,
752 2579 798 2626 hi
833 2579 1017 2642 'litigant
1060 2578 1117 2625 de
1162 2580 1308 2636 omni,
1344 2579 1394 2625 ὅτ
1415 2578 1635 2625 damnant
1663 2577 1972 2642 quoscunque,
2007 2578 2088 2641 qui
2118 2578 2418 2638 ‹non-dicunt,
2459 2586 2490 2594 ⁴·

418 2648 545 2709 quod
572 2659 741 2694 vocant
763 2646 955 2701 Credffe,
991 2645 1103 2692 ficut
1135 2645 1200 2692 illi
1224 2665 1234 2693 :
1256 2660 1328 2692 rex
1363 2644 1431 2692 his
1456 2645 1656 2693 constare
1677 2646 1904 2691 unicuivis
1928 2643 2091 2707 potest,
2109 2644 2246 2708 quod
2263 2645 2417 2693 Amor

417 2713 466 2758 in
491 2715 771 2769 Dominum,
809 2714 859 2760 δε
884 2713 1090 2759 Charitas
1113 2727 1222 2775 erga
1239 2712 1513 2775 proximum
1536 2711 1589 2758 fit
1612 2712 1849 2758 Internum
1874 2709 2106 2775 Ecclefi-ae3
2131 2715 2135 2718 ’
2459 2723 2463 2726 ·

493 2796 507 2824 ι
522 2794 628 2843 799.
654 2779 816 2841 “Qiod
837 2794 939 2826 ecce
963 2778 1083 2825 filius
1101 2778 1269 2826 domus
1296 2794 1416 2825 meae
1430 2777 1702 2825 haereditans
1727 2794 1818 2833 me,
1855 2776 2225 2840 fignificet¹quod
2249 2774 2415 2822 Exter-

414 2857 532 2892 num
557 2845 698 2891 modo
717 2839 830 2892 'toret
853 2847 900 2891 in
924 2847 1092 2908 Regno
1115 2845 1324 2901 Domini,
1361 2841 1532 2892 constat
1554 2843 1953 2908 ex'fignificatione
1977 2841 2167 2889 haeredis
2190 2842 2239 2887 δε
2270 2842 2414 2889 haere-

418 2911 560 2957 ditare
583 2911 627 2954 in
654 2910 774 2957 sensu
798 2914 974 2958 interno
993 2933 1007 2966 3
1043 2911 1183 2958 haeres
1207 2911 1304 2957 fieri
1326 2909 1400 2957 seu
1418 2911 1695 2966 haereditare,
1717 2909 1942 2972 fignificat
1954 2908 2103 2952 vitam
2127 2919 2341 2954 aeternam
2366 2910 2418 2955 in,
2446 2967 2449 2970 Α

418 2978 587 3040 Regno
603 2975 836 3031 'Domini3
867 2993 1046 3033 omnes,
1083 2978 1232 3040 quiin
1258 2979 1425 3040 Regno
1446 2978 1658 3031 Domini,
1694 2975 1796 3021 sum
1833 2972 2058 3028 haeredes,
2092 2989 2200 3019 nam
2247 2975 2413 3021 vivunt

417 3059 476 3090 ex
510 3044 605 3088 vita
627 3042 835 3098 Domini,
871 3059 975 3104 quae
1000 3043 1063 3089 est
1098 3044 1195 3089 vita
1234 3046 1400 3090 amoris
1425 3043 1590 3097 mutui,
1626 3042 1676 3087 δε
1698 3039 1804 3085 inde
1841 3038 2124 3101 appellantur
2153 3039 2274 3094 filii,
2305 3041 2412 3087 'Do-

415 3109 533 3156 mini
558 3108 638 3154 filii
665 3108 736 3154 seu
761 3107 957 3154 heredes
982 3107 1081 3154 sunt
1099 3124 1256 3155 omnes
1275 3110 1355 3171 qui
1379 3109 1426 3153 in
1447 3106 1592 3170 Ip'fius
1621 3106 1716 3152 vita
1739 3104 2008 3168 'sunt,·‡quia
2027 3121 2084 3152 ex
2101 3105 2411 3169 ‘Ipsoillorum
2461 3112 2463 3114 ’

414 3179 529 3230 vita,
555 3175 603 3221 ὅτ
620 3174 674 3220 ab
698 3173 797 3237 Ipso
816 3174 923 3230 nati,
961 3173 1048 3220 hoc
1065 3173 1145 3229 est,
1184 3174 1427 3236 regenerati
1449 3195 1463 3228 ;
1499 3174 1580 3236 qui
1602 3172 1660 3218 ab
1685 3171 1840 3235 aliquo
1855 3171 2119 3227 nascuntur,
2149 3171 2256 3219 *sunt
2278 3172 2420 3219 haere-

418 3242 513 3299 deS,
548 3242 612 3294 ita
635 3256 792 3289 omnes
817 3242 897 3305 qui
921 3256 947 3288 a
983 3240 1193 3289 Domino
1216 3251 1549 3303 regenerantur,
1586 3254 1691 3288 nam
1721 3249 1847 3288 tunc-
1865 3240 2014 3287 vitam
2045 3238 2280 3303 accipiunt
2317 3239 2420 3312 Do-

1257 3318 1263 3323 ·
2285 3318 2416 3352 num.
