2788 3736
419 261 552 326 390
952 225 1924 296 GENESIS.

406 378 527 427 mini
550 392 606 424 ex
637 372 789 428 corde,
823 370 882 419 de
902 368 1068 436 quibus
1090 366 1364 434 praedicatur
1401 365 1529 431 quod
1567 376 1772 418 avertant
1794 364 1854 425 fe,
1887 368 1943 417 δε
1975 369 2024 418 in
2058 368 2343 436 profundum
2376 370 2418 420 se

414 445 661 493 demittant
685 439 742 487 ad
765 437 1078 493 habitandum.
1110 442 1111 445 ’
1147 435 1224 490 Ex
1245 434 1314 483 his
1337 449 1459 482 nunc
1491 432 1680 491 constat,
1715 432 1843 498 quod
1865 449 1946 498 per
1967 434 2084 485 filios
2105 438 2259 487 Kusch
2282 439 2419 502 signi·

406 512 605 565 :ficentur
629 507 912 570 cognitiones
935 502 1253 569 spiritualium,
1286 501 1337 549 δε
1358 517 1440 565 per
1462 499 1580 554 filios
1601 501 1791 548 Raamae
1814 501 2103 565 cognitiones.
2116 502 2385 556 coelestium.

488 592 507 622 1
523 590 577 638 17
585 591 626 638 3.
663 571 784 619 Vers
795 590 804 618 :
833 576 878 628 8,
922 589 967 636 9.
1002 571 1068 619 Et
1089 569 1229 636 Kusch
1253 570 1402 634 genuit
1426 566 1682 617 Nimrodum
1699 583 1716 614 t
1749 569 1787 615 is
1809 570 1930 632 coepit
1962 567 2035 635 effi
2049 578 2196 633 potens
2217 573 2263 619 in
2283 581 2417 625 terra.

414 643 461 690 Is
485 641 581 705 fuit
612 650 762 703 potens
795 638 1020 693 venatione
1058 652 1197 685 coram
1220 634 1457 699 Jehovah3
1489 643 1715 698 propterea
1748 633 1983 692 dicebatur,
2002 632 2119 697 ficut
2142 634 2329 690 Nimrod
2339 649 2421 700 po-

412 711 505 755 tens
527 708 750 754 venatione
772 720 911 752 coram
932 702 1150 768 Jehovah.
1220 702 1307 749 Per
1345 699 1500 750 Kusch
1537 699 1844 763 significantur
1871 699 1962 758 hic,
1997 712 2051 748 ut
2087 701 2229 765 prius,
2263 704 2422 773 cogni-

412 775 564 822 tiones
587 771 815 829 interiores
838 784 990 818 rerum
1014 766 1310 833 spiritualium
1341 767 1393 815 δε
1424 765 1677 817 coelestium
1697 785 1710 816 ι
1757 782 1840 831 per
1860 766 2150 816 Nimrodum
2172 766 2425 833 significan-

411 850 494 888 tur
518 838 600 896 illi,
635 838 716 903 qui
748 839 974 886 internum
999 834 1176 883 cultum
1215 832 1419 887 fecerunt
1456 845 1723 890 externum·,
1756 835 1820 882 ita
1848 848 1929 899 per
1943 833 2228 882 Nimrodum
2254 833 2424 899 signifi-

419 917 548 954 catur
569 905 668 953 talis
690 916 900 952 externus
923 902 1071 950 cultus
1090 924 1106 958 3
1141 901 1268 965 quod
1289 899 1444 951 Kusch
1464 901 1624 964 genuit
1643 899 1950 958 Nimrodum‚
1983 898 2048 948 est
2069 900 2197 965 quod
2219 901 2299 964 qui
2315 916 2426 966 cog-

421 973 612 1020 nitiones
634 971 900 1027 interiorum
923 969 1191 1025 habuerunt,
1225 967 1361 1018 talem
1386 966 1564 1014 cultum
1587 965 1886 1016 instituerint:
1923 967 1963 1013 is
1979 963 2069 1015 fuit
2091 978 2251 1031 potens
2273 967 2320 1014 in
2337 979 2426 1016 ter·

413 1054 496 1096 zra,
520 1036 755 1101 significat,
790 1035 918 1100 quod
955 1035 1055 1083 talis
1091 1033 1253 1098 religio
1290 1034 1340 1081 in
1374 1033 1574 1081 Ecclesia
1611 1033 1799 1080 invaluit
1817 1055 1833 1088 ·,
1884 1045 2001 1081 terra
2038 1031 2102 1081 est
2124 1032 2339 1090 Ecclesia,
2371 1047 2428 1082 ut

418 1105 579 1168 prius:
615 1104 653 1150 is
675 1100 762 1150 fuit
783 1114 942 1167 potens
964 1101 1200 1149 venatione
1231 1115 1384 1148 coram
1398 1095 1630 1165 'Jehovah,
1667 1098 1887 1162 fignificat
1907 1097 2035 1162 quod
2074 1098 2230 1147 multis
2252 1098 2429 1163 persua·

426 1169 553 1218 serit:
607 1181 841 1233 propterea
872 1167 1123 1224 dicebatur,
1173 1165 1289 1213 ficut
1324 1164 1528 1214 Nimrod
1567 1177 1730 1228 potens
1753 1165 1990 1213 venatione
2026 1180 2180 1212 coram
2205 1166 2430 1226 Jehovah,

420 1235 664 1299 significat,
699 1234 805 1297 quia
820 1244 915 1280 tam
940 1233 1074 1280 multi
1095 1231 1487 1296 persuadebantur,
1521 1230 1650 1295 quod
1673 1230 1769 1278 talis
1792 1228 1992 1278 formula
2012 1228 2202 1278 solennis
2225 1228 2356 1290 facta,
2380 1233 2431 1282 ὅτ

421 1317 565 1366 porro
588 1300 825 1364 fignificat,
859 1298 985 1362 quod
1008 1297 1106 1345 talis
1136 1296 1296 1361 religio
1315 1295 1444 1345 facile
1466 1298 1642 1345 animos
1666 1295 1904 1344 hominum
1921 1307 2083 1360 captet.

501 1384 518 1414 1
535 1381 640 1428 174.
678 1365 824 1430 Qod
861 1382 941 1429 per
973 1363 1128 1413 Kusch
1155 1363 1464 1428 significentur
1508 1363 1788 1427 cognitiones
1834 1363 2063 1409 interiores
2110 1378 2260 1411 rerum
2305 1362 2430 1426 spiri·
2489 1415 2491 1418 Α

422 1432 625 1481 tualium
646 1431 698 1480 δε
714 1429 990 1489 coelestium,
1027 1428 1199 1480 constat
1230 1429 1287 1477 ab
1322 1429 1427 1486 illis,
1461 1444 1568 1492 quae
1610 1429 1734 1493 prius
1762 1428 1830 1476 de·
1847 1427 2004 1476 Kusch
2035 1428 2155 1476 dista
2181 1429 2233 1477 &
2265 1427 2451 1490 ostensa-

424 1498 546 1546 ‘sunt.
1252 1538 1255 1541 .
2429 1506 2433 1511 ·

506 1583 524 1613 1
540 1580 645 1629 175.
682 1563 830 1628 Qod
851 1578 933 1627 per
951 1561 1243 1610 Nimrodum
1266 1560 1575 1625 fignificentur
1597 1559 1662 1608 illi
1678 1560 1759 1624 qui
1782 1561 2008 1609 internum
2022 1559 2210 1608 cultum
2234 1558 2438 1609 fecerunt
2492 1551 2502 1556 ’

425 1641 704 1686 «externum,
723 1632 773 1678 ὅτ
796 1627 923 1692 quod
947 1629 1007 1674 ita
1029 1643 1109 1691 per
1129 1627 1415 1676 Nimrodum
1445 1626 1723 1691 significetur
1749 1625 1848 1673 talis
1886 1639 2092 1674 externus
2124 1627 2292 1684 cultus,
2328 1642 2436 1675 con-

430 1696 543 1744 stare
566 1695 712 1759 potest
734 1694 791 1742 ab
813 1694 898 1742 illis
920 1709 1027 1757 quae
1060 1692 1338 1757 sequuntur3
1374 1693 1421 1741 in
1446 1692 1716 1740 antecessum
1739 1691 1812 1739 hic
1836 1691 2100 1749 dicendum,
2169 1693 2249 1740 uid
2271 1709 2352 1757 per
2368 1694 2437 1740 in-

430 1774 615 1810 ternum
653 1760 832 1808 cultum
872 1759 1013 1807 facere
1053 1773 1291 1809 externum
1324 1759 1621 1824 intelligitur;
1657 1758 1782 1823 prius
1820 1757 1998 1806 dictum
2025 1759 2075 1805 δε
2109 1709 2340 1806 ocilensum'
2358 1758 2438 1815 est,

435 1828 564 1892 quod
588 1830 788 1889 internus
810 1827 978 1883 cultuS‚
1012 1827 1091 1889 qui
1130 1826 1194 1874 est
1234 1842 1291 1874 ex
1324 1841 1479 1874 amore
1509 1826 1562 1874 &
1584 1825 1812 1882 charitate,
1847 1824 1902 1871 fit
1924 1823 2014 1888 ipse
2037 1823 2202 1879 cultus,
2238 1825 2287 1873 &
2311 1824 2439 1888 quod

427 1906 647 1942 ‘externus
669 1893 818 1941 cultus
839 1893 1002 1957 absque
1041 1893 1127 1940 hoc
1164 1894 1341 1940 interno
1377 1892 1527 1941 nullus
1558 1891 1709 1939 cultus
1732 1891 1817 1947 fit;
1854 1902 1899 1938 at
1921 1890 2099 1938 cultum
2123 1892 2354 1938 internum
2375 1889 2440 1936 fa-

431 1976 539 2008 cere
568 1971 804 2008 externum
833 1959 912 2017 est,
949 1958 1126 2006 cultum
1149 1971 1386 2006 externum
1424 1958 1691 2006 essentialem
1715 1954 1856 2005 facere
1879 1973 1974 2022 prae
2001 1958 2193 2013 interno,
2227 1955 2355 2020 quod
2378 1955 2442 2003 est

442 2024 670 2072 inversum
699 2026 876 2089 prioris,
935 2025 1047 2072 ficut
1089 2025 1252 2082 dicere,
1287 2024 1410 2088 quod
1446 2025 1598 2072 nullus
1627 2023 1776 2071 cultus
1821 2023 1890 2082 sit,
1914 2025 2114 2070 internus
2159 2021 2321 2085 absque
2361 2037 2440 2068 ex-

436 2104 588 2148 terno,
623 2107 732 2139 cum
755 2104 907 2138 tamen
930 2092 991 2138 ita
1012 2091 1053 2138 se
1075 2091 1224 2148 habet,
1258 2092 1386 2154 quod
1419 2091 1571 2138 nullus
1609 2090 1757 2138 cultus
1779 2101 1991 2136 externus
2024 2087 2078 2135 fit
2112 2087 2274 2150 absque
2305 2089 2441 2134 inter-

440 2163 542 2214 no}
574 2157 731 2221 religio
754 2157 936 2204 illorum
969 2158 1050 2220 qui
1072 2156 1214 2204 fidem
1238 2155 1438 2221 separant
1460 2173 1486 2203 a
1516 2157 1726 2203 charitate
1757 2155 1856 2202 talis
1888 2153 1968 2210 est,
2004 2169 2168 2217 nempe
2199 2153 2326 2216 quod
2366 2152 2442 2200 illa

444 2238 552 2286 quae
585 2224 692 2271 fidei
725 2223 825 2271 sunt
860 2221 1099 2287 praeferant
1135 2223 1220 2270 illis
1254 2239 1359 2285 quae
1388 2222 1490 2270 sunt
1512 2221 1753 2276 charitatiS‚
1789 2219 1861 2270 seu
1897 2235 2004 2283 quae
2037 2220 2353 2283 cognitionum
2386 2218 2442 2264 fi-

447 2289 537 2346 dei,
573 2289 657 2336 illis
696 2306 803 2353 quae
845 2289 947 2336 sunt
990 2291 1118 2346 vitae,
1164 2290 1226 2335 ita
1262 2287 1466 2336 formalia
1488 2303 1584 2352 prae
1605 2280 1898 2337 essentialibus
1919 2308 1935 2341 ·‚
1992 2288 2140 2332 omnis
2177 2282 2325 2332 c‘ultus
2364 2300 2441 2331 ex-

445 2365 598 2402 ternus
627 2355 690 2404 est
721 2354 907 2402 formale
930 2354 1078 2401 cultus
1117 2355 1294 2411 interni,
1330 2370 1436 2401 nam
1471 2354 1670 2400 internus
1706 2352 1768 2399 est
1807 2353 1821 2398 i
1856 2351 1954 2398 sum
1986 2351 2221 2408 essentiale,
2255 2367 2311 2398 ex
2350 2349 2444 2398 for-

445 2420 557 2468 mali
578 2420 739 2485 absque
771 2420 849 2468 suo
869 2420 1079 2478 essentiali
1100 2417 1241 2467 facere
1262 2421 1456 2476 cultum,
1481 2419 1544 2467 est
1566 2420 1792 2466 internum
1835 2428 1958 2471 'acere
1980 2429 2215 2471 externum
2236 2439 2251 2473 ;
2286 2429 2338 2463 ut
2360 2433 2446 2481 pro

447 2486 679 2551 exemplo,
715 2486 748 2533 fi
771 2487 872 2552 quis
895 2486 1084 2543 viveret,
1119 2485 1199 2533 ubi
1238 2502 1330 2534 non
1353 2485 1564 2543 Ecclesia,
1602 2502 1693 2533 non
1733 2485 2012 2548 praedicatio,
2048 2501 2141 2533 non
2164 2483 2446 2539 sacramenta,

449 2553 632 2600 nullum
656 2553 968 2609 sacerdotium,
1004 2552 1130 2616 quod
1167 2554 1203 2599 is
1242 2569 1333 2600 non
1372 2551 1512 2616 poffet
1541 2551 1712 2608 salvari,
1748 2564 1824 2599 aut
1847 2550 2006 2597 habere
2030 2551 2226 2613 aliquem
2250 2549 2444 2604 cultum,

451 2634 565 2666 cum
588 2631 740 2667 tamen
764 2620 799 2666 is
821 2635 878 2666 ex
901 2622 1076 2666 interno
1099 2620 1232 2682 poffit
1253 2619 1398 2666 colere
1414 2618 1673 2666 Dominum
1698 2639 1712 2673 3
1747 2618 1822 2664 sed
1845 2617 1949 2663 inde
1971 2633 2064 2663 non
2086 2615 2298 2678 sequitur,
2323 2614 2451 2676 quod

451 2697 660 2733 externus
692 2685 829 2733 abeffe
866 2685 1055 2740 debeat;
1107 2697 1158 2732 ut
1192 2682 1463 2738 manifestius
1501 2696 1664 2749 pateat,
1701 2684 1755 2733 fit
1777 2697 1961 2746 quoque
1992 2698 2077 2745 pro
2099 2680 2329 2743 exemplo,
2364 2695 2447 2743 po-

453 2766 558 2798 nere
581 2751 727 2814 ipsum
749 2752 964 2799 essentiale
987 2751 1134 2806 cultus
1157 2752 1204 2798 in
1223 2767 1294 2808 eo,
1330 2764 1382 2799 ut
1404 2750 1685 2815 frequentent
1707 2748 1940 2804 Ecclesias,
1975 2748 2137 2799 obeant
2164 2745 2448 2803 sacramenta,

450 2815 637 2863 audiant
669 2818 1024 2879 praedicationeS‚
1070 2830 1214 2874 orent,
1249 2816 1484 2865 observent
1519 2815 1642 2874 festa,
1676 2817 1727 2863 ὅτ
1767 2814 1896 2877 plura
1933 2829 2038 2876 quae
2080 2823 2261 2859 externa
2296 2812 2347 2860 &
2379 2828 2452 2859 ce-

459 2884 721 2929 remonialia
747 2883 862 2940 sunt,
897 2885 948 2932 δε
979 2883 1242 2947 persuadere
1275 2884 1357 2931 fibi
1395 2883 1521 2947 quod
1568 2883 1665 2933 haec
1688 2879 1787 2928 satis
1825 2878 1925 2934 fint,
1983 2878 2212 2941 loquendo
2243 2877 2301 2925 de
2341 2878 2451 2935 fide,

459 2961 570 3008 quae
612 2949 764 2994 omnia
797 2949 899 2996 sunt
943 2948 1150 2996 formalia
1187 2949 1336 2996 cultus
1355 2950 1378 3004 ξ
1405 2949 1484 3012 qui
1515 2963 1626 2994 vero
1655 2945 1830 2992 cultum
1870 2957 1928 2990 ex-
1962 2960 2113 2992 amore
2153 2946 2202 2991 &·
2241 2943 2453 2992 charitate

459 3011 732 3059 essentialem
761 3012 947 3071 faciunt,
981 3016 1012 3060 ii
1050 3014 1251 3070 fimiliter
1273 3012 1459 3070 faciunt,
1494 3027 1658 3075 nempe
1694 3009 1980 3073 frequentant
2001 3004 2238 3067 Ecclesias‚
2284 3010 2457 3058 obeunt
2531 3009 2535 3012 ⁴

468 3076 752 3136 sacramenta,
789 3079 978 3133 audiunt
999 3081 1355 3142 praedicationeS,
1389 3090 1532 3134 orant,
1568 3076 1802 3124 observant
1839 3074 1962 3134 festa,
1995 3077 2047 3125 ὅτ
2085 3076 2230 3139 plura,
2272 3077 2320 3122 δε
2354 3076 2454 3123 haec

467 3143 725 3193 admodum
746 3143 984 3209 diligenter
1004 3146 1054 3193 &
1078 3145 1279 3202 sollicite,
1314 3144 1388 3194 sed
1419 3145 1466 3191 in
1502 3143 1587 3192 illis
1610 3154 1903 3207 non-ponunt
1933 3142 2150 3192 essentiale
2181 3141 2362 3196 cultus;
2409 3143 2456 3186 in

2292 3206 2457 3255 horum
