2788 3736
834 274 1263 340 CAPUT
1355 249 2016 338 DECIM'UM.1·
2300 279 2428 362 335

405 429 543 479 quare
565 412 612 460 in
635 410 792 459 Verbo
823 411 914 468 illa,
949 427 1057 475 quae
1087 409 1254 459 amoris
1281 418 1360 457 aut
1397 407 1622 456 charitatis
1644 406 1764 465 sunt,
1798 406 2118 472 exprimuntur
2138 421 2221 472 per
2242 406 2408 456 domos

405 492 460 530 ut
479 481 532 528 &
559 495 642 543 per
673 476 881 535 familias,
917 478 1084 542 quibus
1117 473 1444 525 confirmandis
1467 474 1541 522 hic
1571 489 1665 522 non
1689 474 2070 530 immorandum3
2105 474 2235 538 quod
2257 474 2426 522 domus

401 546 628 611 fignificet
648 545 768 602 talia,
803 545 1011 592 videatur
1033 561 1092 592 n:
1123 559 1235 605 710.
1306 540 1454 605 Qod
1476 540 1648 589 Gentes
1671 540 1926 603 fignificent
1954 552 2204 604 utrumque
2225 542 2272 588 in
2294 557 2425 589 com-

404 613 554 670 muni,
591 611 761 659 constat
781 627 837 658 ex
871 610 1199 673 significatione
1227 609 1377 672 gentis
1406 606 1481 655 seu
1504 607 1716 671 gentium
1741 607 1787 652 in
1810 606 1999 663 Verbo3
2035 607 2206 654 Gentes
2229 608 2276 655 in
2300 608 2425 656 bono

404 678 530 727 sensu
563 677 820 742 significant
848 677 1101 724 voluntaria
1134 675 1186 724 &
1226 673 1542 722 intelledmalia
1584 687 1719 728 nova,
1767 673 1960 735 proinde
2008 672 2125 720 bona
2171 676 2336 722 amoris
2371 676 2421 723 &
2442 674 2458 715 s

401 761 509 793 vera
546 744 671 801 fidei,
707 755 754 791 at
784 744 831 791 in
868 741 990 790 sensu
1028 741 1239 805 oppofito
1261 739 1519 804 fignificant
1542 738 1661 787 mala
1682 739 1733 786 δε
1767 736 1887 794 falsa,
1923 739 2127 786 fimiliter
2148 742 2300 797 etiam,
2336 741 2422 787 do-

402 828 524 869 mus,
559 809 762 868 familiae,
798 809 988 872 linguae,
1021 807 1151 872 quod
1182 806 1421 871 permultis
1454 805 1716 854 confirmari
1747 803 1898 868 potest
1920 821 1945 851 a
1967 804 2156 861 Verb03
2191 806 2318 853 causa
2338 807 2420 864 est,

397 880 507 942 quia
529 877 854 940 Antiquiffirna
875 874 1076 923 Ecclesia
1111 873 1317 922 distincta
1339 871 1428 921 fuit
1450 874 1497 920 in
1528 872 1710 928 domm,
1747 871 1792 918 in
1826 868 2036 927 familias,
2069 871 2119 918 ὅτ
2150 872 2196 918 in
2230 885 2385 935 gentes
2402 895 2419 927 3

398 940 598 993 domum
622 941 952 990 constituerunt
973 939 1192 1005 conjuges
1231 955 1342 988 cum
1386 938 1536 987 liberis
1571 939 1622 986 δε
1653 953 1763 986 cum
1795 935 1930 984 servis
1959 937 2010 985 &
2046 937 2251 993 ancillis;
2288 937 2420 985 fami-

395 1011 502 1060 liam
528 1008 856 1058 constituerunt
877 1008 1028 1072 plures
1051 1008 1220 1059 domus
1242 1021 1352 1069 quae
1375 1021 1470 1053 non
1493 1005 1632 1068 longe
1671 1004 1729 1052 ab
1749 1004 1948 1051 invicem
1970 1002 2224 1060 distabant;
2260 1018 2419 1068 gentes

395 1089 550 1125 autem
573 1074 900 1136 constituerunt
935 1073 1086 1137 plures
1110 1071 1299 1120 familiae
1317 1093 1334 1127 3
1369 1071 1476 1119 inde
1498 1071 1671 1119 Gentes
1712 1069 2026 1134 fignificabant
2062 1072 2110 1117 in
2150 1086 2246 1118 uno
2286 1087 2416 1119 com·

396 1143 537 1207 plexu
561 1157 719 1191 omnes
741 1139 932 1187 familias
955 1138 1090 1187 simul
1111 1160 1126 1195 ;
1162 1137 1365 1186 fimiliter
1388 1137 1431 1186 se
1453 1137 1588 1186 habet
1611 1138 1659 1185 in
1680 1136 1839 1194 Coelo,
1858 1135 1933 1184 sed
1955 1137 2169 1185 omnium
2193 1136 2419 1200 respeCkus

398 1210 462 1257 ibi
484 1209 549 1257 est
569 1206 722 1273 quoad
743 1221 950 1254 amorem
971 1205 1022 1254 δε
1038 1204 1182 1253 fidem
1198 1205 1246 1252 in
1267 1206 1548 1262 Dominum,
1584 1221 1644 1251 n:
1670 1205 1781 1266 685.
1851 1203 1963 1251 Inde
1988 1219 2110 1251 nunc
2146 1203 2416 1269 significatio

397 1276 623 1326 Gentium
639 1274 686 1321 in
703 1271 827 1320 sensu
844 1274 1039 1329 interno,
1073 1270 1202 1336 quod
1217 1271 1272 1318 fit
1294 1287 1544 1320 commune
1562 1270 1867 1334 complestens
1891 1282 1986 1317 tam
2009 1270 2262 1318 voluntaria
2276 1287 2418 1334 quam

394 1339 722 1397 intellectualia,
757 1338 831 1387 seu
854 1338 983 1402 quod
1014 1337 1138 1386 idem
1161 1337 1241 1395 est,
1281 1348 1377 1386 tam
1411 1353 1518 1401 quae
1549 1337 1652 1384 sunt
1674 1338 1841 1385 amoris
1865 1351 2008 1400 quam
2030 1353 2136 1399 quae
2161 1336 2263 1384 sunt
2285 1338 2413 1395 fidei,

394 1405 639 1473 respestiv'e
662 1406 720 1454 ad
742 1402 932 1454 familias
960 1405 1012 1454 &
1029 1404 1195 1452 domos
1234 1418 1292 1451 ex
1329 1402 1513 1468 quibus,
1549 1403 1607 1451 de
1629 1403 1699 1451 his
1738 1403 1977 1450 videantur
2000 1404 2138 1451 etiam
2161 1420 2268 1467 quae
2288 1405 2415 1468 prius

392 1491 452 1522 n:
478 1490 595 1539 470,
630 1485 746 1538 471,
780 1475 893 1536 483.
963 1471 1041 1519 Ex
1072 1471 1143 1518 his
1174 1469 1363 1528 constat,
1410 1470 1539 1534 quod
1579 1482 1734 1534 gentes
1769 1468 2028 1533 significent
2060 1482 2311 1534 utrumque
2358 1473 2408 1519 in

392 1541 668 1595 communi;
711 1538 763 1587 &
795 1537 924 1603 quod
953 1536 1171 1602 quaelibet
1201 1535 1336 1601 juxta
1371 1536 1578 1601 linguam
1618 1536 1760 1593 suam,
1788 1534 1923 1599 juxta
1957 1534 2148 1584 familias
2188 1535 2301 1603 suas,
2351 1539 2404 1585 &

392 1607 546 1671 quoad
584 1616 742 1671 gentes
778 1603 891 1662 suaS,
931 1603 1193 1668 fignificent
1209 1605 1400 1668 genium
1430 1602 1626 1668 cujusvis
1660 1604 1876 1661 hominiS,
1913 1601 2117 1661 familiae,
2153 1604 2317 1667 gentis,
2353 1603 2415 1652 ad

393 1688 535 1738 quam
559 1673 710 1721 cultus
734 1670 791 1719 ab
816 1670 1016 1719 Ecclefia
1038 1672 1248 1734 Antiqua
1271 1669 1503 1718 derivatus
1525 1670 1603 1717 est.

467 1741 605 1789 1160.
641 1737 782 1786 Vers:
810 1737 854 1784 6.
890 1739 956 1787 Et
977 1735 1071 1796 filii
1091 1737 1226 1784 Cham
1245 1759 1261 1792 ς
1309 1737 1468 1799 Kufib‚
1503 1736 1559 1785 &³
1599 1737 1838 1793 Mizraim‚
1876 1737 1933 1788 ἐρ’
1957 1736 2099 1793 Puth,
2135 1736 2191 1785 ἐξ
2213 1737 2408 1786 Canaan,

391 1805 483 1853 Per
504 1806 652 1852 Cham
691 1803 985 1867 significatur,
1020 1802 1094 1849 hic
1133 1814 1186 1859 ut
1216 1803 1360 1867 prius,
1418 1802 1532 1850 fides
1571 1801 1764 1866 separata
1794 1819 1821 1849 a
1866 1802 2108 1859 charitate;
2166 1818 2250 1867 per
2289 1803 2410 1850 filios

393 1870 578 1928 Chami,
613 1885 721 1934 quae
743 1868 852 1917 fidei
875 1869 1086 1934 separatae
1109 1867 1244 1917 sunt:
1287 1867 1458 1926 Kusch‚
1493 1869 1733 1926 Mizraim,
1770 1868 1895 1916 Puth
1916 1869 1967 1918 δε
1991 1869 2189 1925 Canaan,
2226 1867 2413 1918 fuerunt

389 1938 587 1986 totidem
611 1949 787 2001 gentes,
822 1951 904 1999 per
942 1951 1053 2000 quas
1081 1935 1128 1982 in
1151 1933 1274 1983 sensu
1298 1935 1476 1984 interno
1504 1935 1814 1999 fignificantur
1852 1936 2153 2000 cognitiones,
2189 1934 2407 1993 scientiae,

391 2004 443 2053 &
465 2004 632 2060 cultus,
666 2018 773 2066 quae
799 2001 900 2049 sunt
923 2001 1031 2049 fidei
1054 2000 1265 2066 separatae
1289 2018 1315 2049 a
1337 2001 1561 2050 charitate.

368 2111 373 2114 .
468 2089 487 2119 1
502 2070 606 2119 161.
643 2067 895 2133 Qod-per
917 2067 1064 2116 Cham
1090 2068 1369 2131 significetur
1391 2067 1504 2116 fides
1528 2067 1724 2133 separata
1757 2085 1784 2117 a
1814 2068 2045 2126 charitate,
2080 2066 2253 2116 constat
2273 2067 2330 2116 ab
2352 2067 2406 2115 il-

392 2137 464 2196 lis,
500 2151 608 2200 quae
624 2135 671 2182 in
688 2136 850 2199 Capite
865 2150 989 2198 praec
1009 2152 1020 2182 ε
1047 2134 1104 2183 de
1120 2135 1302 2183 Chamo
1317 2134 1436 2183 dieta
1454 2134 1506 2183 &
1527 2134 1695 2183 ostensa
1712 2134 1828 2184 sunt.
1910 2156 1918 2163 ·

465 2222 480 2251 1
497 2203 601 2251 162.
638 2201 784 2266 Qod
820 2217 903 2265 per
941 2201 1060 2249 filios
1084 2201 1249 2249 Chami
1281 2201 1590 2266 significentur
1621 2218 1730 2266 quae
1765 2202 1874 2250 fidei
1901 2200 2109 2264 separatae
2142 2201 2261 2259 sunt,
2297 2201 2404 2249 inde

390 2267 615 2332 sequitur·,
652 2279 706 2315 ut
745 2267 842 2314 sciri
872 2269 1006 2331 posfit
1043 2267 1159 2332 quid
1181 2269 1349 2325 Cham,
1382 2269 1434 2316 ὅτ
1474 2268 1579 2316 inde
1609 2269 1724 2332 quid
1746 2269 1828 2316 filii
1853 2269 2035 2326 Cliami,
2071 2268 2304 2316 sciendum
2338 2267 2403 2315 est

388 2333 506 2398 quid‘
520 2333 632 2380 fides
650 2332 846 2395 separata
868 2350 894 2380 a
915 2333 1127 2383 charitate
1146 2357 1162 2391 3
1197 2334 1309 2383 fides
1333 2334 1525 2398 separata
1540 2351 1565 2382 a
1580 2335 1792 2383 charitate
1814 2334 1878 2382 est
1894 2335 2016 2382 nulla
2033 2334 2162 2392 fides,
2203 2334 2281 2382 ubi
2299 2334 2403 2382 nul-

339 2452 341 2458 !
390 2400 432 2447 la
454 2399 585 2456 fides,
619 2399 770 2446 nullus
803 2397 867 2446 est
904 2400 1072 2458 cultus,
1108 2417 1256 2465 neque
1294 2402 1514 2460 internus,
1550 2417 1695 2466 neque
1726 2414 1956 2459 externuS,
1993 2401 2026 2449 si
2050 2401 2209 2465 aliquis
2232 2401 2398 2459 cultus,

389 2466 454 2515 est
476 2464 627 2513 cultus
650 2477 906 2528 corruptuS,
941 2482 1078 2529 quare
1109 2483 1192 2530 per
1227 2467 1459 2516 Chamum
1498 2470 1664 2532 pariter
1692 2468 1970 2531 significatur
2009 2467 2158 2515 cultus
2202 2470 2402 2515 internus

387 2542 655 2594 corruptus:
693 2532 740 2577 in
762 2529 866 2578 falsa
880 2532 1095 2595 opinione
1116 2531 1233 2589 sunt,
1268 2535 1350 2598 qui
1372 2534 1515 2582 fidem
1540 2547 1709 2582 vocant
1731 2534 1869 2583 solam
1894 2534 2121 2582 scientiam
2145 2535 2398 2582 coelestium

386 2599 439 2647 ὅτ
464 2597 764 2662 spiritualium
798 2596 1040 2660 separatam
1065 2613 1091 2644 a
1112 2598 1342 2655 charitate,
1378 2615 1485 2647 nam
1515 2599 1744 2648 scientiam
1768 2601 1932 2648 habent
1955 2617 2052 2664 prae
2075 2601 2169 2648 aliis
2193 2601 2397 2664 quando-

387 2681 477 2728 que
500 2666 711 2712 omnium
735 2664 927 2728 peffimi,
963 2675 1015 2710 ut
1037 2665 1117 2726 qui
1141 2666 1188 2710 in
1212 2666 1439 2712 continuis
1478 2666 1594 2713 odiis
1634 2668 1684 2713 &
1715 2667 1947 2722 vindiffls,
1990 2668 2127 2730 inque
2150 2667 2398 2724 adulteriis,

313 2768 319 2772 .
387 2732 570 2788 vivunt,
595 2730 787 2794 proinde
807 2730 887 2792 qui
910 2726 1143 2777 infernales
1167 2729 1284 2787 sunt,
1321 2731 1371 2778 ὅτ
1394 2731 1496 2794 post
1518 2733 1661 2779 vitam
1686 2735 1887 2796 corporis
1912 2733 2030 2779 fiunt
2053 2732 2219 2779 diaboli
2239 2755 2254 2788 ·,
2291 2733 2398 2780 inde

387 2796 584 2844 constare
606 2795 770 2860 potest,
806 2795 932 2859 quod
956 2794 1134 2843 seientia
1156 2813 1249 2843 non
1273 2796 1328 2844 fit
1350 2797 1481 2854 fides,
1517 2796 1594 2844 sed
1618 2798 1730 2845 fides
1767 2799 1830 2846 est
1865 2799 2039 2862 agnitio
2074 2798 2257 2846 illorum
2293 2815 2399 2863 quae

386 2862 490 2910 sunt
511 2861 634 2919 fidei,
669 2863 720 2910 δε
744 2863 915 2927 agnitio
947 2861 1165 2926 nusquam
1205 2862 1269 2915 est
1301 2875 1484 2910 externa
1519 2862 1593 2911 sed
1630 2865 1817 2922 interna,
1854 2864 2006 2928 estque
2030 2865 2178 2912 Solius
2200 2867 2396 2913 Domini

386 2927 592 2992 operatio
613 2943 693 2990 per
714 2928 974 2976 charitatem
998 2931 1120 2992 apud
1136 2929 1391 2986 hominem,
1427 2931 1478 2977 δε
1501 2931 1672 2993 agnitio
1696 2930 1916 2994 nusquam
1940 2931 2004 2978 est
2029 2934 2118 2979 oris
2143 2931 2217 2979 sed
2242 2933 2304 2979 est
2326 2935 2397 2979 vi-

384 3007 464 3050 tae,
500 3010 557 3040 ex
577 2995 671 3039 vita
691 2993 885 3056 cujusvis
908 2994 1006 3042 sciri
1028 2995 1191 3058 potest,
1227 2997 1368 3060 qualis
1393 2997 1576 3059 agnitio.
1649 2997 1754 3044 Filii
1784 2998 1948 3045 Chami
1972 2999 2187 3046 dicuntur
2219 3016 2394 3055 omnes,

384 3061 463 3123 qui
488 3059 715 3106 scientiam
739 3062 1055 3122 cognitionum
1078 3062 1184 3108 fidei
1210 3062 1388 3120 habent,
1410 3065 1461 3110 ὅτ
1485 3080 1577 3110 non
1603 3064 1861 3112 charitatem
1881 3087 1894 3120 ;
1930 3065 2021 3111 five
2039 3064 2267 3113 scientiam
2286 3082 2395 3128 cog-

386 3127 614 3173 nitionum
635 3125 898 3172 interiorum
923 3127 1082 3184 Verbi,
1110 3123 1403 3192 ipsorumque
1421 3128 1515 3193 ejus
1540 3130 1857 3193 mysteriorum
1880 3154 1893 3186 ·,
1930 3131 2020 3178 five
2042 3131 2271 3179 scientiam
2296 3148 2398 3178 om-

383 3195 511 3240 nium
537 3207 642 3254 quae
666 3191 713 3236 in
729 3190 870 3236 Verbi
894 3190 1017 3238 sensu
1052 3193 1211 3241 literali
1256 3194 1391 3251 sunt·,
1451 3196 1541 3244 five
1588 3197 1816 3244 scientiam
1864 3199 2051 3244 aliarum
2076 3199 2334 3252 veritatum,
2372 3213 2395 3245 a

338 3316 344 3319 ι
382 3258 546 3326 quibus
570 3256 664 3304 illas
687 3254 878 3321 spediare
901 3257 1097 3320 possunt,
1132 3276 1409 3325 quocunque
1432 3264 1618 3311 nomine
1651 3264 1770 3319 fint;
1809 3265 1898 3312 five
1939 3265 2250 3328 cognitionem
2291 3279 2392 3308 om-

1359 3329 1407 3374 D
1434 3329 1463 3375 d
1490 3329 1521 3374 d
2258 3330 2390 3376 nium
