2788 3736
344 273 430 343 60
813 260 1860 335 .‘GENESI⁶S.

415 407 523 453 21'8.
559 399 697 448 Vers:
739 403 780 448 8.
833 400 897 446 Et
920 399 1180 448 audiverunt
1216 415 1356 448 vocem
1378 400 1562 464 Jehovae
1586 402 1689 461 Dei,
1719 404 1800 460 fibi
1837 415 2000 454 euntem
2040 407 2086 454 in
2115 406 2254 464 horto,
2301 406 2364 455 ad

343 486 495 518 auram
519 469 616 523 diei,
653 466 707 514 &
741 464 973 512 occultavit
1003 466 1053 529 ſse
1075 465 1208 522 homo,
1245 466 1301 515 ἐρ’
1340 482 1447 514 uxor
1481 469 1584 532 qj‘us,
1621 484 1649 514 a
1674 469 1795 529 facie
1815 471 1996 533 Jehovae
2021 473 2124 528 Dei,
2160 474 2205 520 in
2229 473 2360 522 medio

343 537 509 583 arboris
530 534 659 579 horti.
728 531 817 578 Per
837 546 1007 579 vocem
1033 530 1223 593 jehovae
1245 533 1336 580 Dei
1360 532 1442 579 fibi
1465 546 1648 581 euntem
1674 535 1720 580 in
1745 534 2194 601 hort0‚'intelligitur
2214 539 2357 586 dicta·-

346 618 470 656 men,
505 597 631 661 quod
655 596 948 652 metuebant3
985 597 1209 644 dictamen
1249 598 1312 644 est
1344 599 1572 646 residuum
1597 601 1912 662 perceptionis,
1947 604 2075 665 quod
2098 603 2356 659 habebant;

346 682 428 729 per
449 670 602 711 auram
625 662 698 710 seu
725 661 928 726 spiritum
951 663 1057 719 diei,
1093 663 1370 726 significatur
1389 676 1571 728 tempus
1595 681 1702 712 cum
1728 665 1874 719 adhuc
1899 666 2098 715 Ecclesia
2128 669 2359 716 residuum

345 731 525 779 haberet
547 729 604 777 de
634 731 920 793 perceptione
939 748 950 777 ε
986 744 1067 792 per
1090 729 1312 777 occultare
1336 730 1377 777 se
1398 746 1424 776 a
1458 728 1567 778 facie
1592 731 1782 792 Jehovae
1805 733 1912 789 Dei,
1947 732 2012 779 est
2034 733 2193 780 timere
2209 735 2349 782 dieta-

346 813 468 853 men,
504 796 616 843 sicut
645 794 800 851 solent,
825 796 903 858 qui
919 794 1081 842 conscii
1105 795 1238 842 mali:
1266 813 1346 859 per
1370 796 1578 844 medium
1601 796 1773 844 arboris·
1783 796 1920 854 horti,
1959 799 2005 845 in
2028 815 2124 862 quo
2147 797 2189 845 se
2206 799 2360 846 occul-

347 862 516 918 tabant,
552 860 830 926 significatur
854 863 1036 908 Bonum
1074 860 1287 918 naturale,
1325 863 1532 909 medium
1574 862 1756 919 dicitur,
1797 864 1924 926 quod
1961 865 2195 921 intimum,
2231 863 2363 912 arbor

347 928 410 974 est
432 929 661 990 perceptio
684 938 735 972 ut
759 926 934 974 dietum
956 928 1097 990 prius,
1134 926 1208 974 sed
1231 930 1336 991 quia
1357 944 1518 991 parum
1542 930 1859 992 perceptionis,
1897 929 1943 975 in
1966 930 2177 992 singulari
2195 930 2363 978 dicitur

347 994 493 1050 arbor,
530 994 642 1040 ficut
665 1008 754 1038 una
777 992 958 1039 residua.
1878 992 1886 995 ’

417 1076 527 1124 219.
564 1057 711 1122 Qod
733 1074 814 1121 per
835 1073 999 1106 vocem
1025 1059 1218 1121 Jehovae
1242 1060 1332 1108 Dei
1373 1059 1454 1109 sibi
1491 1070 1672 1108 euntem
1699 1059 1745 1107 in
1770 1059 1903 1109 horto
1926 1061 2203 1124 intelligatur
2225 1061 2364 1109 dieta-

349 1141 473 1181 men,
508 1125 635 1187 quod
672 1123 950 1180 metuebant,
987 1124 1185 1174 constare
1225 1125 1373 1188 potest
1411 1143 1437 1172 a
1474 1127 1798 1189 significatione
1821 1127 1962 1174 Vocis
2005 1128 2048 1174 in
2076 1127 2248 1184 Verbo,
2285 1127 2366 1175 ubi

347 1182 457 1238 Vox
480 1191 671 1251 Jehovae
711 1191 928 1253 accipitur
951 1206 1037 1254 pro
1060 1190 1164 1254 Ipso
1185 1191 1357 1248 Verbo,
1393 1207 1478 1255 pro
1501 1192 1722 1246 Dofflina
1762 1192 1889 1249 fidei,
1941 1209 2026 1256 pro
2060 1191 2368 1249 Conscientia,

349 1256 421 1303 feu
462 1257 634 1303 interna
670 1255 1088 1313 animadvertentia,
1123 1257 1259 1304 etiam
1283 1272 1368 1319 pro
1397 1259 1527 1304 omni
1551 1257 1885 1320 redarguitione
1910 1259 2035 1315 inde,
2072 1274 2209 1322 quare
2232 1260 2368 1306 etiam

350 1321 541 1369 fulmina
567 1332 786 1369 vocantur
806 1322 955 1369 Voces
978 1322 1188 1383 Jehovae,
1212 1335 1265 1370 ut
1281 1323 1402 1386 apud
1417 1323 1690 1383 Johannem,
1717 1328 1752 1350 ‘⁶
1772 1322 1980 1386 Angelus
2017 1324 2229 1371 clamavit
2251 1335 2362 1371 tunc

351 1393 385 1414 “
418 1403 533 1435 voce
557 1403 738 1451 magna,
773 1387 887 1434 sicut
908 1387 980 1435 leo
1000 1389 1140 1453 rugit,
1166 1404 1364 1452 cumque
1387 1388 1614 1446 clamavit,
1649 1388 1838 1452 loquuta
1859 1387 1961 1436 sunt
1983 1387 2151 1452 septem
2169 1390 2366 1437 tonitrua

344 1458 396 1511 “⁷
418 1470 538 1500 voces
575 1453 720 1509 suas,''
743 1454 909 1517 Apoc:
934 1470 993 1501 x:
1022 1471 1068 1517 3,
1091 1472 1138 1515 4.
1183 1470 1269 1518 pro
1307 1454 1433 1518 quod
1471 1466 1581 1503 tunc
1604 1469 1699 1502 vox
1735 1466 1915 1502 externa
1936 1455 1987 1502 δε
2010 1455 2206 1502 interna:
2243 1454 2367 1518 apud

352 1519 584 1576 Eundem,
622 1525 656 1546 “
680 1519 733 1566 In
750 1518 907 1566 diebus
929 1523 1046 1567 vocis
1065 1520 1242 1584 septimi
1266 1521 1454 1583 Angeli,
1480 1520 1839 1568 consumandum
1861 1519 1925 1567 est
1941 1519 2206 1583 mysterium
2227 1520 2369 1576 Dei?

352 1587 519 1648 Apoc:
547 1601 577 1632 x
596 1588 610 1633 ’τ
640 1601 684 1649 7,
720 1585 937 1632 similiter.
1008 1585 1155 1649 Apud
1194 1586 1441 1643 Davidem,
1495 1591 1530 1614 “
1565 1587 1752 1634 Cantate
1773 1588 1893 1643 Deo,
1943 1586 2113 1649 psallite
2135 1587 2360 1642 Domino,

357 1657 389 1677 “
423 1651 639 1714 equitanti
680 1649 809 1714 super
846 1651 975 1698 coelis
1012 1651 1238 1699 coelorum
1279 1653 1568 1716 antiquitatis,
1604 1668 1707 1700 ecce
1732 1651 1854 1699 dabit
1878 1654 1924 1699 in
1948 1669 2049 1706 voce
2071 1651 2161 1709 sua,
2198 1666 2360 1699 vocem

355 1722 388 1743 “
424 1717 648 1773 roboris,'’
671 1716 848 1764 Psalm:
876 1732 1074 1765 vai11:
1103 1735 1182 1781 33,
1211 1734 1287 1781 34.
1328 1718 1452 1765 Coeli
1470 1718 1697 1765 coelorum
1722 1718 2022 1780 Antiquitatis
2044 1734 2130 1781 pro
2153 1717 2362 1780 sapientia

353 1783 692 1845 Antiquiffimae
728 1781 977 1837 Ecclefiae;
1028 1798 1124 1830 vox
1162 1798 1247 1845 pro
1279 1783 1589 1840 Revelatione,
1626 1794 1729 1829 tum
1765 1798 1852 1845 pro
1890 1782 2132 1829 dictamine
2155 1783 2359 1830 interno:
2408 1775 2414 1785 ⁸

352 1848 473 1910 apud
497 1847 731 1904 Eundem,
769 1852 802 1874 “
827 1850 918 1894 Vox
941 1847 1133 1909 Jehovae
1156 1847 1288 1912 super
1310 1849 1434 1912 aquis
1454 1870 1468 1904 ;
1505 1851 1596 1897 Vox
1619 1848 1812 1908 Jehovae
1835 1849 1882 1895 in
1905 1848 2137 1911 potentia,
2174 1850 2267 1895 Vox
2283 1848 2362 1909 je-

355 1919 388 1940 “
424 1913 559 1961 hovae
589 1915 635 1960 in
655 1913 833 1976 gloria;
869 1915 961 1960 Vox
992 1913 1184 1974 Jehovae
1208 1911 1498 1977 confringens
1536 1914 1725 1977 cedros,
1777 1915 1869 1960 Vox
1899 1914 2092 1974 Jehovae
2130 1911 2362 1960 succidens

357 1984 390 2006 “
425 1979 627 2026 flammas
652 1980 802 2041 ignis·,
838 1980 929 2025 Vox
949 1978 1140 2039 Jehovae
1163 1978 1383 2041 trepidare
1405 1977 1513 2026 facit
1537 1977 1760 2025 desertum
1779 2000 1792 2034 ;
1816 1980 1909 2025 Vox
1932 1977 2126 2040 Jehovae
2144 1979 2362 2041 parturire

356 2049 390 2071 “
426 2043 533 2091 facit
556 2060 736 2099 cervas·,
773 2045 822 2091 δε
847 2043 1043 2091 denudat
1067 2043 1258 2107 sylvas,”
1281 2043 1457 2092 Psalm:
1486 2059 1627 2092 xxix:
1656 2062 1701 2107 3,
1726 2062 1775 2104 4,
1805 2059 1851 2106 5,
1881 2059 1926 2108 7,
1956 2048 2000 2100 8,
2029 2062 2072 2107 9.
2143 2044 2360 2106 Etrapud

356 2110 548 2166 Esaiam,
598 2115 631 2137 “
671 2110 834 2157 Audiri
858 2107 989 2157 faciet
1013 2110 1219 2170 Jehovah
1242 2110 1551 2160 excellentiam
1568 2113 1684 2158 vocis
1706 2110 1813 2166 suae,
1851 2125 1958 2156 nam
1981 2126 2007 2156 a
2029 2125 2142 2158 voce
2165 2109 2359 2170 Jehovae

360 2181 393 2203 “
429 2175 778 2223 consternabitur
802 2174 1032 2231 Ascbur,’'
1055 2192 1179 2224 xxx:
1206 2192 1281 2240 3ο,
1312 2194 1387 2240 31·

423 2259 532 2291 220.
569 2242 657 2288 Per
681 2257 846 2288 vocem
871 2241 949 2288 sibi
967 2254 1166 2299 euntem,
1192 2242 1473 2305 intelligitur,
1491 2242 1619 2306 quod
1635 2257 1797 2306 parum
1820 2241 2117 2304 perceptionis
2134 2240 2362 2289 residuum

356 2307 473 2364 esset,
510 2308 631 2370 quasi
656 2306 745 2354 sola
770 2307 868 2363 fibi,
903 2307 954 2355 &
977 2307 1099 2370 quasi
1123 2324 1216 2355 non
1239 2309 1405 2365 audita,
1429 2309 1556 2372 quod
1577 2325 1602 2356 a
1623 2308 1832 2371 sequente
1856 2306 2077 2354 versiculo
2099 2308 2235 2354 etiam
2253 2323 2362 2354 eon-

356 2373 454 2428 stat,
491 2374 570 2419 ubi
593 2373 774 2429 dicitur,
811 2372 939 2435 quod
972 2373 1231 2421 clamaverit
1255 2373 1461 2436 Jehovah
1493 2374 1550 2421 ad
1573 2374 1841 2428 hominem,
1878 2373 1990 2420 ficut
2019 2372 2142 2435 apud
2164 2372 2363 2433 Esaiam,

359 2443 392 2465 “
427 2442 518 2486 Vox
542 2438 761 2505 clamantis
790 2439 836 2485 in
861 2437 1047 2495 deserto,
1079 2455 1178 2486 vox
1210 2440 1342 2499 dixit,
1377 2439 1571 2496 clama,''
1595 2455 1686 2488 xz:
1727 2457 1772 2503 3,
1805 2439 1848 2486 6.
1893 2437 2129 2486 Desertum
2166 2454 2251 2501 pro
2270 2438 2362 2486 Ec-

358 2504 499 2561 clesia,
536 2505 614 2551 ubi
649 2504 772 2550 nulla
806 2504 937 2560 fideS,
973 2521 1066 2551 vox
1090 2505 1320 2553 clamantis
1353 2521 1440 2569 pro
1471 2506 1806 2553 annuntiatione
1829 2504 2047 2551 adventus
2070 2504 2279 2560 Domini,
2316 2505 2362 2550 in

358 2586 517 2632 genere
534 2586 619 2634 pro
638 2571 766 2619 omni
787 2570 1005 2618 adventus
1021 2570 1164 2633 Ipsius
1186 2572 1539 2629 annuntiatione,
1575 2583 1627 2619 ut
1650 2570 1772 2636 apud
1796 2581 2092 2633 regeneratos,
2117 2570 2281 2633 quibus
2298 2568 2361 2615 est

358 2637 594 2684 distamen.
2205 2650 2207 2653 ’

427 2719 535 2750 221.
573 2702 719 2766 Qiod
755 2718 838 2765 per
870 2718 1023 2750 auram
1063 2702 1136 2750 seu
1172 2703 1377 2766 spiritum
1410 2703 1498 2751 diei
1533 2702 1812 2766 significetur
1831 2694 2027 2763 tempuS,
2065 2715 2174 2747 cum
2213 2700 2361 2747 adhuc

366 2768 564 2814 Ecclesia
583 2768 809 2815 residuum
849 2768 1028 2815 haberet
1050 2769 1107 2815 de
1139 2771 1441 2833 perceptione,
1478 2770 1675 2817 constare
1696 2766 1841 2830 potest
1864 2782 1889 2812 a
1909 2766 2232 2828 significatione
2254 2767 2361 2812 Diei

364 2835 412 2879 &
431 2834 619 2880 Noffist
651 2835 963 2897 Antiquissimi
979 2835 1127 2881 Status
1141 2835 1355 2882 Ecclesiae
1370 2834 1686 2897 comparabant
1703 2831 1979 2894 temporibus
2003 2830 2090 2878 diei
2111 2832 2159 2877 δε
2183 2833 2325 2878 noetis
2347 2853 2361 2886 3

365 2899 644 2961 temporibus
683 2900 770 2945 diei
809 2916 917 2946 cum
955 2900 1100 2946 adhuc
1140 2901 1242 2947 effet
1282 2901 1327 2946 in
1361 2900 1480 2955 luce,
1516 2914 1652 2961 quare
1676 2897 1748 2943 hic
1774 2896 1943 2959 spiritui
1984 2895 2058 2942 seu
2090 2912 2211 2943 aurae
2251 2897 2359 2954 diei,

365 2979 475 3010 cum
523 2964 691 3027 aliquid
715 2965 942 3011 residuum
982 2967 1280 3029 perceptionis
1315 2964 1544 3020 haberent,
1589 2979 1644 3010 ex
1678 2978 1773 3025 quo
1809 2973 2032 3009 noverunt
2070 2962 2194 3024 quod
2220 2962 2357 3024 lapsi:

363 3030 593 3076 Dominus
626 3031 759 3076 etiam
783 3030 958 3076 statum
980 3031 1086 3077 fidei
1123 3030 1316 3094 appellat
1338 3032 1495 3085 Diem,
1543 3030 1593 3076 &
1619 3027 1784 3075 statum
1814 3027 1978 3074 nullius
2013 3026 2118 3073 fidei
2139 3029 2356 3084 Noctem,

364 3108 415 3142 ut
438 3095 559 3158 apud
583 3095 852 3157 Johannem,
906 3101 939 3122 ‘⁶
974 3097 1058 3143 Me
1081 3108 1260 3159 oportet
1280 3097 1451 3158 operari
1488 3111 1623 3158 opera
1645 3093 1802 3156 IpsiUS,
1839 3094 1938 3153 Qui
1962 3093 2082 3139 misit
2106 3094 2207 3150 Me,
2242 3109 2358 3156 quo-

367 3166 399 3186 “
435 3160 572 3223 usque
598 3162 704 3206 Dies
727 3161 804 3217 est,
840 3162 967 3207 venit
989 3161 1107 3218 Nox,
1144 3162 1327 3224 quando
1350 3163 1506 3208 Nemo
1542 3162 1707 3224 poterit
1730 3160 1949 3221 operari,”
1978 3174 2056 3207 ix:
2088 3177 2161 3218 14.
2209 3159 2360 3205 Status

369 3227 735 3289 Regenerationis
757 3227 952 3275 hominis
976 3228 1022 3273 in
1047 3228 1205 3291 Capite
1226 3229 1385 3276 Primo
1409 3227 1511 3276 ideo
1534 3224 1642 3273 dieti
1666 3225 1764 3273 sunt
1788 3226 1911 3272 Dies.

1557 3310 1580 3340 2
2249 3304 2359 3338 222.
