2788 3736
758 207 1189 319 emur
1277 216 1949 323 OCTAVUM.
2290 259 2425 342 263

413 398 471 450 fit
491 394 575 445 nifi
606 390 786 442 malum
809 392 858 440 &
883 389 1064 447 falsum,
1106 388 1166 438 de
1187 390 1345 438 natura
1363 388 1546 451 1²¹’0P1’fi
1575 388 1705 454 qUOd
1740 388 1860 446 φῶ*
1893 388 2136 445 videam*
2150 403 2264 458 '‘1¹¹ae
2282 395 2429 458 Pfius’

414 476 577 528 11:39,
601 478 684 522 41,
717 477 824 520 141,
856 475 966 522 150,
999 474 1108 521 154,
1135 474 1249 514 210,
1277 472 1386 521 215·
1458 455 1587 519 Qia
1609 457 1778 504 Manus
1800 454 2056 520 fignificant
2087 459 2135 506 ³¹²
2157 474 2320 525 genere
2341 478 2428 526 ΡΟ·

413 531 621 586 tentiam,
662 525 767 574 ideo
805 526 1000 588 Jehovae
1038 523 1114 572 seu
1137 524 1360 580 Domino,
1401 522 1450 570 in
1481 521 1655 579 Verbo,
1696 522 1930 570 multoties
1951 523 2212 586 tribuuntur
2233 527 2430 588 Manus,

411 598 464 646 ὅτ
487 596 550 645 ibi
574 610 655 658 per
677 594 850 642 Manus
882 593 931 640 in
971 590 1094 639 sensu
1120 591 1298 638 interno
1320 587 1589 652 intelligitur
1610 589 1974 652 Omnipotentia,
2010 603 2063 637 ut
2086 589 2208 656 apud
2227 592 2422 655 Esaiam,

414 669 453 693 aa
485 661 709 726 Jehovah,
747 660 938 712 exaltata
964 660 1028 706 est
1051 660 1222 706 Asianus
1239 656 1389 713 ff'uass⁹
1412 659 1532 702 xxv'r
1554 673 1567 703 :
1596 671 1660 712 11,
1697 671 1784 718 pro
1814 656 2023 703 Potentia
2042 657 2228 708 Divina.
2275 663 2425 727 Apud

412 730 650 786 Eundem,
689 732 723 756 κ
747 725 959 789 Jehovah
986 722 1191 772 extendit
1214 725 1404 771 Manum
1432 722 1579 786 suam,
1615 736 1776 769 omnes
1799 721 2179 782 consumuntur,'’
2201 742 2312 776 xxm
2334 735 2346 776 ἐ
2375 746 2421 793 3.

412 813 501 862 pro
535 796 745 844 Potentia
765 795 950 842 Divina.
1021 789 1171 853 Apud
1192 789 1430 847 Eundem,
1467 794 1502 816 “
1524 789 1670 852 Super
1696 799 1815 852 opus
1837 791 2052 838 Manuum
2075 794 2279 841 Mearum
2302 811 2424 859 prae-
2490 796 2493 799 ’

414 870 448 891 ιι
483 864 621 927 cipite
654 861 811 915 Mihi3
864 862 1030 907 Manus
1051 859 1170 905 Meae
1197 856 1511 920 expanderunt
1545 855 1722 912 Coelos,
1763 855 1814 903 &
1852 857 1983 903 omni
2014 859 2230 906 exercitui
2263 877 2423 911 eorum

417 936 454 959 a
487 927 737 994 praeoepi‘„
759 941 886 974 nv:
933 942 1009 981 11,
1042 941 1114 974 12,
1145 939 1231 987 pro
1254 925 1464 970 Potentia
1486 923 1688 971 Divina:
1723 923 1971 985 regenerati
1993 936 2215 971 vocantur
2236 926 2352 990 saepe
2375 931 2424 977 in

323 1031 333 1039 2
413 996 572 1046 Verbo
594 994 958 1059 opus'manuum
984 991 1212 1051 Jehovae·,
1270 990 1395 1053 apud
1421 989 1654 1045 Eundem,
1709 994 1744 1016 ‘⁶
1767 991 1934 1036 Μαηω
1955 992 2066 1038 Mea
2089 987 2299 1040 fundavit
2335 1007 2425 1042 ter-

414 1070 451 1094 “
484 1079 599 1120 ram,
633 1061 685 1109 &
709 1061 883 1107 Dextra
907 1061 1016 1106 Mea
1038 1057 1195 1121 palmo
1219 1054 1369 1103 mensa
1389 1055 1452 1103 est
1475 1055 1671 1112 coelos,’'
1700 1071 1898 1104 xmnn:
1935 1073 2009 1121 13.
2053 1072 2215 1106 manus
2238 1060 2289 1106 ὅτ
2312 1060 2425 1109 dex·-

413 1145 482 1179 tra
512 1145 598 1195 pro
620 1125 983 1189 Omnipotentia.
1054 1123 1202 1188 Apud
1226 1122 1460 1179 Eundem,
1497 1127 1531 1150 “
1555 1123 1691 1170 Num
1724 1121 1979 1170 abbreviata
2020 1122 2084 1170 est
2106 1127 2275 1173 &Ianus
2296 1130 2423 1186 Mba,

416 1204 451 1227 ‘⁴
484 1210 538 1246 ut
578 1210 671 1242 non
709 1191 765 1240 fit
801 1190 1043 1248 redemtio,
1074 1193 1124 1238 ὅτ
1149 1205 1263 1238 num
1288 1205 1381 1236 non
1410 1191 1457 1236 in
1482 1189 1568 1237 Me
1590 1190 1795 1237 Potentia
1827 1188 1884 1236 ad
1917 1190 2258 1254 eripiendum,-”
2294 1208 2351 1242 1.:
2379 1211 2424 1244 2.

412 1280 499 1330 pro
521 1260 730 1311 Potentia
757 1260 941 1306 Divina.
1011 1257 1159 1321 Apud
1180 1257 1448 1318 Jeremiam,
1484 1261 1520 1283 “
1545 1254 1757 1304 Eduxisti
1796 1257 2023 1319 populum
2061 1269 2196 1305 tuum
2219 1259 2426 1309 Israelem

413 1337 450 1360 ‘⁶
483 1347 508 1379 e
530 1342 646 1378 terra
667 1327 866 1390 AEgypti
899 1341 981 1413 per
1010 1324 1137 1388 figna
1175 1326 1226 1371 &
1262 1335 1485 1386 portenta,
1524 1323 1575 1370 ὅτ
1602 1339 1687 1386 per
1708 1325 1896 1371 Manum
1917 1323 2098 1386 fortem,
2133 1325 2184 1372 ὅτ
2207 1342 2289 1390 per
2309 1328 2426 1376 Bra-

415 1403 451 1427 ‘⁶
483 1397 624 1445 chium
655 1393 896 1456 extensum,'
946 1404 1109 1439 xxxu:
1154 1406 1211 1452 17
1255 1407 1330 1439 21.
1372 1405 1459 1453 pro
1497 1390 1708 1436 Potentia
1744 1390 1932 1447 Divina,
1974 1390 2054 1437 ubi
2099 1392 2147 1438 in
2179 1392 2307 1448 vers:
2349 1404 2424 1459 17⁴.

413 1464 639 1520 Potentia,
682 1462 731 1507 in
754 1458 881 1507 vers:
920 1475 975 1508 21
1008 1459 1200 1505 Manus:
1252 1457 1378 1521 quod
1419 1472 1502 1520 per
1524 1457 1725 1504 Manum
1757 1453 1941 1514 fortem,
1992 1457 2044 1504 ὅτ
2075 1473 2157 1521 per
2180 1459 2426 1510 Brachium

410 1529 646 1580 extensum
667 1526 821 1574 educti
856 1525 943 1572 fint
965 1540 1022 1572 ex
1044 1525 1275 1588 AEgypto,
1319 1522 1480 1586 saepius
1504 1523 1683 1570 dicitur.
1754 1523 1902 1587 Apud
1926 1524 2258 1583 Ezechielems
2292 1531 2327 1555 “
2350 1528 2427 1577 Sic

414 1604 450 1627 “
484 1597 602 1644 dixit
632 1596 865 1642 Dominus
889 1591 1103 1654 Jehovih,
1144 1595 1191 1638 in
1221 1590 1296 1638 die
1318 1606 1414 1653 quo
1435 1590 1553 1653 elegi
1576 1589 1800 1646 Israelem,
1821 1590 2039 1653 &sustuli
2062 1594 2251 1640 Manum
2274 1596 2428 1643 Mam

414 1669 449 1693 “
483 1663 641 1711 semini
662 1661 830 1708 domus
854 1658 1032 1721 Jacobi,
1066 1658 1118 1705 ὅτ
1140 1670 1276 1705 notus
1308 1655 1453 1704 factus
1475 1656 1577 1703 sum
1600 1651 1653 1703 iis
1673 1658 1722 1703 in
1746 1667 1862 1704 terra
1877 1657 2077 1721 AEgypti
2097 1675 2108 1704 :
2149 1659 2304 1720 Sustuli
2315 1664 2426 1709 Μα-

413 1737 449 1760 “
483 1747 582 1778 num
604 1730 755 1777 Mam
785 1725 888 1780 illis,
923 1725 979 1772 ad
1003 1723 1296 1771 educendum
1326 1738 1403 1770 eos
1435 1738 1460 1770 e
1491 1735 1607 1769 terra
1629 1723 1880 1786 AEgypti,'’
1904 1738 1996 1769 xx.-
2024 1740 2072 1787 5,
2099 1725 2146 1780 6,
2175 1741 2252 1788 23.
2298 1727 2424 1791 aPud

410 1795 594 1852 Mosen,
636 1799 672 1822 “
694 1792 830 1840 Vidit
867 1790 996 1839 Israel
1018 1794 1207 1838 Manum
1240 1805 1454 1852 magnam,
1489 1803 1633 1852 quam
1668 1787 1775 1835 fecit
1797 1787 2008 1849 Jehovah
2041 1791 2087 1836 in
2119 1790 2427 1856 AEgyptios,”

412 1862 578 1910 Exod:
605 1875 725 1907 x1v:
754 1875 829 1921 31.
866 1856 1015 1922 Qod
1045 1872 1128 1919 per
1155 1857 1356 1903 Manum
1393 1854 1671 1918 significetur
1693 1855 1916 1911 Potentia,
1947 1871 2002 1902 ex
2026 1855 2094 1903 his
2115 1873 2239 1905 nunc
2279 1862 2425 1908 mani·

410 1929 521 1976 feste
544 1940 702 1991 patet3
739 1926 838 1972 imo
869 1925 918 1971 in
953 1933 1134 1970 tantum
1159 1923 1331 1971 Manus
1363 1920 1636 1984 fignificavit
1651 1922 1928 1978 Potentiam,
1962 1934 2015 1969 ut
2047 1937 2232 1987 quoque
2256 1940 2423 1989 reprae-

411 1996 681 2044 sentativum
713 1990 904 2046 fafium,
939 2001 994 2038 ut
1024 1988 1196 2036 constat
1218 2006 1245 2037 a
1266 1987 1511 2044 miraculis,
1546 2003 1653 2051 quae
1688 1987 1804 2035 facta
1826 1987 1927 2035 sunt
1957 1989 2003 2035 in
2027 1989 2259 2053 AEgypto,
2295 1993 2423 2056 quod

411 2060 538 2110 Mofi
552 2059 831 2107 vmandatum
856 2068 910 2104 ut
925 2054 1183 2103 extenderet
1206 2054 1421 2102 baculum
1444 2067 1521 2101 aut
1541 2070 1748 2109 manum,
1785 2055 1834 2101 &
1852 2054 1910 2101 fic
1933 2054 2091 2102 fierent
2110 2078 2124 2111 ;
2162 2068 2231 2113 ut,
2273 2059 2423 2107 Moses

407 2135 449 2162 ·“
482 2127 670 2176 extendit
705 2128 909 2179 Manum,
961 2123 1011 2170 ὅτ
1048 2120 1166 2169 facia
1197 2121 1261 2168 est
1299 2121 1476 2185 grando
1514 2120 1643 2184 super
1682 2122 1999 2184 AEgyptum,”
2040 2122 2200 2171 Exod:
2231 2139 2302 2171 1x:
2343 2142 2420 2175 22,

412 2202 447 2226 ‘⁶
478 2193 637 2243 ‘Moses
660 2190 845 2240 extendit
868 2192 1055 2238 Manum
1094 2190 1145 2249 ὅτ
1181 2186 1313 2235 factae
1347 2187 1558 2244 tenebrae,
1593 2187 1756 2235 Exod:
1791 2203 1851 2236 x:
1879 2204 1901 2234 2
1917 2205 1956 2244 1,
1987 2204 2061 2236 22.
2103 2189 2256 2237 Moses
2280 2202 2422 2239 exten-

413 2270 448 2292 “
482 2263 548 2311 dit
570 2262 759 2308 Manum
781 2258 832 2304 ὅτ
857 2255 1071 2303 baculum
1102 2253 1233 2318 super
1266 2270 1387 2301 mare
1409 2253 1556 2317 Suph,
1591 2255 1641 2302 ὅτ
1665 2254 1965 2301 exficcabatur
1986 2277 1999 2310 ·,
2033 2256 2084 2302 ὅτ
2108 2257 2295 2304 extendit
2311 2262 2421 2306 Ma·

417 2336 452 2359 “
487 2344 603 2383 num,
638 2326 689 2373 ὅτ
727 2322 1072 2380 reducebatur,''
1113 2321 1276 2369 Exodt
1303 2337 1421 2369 xw:
1451 2338 1529 2377 21,
1557 2338 1633 2384 27.
1681 2337 1835 2377 nemo,
1869 2322 1943 2367 cui
1979 2320 2128 2385 aliqua
2167 2338 2294 2370 mens
2317 2341 2423 2372 vere

411 2393 662 2458 cogitandi,
699 2389 846 2454 potest
867 2389 1064 2446 credere,
1100 2389 1229 2453 quod
1251 2388 1422 2451 aliquid
1447 2389 1665 2451 potentiae
1687 2386 1822 2434 fuerit
1845 2388 1891 2433 in
1916 2403 2055 2435 manu
2089 2401 2165 2435 aut
2190 2391 2235 2437 in
2260 2390 2431 2438 baculo·

368 2473 371 2477 '
411 2462 574 2516 Molis,
609 2457 685 2505 sed
716 2459 835 2520 quia,
868 2455 1058 2502 sublatio
1098 2459 1148 2502 ὅτ
1180 2455 1379 2503 extenfio
1401 2471 1562 2502 manus
1596 2455 1867 2518 significavit
1900 2455 2157 2502 Potentiam
2179 2457 2430 2516 Divinam„

411 2532 549 2579 etiam
570 2519 1012 2587 Repraesentativum
1033 2519 1206 2569 factum
1229 2521 1293 2568 est
1317 2523 1364 2568 in
1383 2521 1580 2568 Ecclesia
1600 2522 1792 2581 judaica
1811 2543 1825 2576 3
1850 2520 2053 2568 fimiliter
2067 2537 2173 2569 cum
2189 2519 2326 2583 Josua
2342 2540 2419 2571 ex-

409 2595 612 2647 tenderet
643 2592 863 2645 lanceam,
899 2588 956 2634 de
978 2604 1068 2651 qua
1091 2591 1168 2644 ita,
1206 2592 1241 2614 “
1262 2587 1471 2648 Jehovah
1503 2587 1638 2642 dixit,
1674 2586 1841 2634 extende
1862 2587 2066 2644 lanceam,
2091 2606 2182 2653 quae
2204 2592 2250 2635 in
2272 2593 2420 2638 Manu

412 2671 447 2694 ‘⁴
482 2673 561 2710 tua
584 2658 642 2706 ad
665 2654 857 2720 Hajam,
894 2655 1000 2717 quia
1023 2655 1069 2700 in
1091 2669 1260 2700 manum
1283 2665 1411 2701 tuam
1435 2652 1551 2698 dabo
1576 2654 1699 2699 illam
1722 2676 1735 2708 3
1773 2669 1881 2700 cum
1924 2655 2127 2701 extendit
2149 2654 2288 2715 Josua
2326 2656 2422 2703 lan·

411 2738 448 2760 ‘⁶
481 2743 611 2782 ceam,
652 2740 744 2789 quae
780 2724 826 2770 in
847 2723 1009 2778 Manu,
1044 2731 1266 2767 venerunt
1302 2719 1349 2765 in
1372 2717 1552 2775 urbem,
1586 2732 1803 2782 ceperunt
1825 2735 1942 2774 eam,
1978 2720 2029 2766 ὅτ
2056 2720 2195 2779 Josua
2225 2737 2317 2768 non
2351 2739 2420 2769 re-

415 2803 451 2826 “
484 2795 618 2843 duxit
647 2793 851 2845 Manum,
886 2803 978 2851 qua
1006 2786 1207 2834 extendit
1230 2786 1447 2842 lanceam,
1484 2784 1622 2848 usque
1661 2775 1774 2832 dum
1809 2785 2044 2832 devoverit
2067 2802 2226 2834 omnes
2250 2788 2421 2837 habita-

414 2867 450 2891 “
484 2874 600 2908 tores
623 2855 781 2921 Ajae‚”
814 2854 924 2917 Jos:
950 2870 1087 2902 v111:
1118 2857 1192 2908 18,
1219 2853 1294 2899 26.
1329 2851 1491 2899 exinde
1519 2867 1707 2915 quoque
1746 2851 1936 2908 constat,
1981 2853 2227 2915 quomodo
2264 2854 2306 2902 se
2341 2855 2420 2905 ha·

413 2928 521 2975 bent
543 2922 942 2986 Repraesentativa,
977 2936 1086 2984 quae
1123 2918 1307 2967 fuerunt
1345 2931 1527 2966 externa
1558 2918 1773 2965 Ecclefiae
1796 2919 2036 2979 Judaicae3
2074 2919 2177 2967 inde
2216 2937 2420 2985 quoque,

412 2992 544 3058 quale
583 2989 646 3037 est
668 2989 897 3044 Verbum,
944 2999 999 3034 ut
1035 2987 1127 3042 illa,
1165 3003 1270 3050 quae
1302 2987 1349 3032 in
1382 2997 1567 3033 externo
1596 2982 1689 3049 ejus
1723 2984 1853 3032 sensu
1879 2984 1998 3042 sunt,
2032 3002 2131 3033 non.
2161 2984 2419 3050 appareant,

415 3061 528 3108 ficut
550 3054 700 3103 forent
717 3047 1083 3118 'repraesentativa
1105 3053 1316 3109 Domini,
1352 3053 1401 3100 ὅτ
1427 3054 1579 3116 Regni
1604 3051 1764 3115 Ipfius,
1801 3064 1852 3098 ut
1874 3052 1948 3099 hic
1980 3053 2105 3116 quod
2130 3054 2419 3102 extenderent

416 3136 623 3177 manum,
659 3120 708 3166 ὅτ
733 3119 934 3166 similiter
956 3121 1110 3166 omnia
1133 3120 1320 3182 reliqua,
1345 3135 1449 3182 quae
1475 3118 1696 3182 nusquam
1721 3130 1871 3181 patent
1894 3119 2021 3181 quod
2039 3119 2143 3166 talia
2164 3120 2266 3176 fint,
2304 3121 2417 3167 dum

414 3207 542 3240 mens
565 3197 742 3234 tenetur
774 3184 920 3231 solum
943 3187 988 3233 in
1014 3184 1233 3237 historicis
1266 3185 1407 3232 literae
1428 3207 1439 3235 ε
1475 3198 1600 3249 patet
1621 3185 1725 3231 inde
1759 3201 1945 3248 quoque
1968 3198 2190 3248 quantum
2216 3187 2369 3247 Juclaei
2392 3202 2419 3232 a

413 3274 523 3308 vero
547 3250 775 3304 intellectu
797 3250 958 3307 Verbi,
993 3252 1044 3298 ὅτ
1067 3252 1241 3300 rituum
1263 3252 1503 3309 Ecclefiae,
1534 3252 1801 3308 recefferint,
1835 3252 1948 3299 dum
1976 3252 2118 3300 modo
2143 3253 2189 3299 in
2224 3253 2427 3306 externis¹

2239 3332 2439 3366 omnem.
