2788 3736
630 218 990 336 oA‘PUT
1046 269 1569 333 DECIMUM
1616 259 2149 334 TERTIUM.
2227 296 2391 357 ‚521

373 409 655 469 ·ratiocinari,
691 410 820 475 super
842 424 983 472 quam
1009 407 1272 456 facultatem
1302 423 1401 470 prae
1443 406 1584 454 brutis
1607 407 1887 466 animalibus,
1924 424 2007 456 nec
2029 413 2140 458 t'unc
2175 411 2362 460 reflectit
2379 425 2411 468 ;ἶ

380 479 464 528 1ὲά
496 478 596 526 haec
626 478 753 526 causa
792 492 886 523 non
914 478 977 523 ita
998 475 1166 522 disunit
1188 475 1447 522 Externum
1469 474 1704 521 hominem
1743 475 1800 522 ab
1822 476 2022 533 Interno,
2058 493 2166 524 nam
2197 479 2410 526 maxima·

387 561 490 610 pars
514 546 757 604 hominum
789 544 838 590 in
874 543 952 597 tali
990 541 1301 589 incredulitate
1332 539 1412 597 est,
1464 541 1515 587 &
1553 539 1794 588 doctissimi
1825 557 1923 606 prae
1962 543 2267 606 simplicibus:
2319 545 2396 592 sed

386 612 516 676 quod
538 611 721 669 disunit,
759 609 822 657 est
843 609 1149 673 principaliter
1177 623 1305 654 amor
1341 606 1424 665 sui,
1458 618 1562 654 tum
1600 622 1785 670 quoque
1817 625 1946 656 amor
1984 611 2165 667 mundi,
2200 610 2276 659 sed
2300 625 2414 659 nonr

387 691 571 725 tantum
618 694 669 725 ac
715 692 843 724 amor
883 674 950 722 sui
971 697 991 731 ·,
1022 675 1150 740 quod
1194 674 1338 722 homo
1370 673 1459 720 hoc
1506 671 1684 737 nesciat,
1735 674 1863 722 causa
1908 674 1989 733 est,
2041 678 2149 739 quia
2184 679 2232 724 in
2270 679 2408 726 nulla'

387 745 598 792 charitate
619 745 758 800 vivit,
794 744 844 790 δε
868 757 979 789 cum
1002 743 1050 788 in
1087 740 1211 788 nulla
1232 741 1446 788 charitate
1475 740 1610 795 vivit,
1645 750 1756 786 tunc
1786 741 1842 786 ei,
1867 757 1960 788 non
1997 758 2206 806 apparere
2240 745 2414 809 ‚potest2

388 811 518 875 quod
542 806 636 858 vita
670 811 836 857 amoris
873 807 939 854 sui
978 808 1042 855 δι’
1065 805 1160 871 ejus
1200 807 1506 870 cupiditatum
1545 818 1643 853 tam
1681 808 1904 853 contraria
1940 808 1994 854 fit
2032 812 2175 856 amori
2199 811 2370 859 coelesti
2384 836 2413 868 ς·

389 877 454 925 est
475 880 611 925 etiam
635 878 682 923 in
706 891 859 923 amore
877 875 946 921 sui
969 875 1020 922 ὅτ
1043 871 1137 937 ejus
1161 872 1487 937 cupiditatibus
1509 884 1621 919 tunc
1655 872 1925 919 flammeum
1963 876 2217 936 quoddam,
2253 878 2303 925 δε
2326 880 2395 925 in-

389 943 447 991 de
462 942 743 1008 jucundum,
779 941 906 1006 quod
930 943 992 988 ita
1014 942 1153 988 afficit
1177 942 1340 996 vitam,
1376 951 1429 985 ut
1450 941 1532 985 vix
1570 938 1695 986 aliud
1734 937 1854 996 sciat,
1892 955 2030 1001 quam
2054 943 2182 1004 quod
2215 943 2307 1006 ipsa
2328 943 2412 992 fe:

388 1009 534 1057 licitas
566 1022 732 1057 aeterna
755 1009 801 1055 in
825 1024 882 1056 eo
905 1007 1128 1063 consistat,
1163 1022 1302 1069 quare
1340 1006 1476 1052 etiam
1501 1004 1653 1067 plures
1675 1018 1856 1068 ponunt
1894 1004 2155 1055 felicitatem
2178 1022 2395 1059 aeternam

393 1077 442 1129 in
463 1093 536 1133 eo,
572 1089 625 1123 ut
646 1074 749 1140 post
772 1077 916 1120 vitam
940 1074 1143 1134 corporis
1169 1072 1323 1134 magni
1350 1071 1476 1127 fiant,
1512 1071 1562 1117 &
1586 1070 1832 1119 serviantur
1866 1071 1923 1118 ab
1945 1072 2040 1120 aliis
2063 1076 2200 1121 etiam
2237 1076 2293 1123 ab
2316 1093 2395 1124 an-

388 1143 520 1207 gelis,
551 1158 661 1189 cum
685 1142 717 1187 ii
740 1139 851 1186 nulli
876 1137 1036 1184 servire
1059 1137 1220 1194 velint,
1255 1137 1337 1184 nifi
1372 1136 1433 1184 ob
1457 1136 1633 1185 causam
1657 1138 1887 1185 occultam
1912 1142 2099 1203 propter
2122 1140 2163 1188 se
2185 1154 2239 1188 ut
2262 1142 2397 1190 servi-

389 1202 553 1264 antur;
603 1205 731 1270 quod
765 1205 918 1252 dicant
947 1203 989 1250 se
1019 1202 1180 1250 servire
1215 1215 1325 1250 tunc
1349 1203 1463 1250 velle
1486 1205 1696 1250 Domino
1728 1203 1824 1260 soli,
1860 1204 1947 1251 hoc
1977 1204 2141 1253 falsum
2172 1207 2254 1265 est,
2289 1226 2414 1258 nam-

384 1276 468 1338 qui
504 1275 551 1321 in
596 1288 764 1320 amore·
783 1270 848 1317 sui
886 1270 1005 1326 sunt,
1040 1269 1204 1316 volunt
1236 1282 1290 1315 ut
1321 1270 1458 1316 etiam
1494 1270 1728 1317 Dominus
1764 1270 1850 1317 illis
1886 1270 2060 1330 serviat,
2096 1273 2147 1320 δε
2170 1288 2396 1338 quantum

386 1357 480 1400 non
504 1341 574 1397 fit,
609 1338 844 1394 recedunt,
880 1338 943 1384 ita
975 1338 1023 1383 in
1057 1336 1195 1383 corde
1235 1335 1315 1383 suo
1354 1334 1523 1392 ferunt,
1557 1337 1684 1399 quod
1710 1337 1804 1400 ‚ipfi
1826 1338 2023 1385 Domini
2047 1339 2191 1388 velint
2224 1342 2322 1389 fieri
2345 1345 2397 1391 δε

391 1423 578 1470 regnare
613 1405 744 1470 super
767 1402 1066 1458 universum;
1101 1401 1232 1466 quale
1256 1403 1460 1465 regimen
1484 1402 1572 1449 hoc
1610 1400 1744 1459 foret,
1780 1419 1892 1450 cum
1937 1404 2089 1466 plures
2132 1407 2240 1454 tales
2275 1407 2395 1466 sunt,

387 1474 486 1521 imo
509 1489 617 1522 cum
640 1486 816 1527 omnes,
851 1467 1039 1532 quisque
1063 1469 1265 1531 cogitare
1290 1468 1453 1531 potest,
1490 1484 1641 1514 annon
1659 1470 1866 1532 regimen
1890 1468 2119 1527 infernale,
2155 1473 2234 1519 ubi
2260 1476 2396 1522 unus-

345 1588 351 1600 ,
389 1539 578 1604 quisque
602 1537 644 1586 se
677 1549 799 1584 amat
833 1551 929 1600 prae
964 1533 1077 1590 alio,
1109 1534 1197 1581 hoc
1222 1534 1327 1581 latet
1351 1537 1398 1581 in
1422 1549 1576 1581 amore
1599 1534 1664 1581 sui
1685 1557 1699 1589 ;
1735 1535 1839 1582 inde
1863 1535 2063 1585 constare
2084 1539 2230 1602 potest
2253 1542 2401 1604 qualis·

379 1605 454 1658 ¹est
475 1607 605 1653 amor
628 1603 710 1658 sui,
745 1604 883 1650 etiam
907 1617 967 1648 ex
990 1617 1046 1648 eo
1068 1601 1196 1664 quod
1221 1600 1435 1647 recondat
1459 1603 1507 1647 in
1530 1599 1572 1648 se
1594 1601 1756 1648 odium
1782 1614 1938 1650 contra
1954 1619 2114 1651 omnes
2137 1607 2219 1669 qui
2241 1606 2282 1653 se
2306 1624 2399 1655 non

294 1705 298 1712 -
338 1680 342 1682 ’
389 1670 634 1737 subjiciunt
669 1671 711 1717 ei
744 1681 797 1715 ut
818 1667 981 1724 servos,
1016 1667 1068 1714 &
1106 1667 1213 1730 quia
1250 1666 1432 1727 odium,
1465 1668 1603 1714 etiam
1639 1667 1877 1724 vindictas,
1913 1670 2213 1729 crudelitates,
2248 1673 2398 1732 dolos,

335 1752 341 1760 ·
385 1741 439 1788 δι
462 1739 594 1802 plura
616 1734 821 1799 nefanda.
895 1735 1049 1782 Amor
1072 1744 1226 1782 autem
1250 1745 1456 1789 mutuuS,
1492 1734 1573 1796 qui
1607 1732 1724 1781 solus
1764 1733 1973 1791 coelestis,
2009 1737 2054 1783 in
2091 1754 2147 1784 eo
2181 1740 2396 1798 confistit,

389 1805 519 1869 quod
543 1804 585 1851 se
617 1820 710 1851 non
733 1800 879 1849 solum
903 1801 1039 1858 dicat,
1076 1798 1383 1864 sed-agnoscat
1420 1802 1470 1848 &
1494 1799 1662 1857 credat,
1697 1800 1827 1864 quod
1866 1801 2200 1864 indignissimus
2234 1805 2304 1863 sit,
2342 1808 2419 1855 &⁴

390 1870 522 1935 quod
554 1870 645 1918 vile
678 1868 919 1933 *quoddam
952 1868 1002 1915 δι·
1041 1865 1274 1931 spurcum,
1321 1866 1450 1930 quod
1481 1867 1713 1914 Dominus
1757 1883 1814 1914 ex
1851 1867 2034 1916 Infinita
2067 1870 2395 1931 Misericordia,

387 1938 602 1985 continue
634 1936 690 1984 ab
729 1932 921 1992 inferno,
958 1935 1006 1981 in
1037 1934 1165 1998 quod
1197 1933 1410 1981 continue
1444 1932 1485 1980 se
1523 1935 1807 1998 praecipitare
1846 1947 2050 1992 conatur,
2087 1937 2202 1984 ⁴imo
2247 1940 2393 2001 cupit,
2408 1954 2427 1977 ··

391 2003 618 2052 subtrahat
655 2003 706 2051 ὅτ,
729 2002 954 2057 detineat;
990 2001 1118 2064 quod
1140 1999 1351 2064 agnoscet
1372 2001 1421 2047 &
1445 2000 1614 2057 credet,
1638 1999 1703 2047 est
1724 2001 1832 2064 quia
1851 2016 2014 2048 verum
2037 2001 2117 2059 est,
2154 2020 2246 2051 non
2269 2006 2399 2069 quod

387 2064 638 2127 Dom'inuS‚
675 2085 756 2117 nec
780 2069 940 2132 aliquis
963 2066 1165 2131 angelus,
1202 2067 1327 2123 velit,
1363 2079 1416 2113 ut
1451 2066 1500 2113 id
1522 2065 1735 2130 agnoscat
1773 2067 1824 2115 &
1848 2068 1999 2115 credat
2031 2067 2094 2116 ob
2127 2070 2303 2118 causam
2322 2091 2327 2096 ·
2346 2085 2427 2120 ut·

388 2137 433 2184 se
474 2132 724 2192 submittat,
762 2134 835 2181 sed
866 2151 923 2181 ne
946 2134 1102 2182 efferat
1125 2133 1166 2180 se
1189 2150 1299 2181 cum
1321 2133 1460 2197 usque
1484 2133 1599 2190 talis,
1644 2133 1759 2181 ficut
1780 2135 1910 2197 quod
1945 2150 2286 2184 excrementum
2326 2138 2424 2185 di-·
2484 2129 2492 2136 ’

391 2215 512 2252 teret
544 2202 673 2267 quod
706 2201 761 2248 fit
794 2201 966 2265 purum
999 2217 1179 2256 aurum,
1214 2213 1291 2247 aut
1325 2197 1477 2247 musca
1506 2198 1683 2247 latrinae
1715 2200 1845 2263 quod
1878 2200 1934 2248 fit
1967 2203 2062 2249 avis
2096 2203 2360 2266 paradisiaca
2379 2228 2397 2260 ·,

393 2281 623 2333 quantum
644 2270 794 2331 itaque
817 2267 959 2314 homo
980 2267 1183 2331 agnoscit
1207 2268 1255 2314 &
1281 2267 1425 2314 credit
1446 2267 1575 2330 quod
1598 2266 1652 2314 fit
1691 2267 1790 2314 talis
1830 2267 1975 2331 qualis
2011 2268 2091 2325 est,
2127 2282 2307 2317 tantum
2330 2287 2400 2317 re-

390 2335 516 2382 cedit
536 2334 592 2381 ab
613 2349 766 2381 amore
787 2333 853 2380 sui
875 2333 925 2380 δε
949 2331 1044 2397 ejus
1067 2333 1411 2398 cupiditatibus,
1445 2335 1496 2381 δε
1520 2346 1702 2381 tantum
1725 2332 1767 2380 se
1792 2333 2026 2390 abhorret,
2061 2349 2287 2398 quantum
2311 2337 2398 2385 hoc

393 2401 467 2458 fit,
501 2412 680 2448 tantum
696 2416 722 2446 a
741 2400 951 2446 Domino
983 2401 1146 2463 accipit
1169 2417 1379 2458 ⁴amorem
1404 2400 1652 2457 coelestem,
1688 2400 1775 2450 hoc
1800 2399 1880 2456 est,
1916 2417 2119 2449 amorem
2159 2416 2397 2459 mutuum,

394 2468 476 2531 qui
500 2466 579 2524 est,
617 2479 669 2513 ut
691 2465 905 2512 omnibus
927 2463 1087 2511 servire
1109 2465 1225 2526 velit
1237 2489 1252 2522 ;
1288 2468 1334 2514 hi
1356 2466 1477 2523 sunt,
1513 2469 1595 2530 qui
1618 2467 1935 2530 intelliguntur
1957 2483 2038 2530 per
2060 2470 2292 2525 minimos,
2317 2471 2400 2532 qui
2419 2491 2426 2507 ¹

396 2534 447 2580 in
470 2534 640 2596 Regno
662 2533 857 2600 Domini
881 2530 999 2578 fiunt
1023 2532 1232 2587 maximi,
1267 2533 1455 2580 Matth:
1480 2548 1572 2579 xx:
1608 2533 1687 2588 26,
1707 2549 1794 2595 27,
1818 2537 1906 2585 28..
1944 2534 2069 2582 Luc:
2099 2551 2151 2581 1x
2172 2554 2183 2582 :
2206 2536 2293 2594 46,
2313 2551 2398 2599 47,

398 2604 481 2661 48.
551 2599 628 2647 Ex
656 2592 724 2646 his
746 2597 945 2646 constare.
967 2595 1131 2660 potest,
1166 2597 1281 2659 quid
1309 2595 1532 2660 disjungit
1553 2597 1809 2646 Externum
1844 2598 2082 2646 hominem
2120 2600 2176 2647 ab
2198 2601 2401 2657 Interno,

399 2682 567 2730 nempe
590 2665 717 2730 quod
741 2665 1044 2729 principaliter
1066 2679 1195 2712 amor
1218 2663 1283 2711 sui
1302 2685 1317 2720 3
1353 2664 1402 2711 &
1425 2662 1551 2726 quod
1575 2663 1883 2726 principaliter
1905 2667 2005 2712 unit
2026 2666 2288 2712 Externum
2317 2667 2399 2715 ho·
2421 2683 2428 2693 ’
2455 2683 2460 2689 ·

401 2734 576 2780 minem
607 2733 807 2788 Interno‚
842 2730 905 2777 est
931 2746 1060 2777 amor
1099 2742 1304 2786 mutuus,
1340 2731 1421 2792 qui
1461 2728 1682 2792 nusquam
1699 2728 1858 2777 dabilis
1882 2729 1960 2786 est,
1983 2730 2257 2794 ,priusquam
2270 2749 2402 2780 amor

399 2792 467 2846 sui
498 2799 697 2854 recedit,
734 2812 842 2845 nam
865 2795 1045 2860 prorsus
1062 2798 1271 2844 contrarii
1296 2795 1411 2843 sunt.
1480 2795 1687 2843 Internus
1705 2795 1974 2849 homobnihil
1998 2797 2122 2844 aliud
2144 2797 2242 2854 est,
2257 2815 2399 2862 quam

401 2879 530 2915 amor
552 2877 764 2920 mutuus;
797 2863 887 2927 ipse
910 2864 1109 2911 hominis
1132 2862 1310 2927 spiritus
1347 2861 1420 2909 seu
1459 2863 1624 2918 anima,
1659 2860 1722 2907 est
1762 2860 1903 2909 homo
1942 2863 2141 2919 interior,
2169 2865 2250 2927 qui
2281 2867 2402 2913 vivit

401 2928 504 2992 post
531 2942 743 2987 mortem,
777 2930 928 2994 estque
952 2930 1211 2994 organicus,
1248 2944 1353 2976 nam
1379 2925 1618 2991 adjunctus
1652 2927 1715 2975 est
1739 2929 1935 2992 corpori,
1972 2945 2083 2976 cum
2105 2930 2249 2977 horno
2277 2934 2396 2978 vivit

406 2997 455 3041 in
486 2995 695 3050 mundo·,
729 2996 968 3044 homohic
992 2997 1191 3052 interior,
1232 2995 1305 3042 seu
1339 2997 1488 3041 anima
1509 2991 1604 3057 ejus
1634 3007 1710 3043 aut
1731 2993 1927 3056 spiritus,
1962 3011 2055 3043 non
2089 2996 2151 3044 est
2195 2997 2405 3044 Internus

404 3061 563 3116 home,
612 3060 687 3107 sed
725 3061 931 3109 Internus
970 3063 1112 3111 horno
1150 3061 1214 3110 est
1252 3063 1300 3109 in
1338 3061 1434 3116 illo,
1470 3076 1580 3107 cum
1625 3062 1673 3109 in
1715 3060 1802 3118 ,illo
1847 3076 1974 3112 amor
2015 3075 2234 3116 mutuus;
2292 3079 2401 3125 quae

407 3125 509 3175 sunt
539 3127 709 3174 Interni
746 3126 958 3179 hominis,
993 3127 1096 3175 sunt
1115 3129 1327 3184 Domini,
1363 3127 1423 3175 fic
1448 3140 1499 3176 ut
1522 3127 1614 3176 dici
1636 3139 1772 3190 queat
1791 3127 1919 3191 quod
1941 3129 2152 3177 Internus
2184 3127 2326 3174 homo
2349 3128 2404 3173 fit

407 3192 670 3250 Dominus;
706 3190 780 3239 sed
812 3193 921 3256 quia
939 3192 1173 3242 Dominus
1194 3193 1482 3257 dat‘Angelo
1516 3192 1589 3242 seu
1622 3193 1815 3252 homini,
1852 3194 1966 3242 dum
2005 3195 2126 3242 vivit
2164 3195 2212 3240 in
2244 3208 2428 3256 ‚amore-

1345 3261 1395 3307 X
1418 3276 1451 3307 x
1474 3276 1507 3307 x
2217 3269 2400 3316 mutuo,
