2788 3736
823 278 1252 355 cAPUT
1345 277 1833 341 NoNUM.
2237 301 2377 366 317

359 441 454 475 non
473 439 500 471 a
520 419 632 471 vero
654 418 782 470 fonte
809 419 917 469 vitae
940 418 1012 468 seu
1035 436 1061 467 a
1080 418 1291 470 Domino
1314 417 1557 466 descendit.
1627 417 1776 480 Qod
1814 416 2071 482 voluptates
2106 417 2242 484 supra
2274 434 2377 468 me·-

358 502 547 540 moratae
570 487 793 554 nusquam
816 487 994 536 homini
1027 485 1330 551 negataefint,
1365 486 1465 532 imo
1501 485 1548 531 in
1587 496 1766 533 tantum
1803 501 1896 534 non
1934 497 2130 549 negatae,
2166 499 2219 535 ut
2257 499 2376 535 tunc

354 557 561 624 primum
586 555 840 620 voluptates
865 554 967 612 fint,
992 553 1177 618 quando
1198 569 1225 600 a
1245 566 1351 600 vera
1373 552 1449 599 sua
1470 552 1662 615 origine,
1691 551 1828 600 etiam
1852 551 1958 601 inde
1982 551 2180 602 constare
2203 553 2369 618 potest,

356 623 483 688 quod
510 623 757 687 perplures,
793 623 873 685 qui
916 622 963 669 in
988 620 1219 684 potentia,
1254 618 1478 683 dignitate
1515 619 1567 666 δε
1590 617 1820 682 opulentia
1851 620 2064 667 vixerunt
2098 621 2145 668 in
2171 619 2373 682 mundo,

356 690 407 739 δε
431 690 597 755 quibus
620 705 780 738 omnes
803 688 1059 752 voluptates
1082 688 1130 749 in
1153 684 1443 743 abundantia,
1479 692 1573 733 tam
1598 686 1799 748 corporis
1823 701 1963 749 quam
1987 685 2270 745 sensualium,
2297 688 2368 735 in·

356 770 425 805 ter
461 757 612 805 beatos
653 758 702 804 δε
727 754 879 804 felices
915 755 962 801 in
996 751 1119 801 coelo
1140 751 1244 810 fint,
1279 752 1330 800 δε
1354 751 1476 817 apud
1500 767 1577 800 eos
1600 767 1722 799 nunc
1745 753 1955 800 interiora
1969 750 2176 817 jucunda
2197 755 2248 802 &
2268 752 2367 802 feli-

359 825 428 872 cia
449 825 627 881 vivant,
651 824 757 888 quia
778 822 878 869 haec
900 820 1127 884 originem
1152 819 1382 867 duxerunt
1412 836 1439 867 a
1460 818 1592 868 bonis
1613 817 1837 866 charitatis
1862 819 1910 866 δε
1934 821 2052 866 veris
2074 820 2182 868 fidei
2206 821 2252 868 in
2268 822 2375 869 Do·

360 893 541 939 minum
561 913 576 948 ;
612 892 661 938 &
684 890 791 954 quia
812 903 838 934 a
860 887 1073 935 charitate
1095 887 1146 934 δε
1178 886 1272 934 fide
1296 887 1343 934 in
1365 886 1645 942 Dominum,
1682 884 1938 949 spectarunt
1960 900 2118 934 omnes
2155 885 2250 934 suas
2283 903 2370 935 vo-

360 957 554 1022 luptates
577 956 633 1004 ab
655 955 755 1013 usu,
778 957 860 1029 qui
884 954 986 1002 finis
1008 969 1168 1002 eorum
1194 953 1305 1009 suit3
1342 951 1435 1017 ipse
1456 952 1561 1000 usus
1584 955 1637 1000 iis
1650 949 2004 1016 jucundiffimus
2027 950 2133 1010 fuit,
2158 953 2263 1002 inde
2286 970 2370 1003 vo-

358 1024 589 1088 luptatum
613 1038 772 1071 eorum
791 1021 1085 1086 jucundum:
1121 1019 1329 1067 videatur
1355 1018 1483 1083 quod
1506 1019 1564 1067 ab
1586 1019 1878 1084 experientia,
1914 1035 1975 1067 n:
2003 1037 2116 1086 945.

460 1092 537 1157 96.
574 1088 720 1154 Qod
744 1088 844 1136 olus
868 1087 1091 1152 significet
1114 1086 1222 1134 vilia
1234 1083 1599 1151 jucunditatum,
1635 1085 1833 1134 constare
1856 1085 2006 1151 potest
2044 1087 2100 1135 ab
2137 1086 2224 1135 illis
2262 1103 2371 1152 quae

357 1157 405 1205 di
499 1155 628 1204 sunt:
665 1154 765 1203 olus
788 1154 939 1203 herbae
962 1165 1200 1211 vocantur,
1236 1154 1346 1217 quia
1367 1151 1469 1202 sunt
1494 1153 1639 1202 modo
1668 1153 1900 1201 mundana
1939 1153 1989 1202 &
2029 1170 2259 1220 corporea,
2294 1153 2369 1203 seu

354 1237 566 1279 externa;
601 1239 724 1278 nam,
762 1235 815 1269 ut
848 1222 1044 1275 dierum,
1080 1221 1355 1285 voluptates,
1391 1237 1497 1285 quae
1528 1222 1574 1269 in
1611 1221 1838 1285 corporeis
1883 1219 1957 1268 seu
1992 1223 2205 1270 extremis
2250 1220 2370 1281 sunt,

357 1292 578 1354 originem
604 1289 789 1338 trahunt
823 1285 1080 1353 ajucundis
1103 1288 1260 1336 ordine
1284 1287 1607 1353 interioribus,
1650 1286 1874 1353 jucunda,
1909 1303 2017 1352 quae
2057 1290 2371 1354 percipiuntur

356 1358 401 1404 in
424 1357 636 1404 extremis
661 1355 735 1404 seu
759 1357 1004 1420 corporeis,
1040 1354 1282 1419 respective
1305 1354 1413 1402 vilia
1435 1355 1568 1412 sunt;
1591 1371 1730 1402 omne
1752 1356 1876 1403 enim
1892 1353 2156 1420 jucundum
2178 1355 2264 1404 tale
2287 1355 2374 1415 ost,

355 1436 407 1472 ut
431 1423 566 1471 vilius
590 1423 661 1480 fit,
697 1439 793 1488 quo
818 1423 962 1487 magis
995 1421 1053 1470 ad
1075 1435 1260 1470 externa
1298 1421 1442 1479 vadit,
1478 1423 1528 1470 δε
1553 1420 1726 1469 felicius
1760 1438 1856 1487 quo
1879 1423 2027 1486 magis
2063 1423 2122 1470 ad
2163 1424 2367 1480 interna;

355 1507 509 1554 quare,
546 1502 598 1537 ut
621 1490 817 1548 dictum,
852 1489 966 1537 ficut
998 1489 1158 1537 ordine
1178 1489 1456 1537 evolvuntur
1479 1488 1553 1536 seu
1599 1486 1892 1537 exfasciantur
1916 1502 2115 1546 externa,
2150 1506 2204 1537 eo
2228 1505 2374 1537 amae·

357 1559 482 1605 niora
503 1557 553 1605 &
577 1555 774 1608 feliciora
796 1557 916 1605 fiunt
929 1555 1152 1621 jucunda,
1187 1555 1314 1621 quod
1338 1555 1438 1603 satis
1462 1555 1663 1604 constare
1695 1555 1842 1620 potest
1881 1555 2002 1613 inde,
2039 1556 2168 1620 quod
2196 1554 2370 1621 jucun·

357 1624 471 1671 dum
498 1624 790 1688 voluptatum
814 1624 1030 1680 hominis,
1066 1623 1180 1670 dum
1206 1626 1254 1670 in
1282 1639 1476 1686 corpore
1500 1624 1635 1681 vivit,
1673 1623 1762 1670 vile
1785 1622 1840 1670 s1t
1864 1621 2104 1687 respective
2128 1623 2183 1672 ad
2200 1621 2372 1688 jucun·

355 1689 469 1738 dum
494 1690 590 1755 ejus
614 1689 715 1755 post
738 1692 884 1738 vitam
908 1690 1112 1753 corporis
1136 1705 1246 1737 cum
1270 1691 1397 1737 venit
1420 1691 1466 1736 in
1485 1689 1716 1736 mundum
1735 1689 1995 1753 spirituum,
2021 1691 2118 1738 imo
2141 1703 2236 1738 tam
2258 1690 2370 1748 vile,

357 1771 407 1805 ut
447 1756 626 1820 spiritus
661 1756 769 1803 boni
808 1756 987 1820 prorsus
1018 1755 1224 1820 spernant
1242 1754 1553 1820 jucunditates
1590 1757 1810 1821 corporis,
1845 1772 1928 1803 nec
1962 1756 2106 1804 redire
2138 1757 2285 1804 velint
2318 1758 2366 1805 in

357 1840 442 1869 eas.
461 1824 512 1870 -s1
546 1822 622 1869 vel
653 1822 867 1870 darentur
898 1824 950 1869 iis
983 1838 1143 1869 omnes
1176 1838 1284 1886 quae
1316 1824 1362 1869 in
1402 1821 1612 1869 universo
1644 1822 1850 1870 mundo:
1891 1819 2157 1885 jucundum
2197 1822 2366 1871 horum

358 1889 598 1952 spirituum
622 1888 824 1938 similiter
846 1889 936 1936 vile
961 1889 1014 1936 fit
1037 1905 1146 1935 cum
1170 1888 1403 1936 elevantur
1425 1905 1450 1937 a
1477 1889 1681 1936 Domino
1703 1890 1750 1936 in
1774 1888 1950 1937 coelum
1966 1887 2210 1954 spirituum
2231 1906 2373 1955 ange-

361 1956 574 2012 licorum,
611 1967 722 2003 tunc
743 1958 866 2003 enim
891 1967 1066 2003 exuunt
1092 1956 1322 2003 interiores
1354 1972 1424 2002 eas
1450 1953 1774 2020 jucunditates,
1811 1957 1858 2004 δι
1901 1955 2100 2005 induunt
2126 1957 2275 2004 adhuc
2297 1959 2371 2004 in-

356 2024 562 2084 teriores:
601 2022 802 2070 similiter
844 2021 1071 2086 spiritibus
1111 2022 1325 2086 angelicis
1363 2021 1454 2070 vile
1483 2022 1538 2070 fit
1553 2020 1833 2087 jucundum,
1869 2022 1996 2086 quod
2030 2023 2286 2071 habuerunt
2319 2025 2371 2071 in

359 2087 438 2136 suo
458 2088 596 2146 coelo,
634 2104 746 2136 cum
766 2090 1012 2136 aDornino
1034 2090 1080 2135 in
1108 2089 1284 2136 coelum
1302 2089 1586 2153 angelicum,
1621 2088 1693 2136 seu
1728 2089 1930 2150 tertium,
1967 2089 2269 2146 attolluntur3
2321 2092 2373 2138 in

361 2171 456 2218 quo
478 2156 600 2203 coelo
623 2157 731 2219 quia
753 2156 926 2203 interna
947 2157 1131 2212 vivunt,
1168 2157 1215 2203 δε
1242 2172 1334 2204 non
1374 2156 1454 2203 nifi
1495 2171 1634 2219 quam
1670 2173 1800 2204 amor
1839 2168 2044 2213 mutum,
2080 2155 2268 2204 felicitas
2295 2157 2370 2206 'ibi

359 2221 423 2269 est
447 2222 712 2270 ineffabilis:
750 2222 809 2270 de
834 2223 1032 2270 interiori
1047 2221 1259 2287 jucundo
1282 2221 1354 2270 seu
1380 2221 1500 2269 felici
1524 2222 1732 2270 videatur
1755 2222 1882 2287 quod
1908 2222 1965 2270 ab
1988 2225 2276 2288 experientia,
2312 2242 2366 2272 n:

363 2306 473 2350 545.
534 2289 610 2335 Ex
657 2287 727 2335 his
774 2289 975 2336 constare
1013 2288 1176 2354 potest,
1212 2289 1325 2353 quid
1365 2289 1603 2354 fignificat,
1640 2289 1766 2353 quod
1807 2289 1920 2336 ficut
1954 2290 2054 2337 olus
2084 2289 2235 2338 herbre
2260 2290 2370 2338 dedi

362 2354 493 2401 vobis
527 2355 574 2400 id
611 2370 762 2402 omne.
835 2357 960 2418 Quia
999 2356 1201 2421 Reptilia
1236 2356 1492 2421 significant
1528 2369 1623 2403 tam
1661 2356 1915 2421 voluptates
1956 2359 2174 2421 corporis,
2226 2373 2371 2421 quam

360 2421 620 2484 voluptates
644 2419 923 2478 sensualium,
960 2422 1017 2470 de
1040 2423 1205 2487 quibus
1230 2424 1503 2487 praedicatur
1535 2423 1635 2470 olus
1671 2423 1841 2481 herbae,
1878 2424 1924 2470 in
1965 2423 2124 2488 lingua
2160 2425 2368 2488 originali

359 2486 423 2533 est
445 2502 555 2542 vox,
590 2501 696 2550 quae
721 2487 941 2550 fignificat
975 2501 1071 2536 tam
1104 2489 1204 2536 olus
1227 2506 1367 2554 quam
1401 2489 1564 2547 viride,
1600 2490 1700 2538 olus
1738 2489 1981 2554 respefi‘dve
2021 2490 2078 2538 ad
2110 2491 2374 2555 voluptates

290 2559 292 2561 ’
362 2553 723 2600 voluntariorum
746 2553 817 2601 seu
842 2554 1133 2602 affectionum
1158 2556 1432 2614 coelestium,
1468 2557 1612 2603 viride
1649 2556 1889 2620 respective
1925 2557 1983 2603 ad
2007 2558 2262 2621 voluptates
2298 2559 2367 2604 in-

362 2619 682 2666 tellectualium
707 2619 779 2666 seu
802 2619 1095 2667 affeffionum
1112 2620 1434 2684 spiritualium.
1506 2623 1652 2682 Quod
1675 2623 1775 2670 olus
1798 2623 1966 2678 herbae,
2004 2640 2056 2671 ac
2092 2625 2238 2671 viride
2263 2624 2366 2671 her-

360 2686 431 2732 be
450 2686 800 2750 fignificetvilia,
827 2686 996 2740 constat
1015 2689 1062 2734 in
1080 2687 1252 2744 Verbo,
1278 2700 1331 2734 ut
1353 2689 1475 2751 apud
1495 2689 1688 2745 Esaiam,
1727 2694 1762 2715 “
1788 2691 1942 2752 Aquae
1962 2690 2171 2736 Nimrim
2188 2689 2361 2738 desola-

365 2758 399 2779 “
435 2752 577 2800 tiones
599 2765 748 2810 erunt,
782 2754 891 2818 quia
911 2756 1087 2802 exaruit
1111 2769 1318 2817 gramen,
1343 2753 1580 2802 consumta
1600 2754 1663 2801 est
1686 2754 1838 2812 herba,
1874 2756 2022 2804 Viride
2038 2772 2130 2803 non
2148 2756 2259 2813 est‚”
2276 2773 2365 2805 xv:

365 2819 408 2864 6.
479 2819 623 2882 Apud
649 2820 882 2877 Eundem,
921 2826 953 2848 “
985 2821 1268 2868 Habitatores
1291 2836 1442 2868 earum
1468 2820 1623 2868 breves
1660 2837 1814 2878 manu,
1851 2822 2117 2870 consternati
2154 2822 2272 2882 fimt,
2315 2825 2367 2870 δι’

368 2889 402 2911 “
436 2885 610 2948 pudore
632 2885 779 2933 affecii
800 2909 814 2943 ;
851 2885 956 2934 facti
981 2886 1080 2934 sunt
1105 2887 1240 2934 herba
1263 2889 1376 2951 agri,
1414 2889 1462 2934 δε
1488 2887 1594 2935 Olus
1616 2890 1851 2951 graminiS,
1882 2887 2064 2937 foenum
2090 2890 2372 2947 tectorum?

363 2965 567 2998 xxxvii:
607 2968 682 3016 27·
718 2953 819 3000 olus
842 2955 1060 3016 graminis
1083 2969 1168 3019 pro
1204 2953 1431 3001 vilissimo.
1504 2955 1648 3017 Apud
1676 2954 1856 3011 Mosen,
1895 2962 1929 2984 “
1954 2958 2099 3004 Terra
2137 2958 2186 3003 in
2225 2973 2371 3020 quam

368 3021 402 3042 “
437 3027 488 3061 tu
513 3019 656 3075 venis,
692 3019 748 3064 ad
772 3020 1090 3083 poffidendum
1114 3036 1230 3078 eam,
1274 3037 1365 3068 non
1390 3021 1502 3068 ficut
1526 3034 1641 3068 terra
1660 3022 1859 3086 AEgypti
1900 3039 1965 3080 ea,
2001 3039 2026 3070 e
2059 3024 2149 3086 qua
2171 3023 2369 3080 exivisti,

368 3087 402 3108 ‘⁶
436 3097 525 3144 qua
548 3081 656 3130 seras
680 3082 831 3131 semen
854 3098 1006 3143 tuum,
1042 3089 1091 3133 δε
1116 3089 1272 3150 irriges
1295 3089 1412 3151 pede
1436 3101 1535 3144 tuo,
1572 3088 1683 3134 ficut
1706 3088 1877 3136 hortum
1899 3090 2090 3145 Oleris,'²
2112 3091 2250 3136 Dent.
2277 3107 2326 3137 xi
2352 3107 2364 3137 z

372 3165 443 3196 10.
479 3148 559 3194 ubi
583 3148 738 3195 hortus
762 3150 892 3197 oleris
913 3167 998 3214 pro
1019 3152 1116 3200 vili.
1187 3154 1605 3217 Apud‘Davidem,
1644 3160 1680 3182 ‘⁴
1702 3155 1822 3202 Mali
1846 3157 1958 3203 ficut
1982 3171 2188 3219 gramen,
2219 3156 2373 3203 subito

370 3219 404 3241 “
438 3214 776 3282 exscinduntur,
812 3217 861 3262 &
895 3217 1007 3264 ficut
1030 3218 1136 3265 Olus
1174 3219 1313 3268 herba
1350 3220 1724 3281 consumentut,”
1768 3221 1940 3272 Pfalm:
1965 3238 2164 3270 xxxvn:
2210 3240 2257 3271 2.
2288 3221 2403 3268 ubi*

364 3297 550 3348 gramen
574 3281 624 3333 &s
646 3279 745 3330 olus
769 3280 1023 3348 herbaepro
1048 3284 1276 3334 viliffimO.
1963 3308 1968 3313 ·

904 3405 924 3408 -
2255 3367 2315 3416 99
2323 3370 2372 3420 7-
