2788 3736
325 324 540 389 ,1001
890 294 1860 386 GENESJS.

405 449 440 473 “
473 453 625 490 autem
649 437 831 498 dixerit,
875 434 1023 492 stulte,
1059 435 1284 484 obnoxius
1323 436 1408 482 erit
1448 435 1670 499 gehennae
1705 436 1840 500 ignis,
1876 438 2060 486 Matth:
2097 455 2163 488 v.-
2208 455 2290 497 21,
2338 455 2415 488 22.

405 525 488 576 per
508 523 614 571 quae
637 503 949 565 intelliguntur
971 501 1067 549 odii
1091 501 1291 564 gradus,
1325 502 1486 549 odium
1510 501 1574 548 est
1598 504 1878 550 contrarium
1903 502 2102 551 charitati
2125 526 2154 560 3⁷
2181 506 2231 553 &
2271 506 2304 554 s1
2329 511 2424 555 non'

410 589 568 628 manu,
602 569 739 632 usque
763 571 933 625 animo,
969 568 1018 616 &
1044 583 1319 631 quocunque
1341 567 1486 616 modo
1509 570 1657 631 poffit,
1693 567 1895 624 occidit;
1931 567 2032 616 sunt
2058 571 2203 619 modo
2233 572 2418 627 vincula

411 652 603 692 externa,
638 650 743 698 quae
782 634 1000 690 inhibent,
1042 650 1098 681 ne
1139 649 1312 690 manu;
1362 650 1499 698 quare
1532 650 1670 681 omne
1710 633 1872 682 odium
1907 633 1972 681 est
1994 633 2190 699 sanguis,
2223 650 2277 684 ut
2298 638 2423 701 apud

413 703 675 766 Jeremiam,
713 705 746 727 “
772 699 905 763 Qid
927 700 1095 750 bonam
1116 697 1223 747 facis
1245 701 1369 749 viam
1392 712 1520 747 tuam
1543 700 1600 746 ad
1623 698 1926 764 quaerendum
1951 715 2175 759 amorem,
2211 705 2347 751 etiam
2373 705 2421 751 in

414 776 447 797 “
482 768 561 815 alis
577 767 666 815 tuis
689 766 863 813 inventi
887 763 990 813 sunt
1005 767 1185 828 Sanguis
1205 767 1459 815 animarum
1478 781 1729 829 egenorum
1747 766 2108 822 innocentium,’'
2141 783 2210 814 11:
2237 771 2318 831 33,
2343 785 2421 833 34.

412 836 475 883 Et
498 834 603 898 quia
627 832 807 878 Odium
840 830 906 878 est
929 833 1136 894 SanguiS,
1173 833 1322 878 omnis
1354 833 1564 894 iniquitas
1600 831 1664 879 est
1698 831 1897 896 sanguis,
1937 847 2042 880 narn
2084 829 2186 880 fons
2209 833 2432 882 omnium

412 900 703 963 iniquitatum
738 896 802 943 est
836 896 1033 954 Odium,
1070 909 1123 944 ut
1156 897 1279 960 apud
1302 896 1587 954 Hoscheam‚
1625 902 1659 925 “
1683 895 1903 960 Pejerare,
1948 898 1998 945 δε
2024 899 2222 955 mentiri,
2259 899 2310 947 δε
2343 906 2424 947 oc÷

414 972 450 994 “
486 965 648 1019 cidere,
683 964 731 1010 &
772 961 925 1019 furari,
961 964 1011 1010 δε
1048 962 1302 1020 adulterari,
1335 963 1672 1020 latrocinantur,
1707 964 1759 1011 &
1783 965 2028 1026 Sanguines,
2073 965 2119 1011 in
2144 965 2426 1028 Sanguinibus'

418 1037 453 1059 “
488 1032 748 1093 attigerunt,
787 1040 1022 1092 propterea
1059 1027 1235 1091 lugebit
1267 1041 1397 1086 terra,
1439 1029 1489 1076 &
1531 1027 1810 1077 contabescet
1845 1030 2001 1077 omnis.
2027 1029 2230 1078 habitans
2253 1032 2300 1078 in
2321 1031 2424 1088 ea‚”

421 1113 506 1144 iv:
537 1113 583 1153 2,
613 1113 654 1160 3.
694 1096 743 1142 &
769 1094 890 1158 apud
915 1093 1224 1151 Ezechielem,
1278 1100 1313 1122 “
1336 1095 1468 1143 Num
1485 1090 1712 1158 judicabis
1736 1093 1896 1142 urbem
1913 1096 2190 1159 sanguinum,
2229 1096 2281 1144 ὅτ
2304 1098 2424 1144 noti-

422 1168 456 1191 “
492 1163 598 1209 fices
631 1162 670 1208 ei
704 1176 864 1207 omnes
900 1159 1256 1208 abominationes
1284 1158 1398 1225 ejus,
1429 1161 1537 1208 urbs
1564 1160 1813 1208 *effundens
1837 1162 2065 1225 Sanguines
2087 1163 2134 1208 in
2160 1162 2314 1210 medio
2338 1162 2420 1219 sui,

421 1234 455 1256 ‘⁶
491 1244 570 1292 per
603 1229 850 1289 Sanguinem
891 1238 1045 1283 tuum,
1091 1242 1232 1290 quem
1267 1226 1482 1283 effiadisti,
1518 1243 1588 1274 rea
1622 1224 1739 1275 facta
1770 1228 1867 1283 es,”
1906 1242 2048 1275 xx11:
2075 1245 2123 1284 2,
2151 1244 2198 1291 3,
2223 1229 2347 1288 4‚·6‚
2376 1245 2420 1291 9.

418 1294 497 1341 ubi
535 1294 683 1356 agitur
721 1292 778 1339 de
818 1291 1198 1339 immisericordia.
1282 1293 1428 1356 Apud
1461 1292 1695 1349 Eundem,
1743 1297 1777 1319 “
1801 1293 1953 1340 Terra
1981 1293 2114 1357 plena
2151 1293 2216 1340 est
2242 1292 2424 1357 judicio

420 1365 455 1388 “
491 1361 761 1422 Sanguinum,
805 1358 854 1404 ὅτ
895 1358 999 1405 urbs
1039 1358 1170 1422 plena
1203 1358 1267 1406 est
1302 1358 1564 1415 Violentia,”
1604 1373 1714 1406 vu:
1755 1375 1831 1421 23.
1897 1355 1954 1406 δι’
1987 1358 2110 1422 apud
2149 1360 2415 1420 Jeremiam,

419 1431 454 1453 “
478 1426 557 1472 Ob
590 1437 770 1487 peccata
792 1424 1121 1486 Prophetarum
1145 1423 1500 1487 Hierosolymae,
1537 1424 1791 1488 iniquitates
1808 1421 2105 1472 Sacerdotum
2126 1424 2256 1489 ejus,
2274 1425 2422 1473 effun-

418 1496 454 1521 “
489 1491 696 1538 dentium
742 1491 787 1537 in
827 1489 982 1537 medio
1025 1488 1120 1553 ejus
1162 1492 1409 1554 Sanguinem
1454 1487 1694 1550 iustorum,
1746 1502 1968 1553 vagantur
2011 1486 2123 1537 c'aeci
2163 1492 2209 1538 in
2237 1490 2420 1554 »plateia

431 1552 466 1585 ‘²‘
500 1556 666 1621 polluti
713 1555 814 1603 sunt
847 1557 1104 1619 Sanguine,”
1141 1556 1328 1605 Thren:
1358 1572 1442 1604 1v:
1476 1574 1550 1619 13,
1581 1574 1656 1618 14,
1709 1556 1831 1620 apud
1867 1555 2062 1613 Esaiam,
2104 1561 2139 1584 “
2173 1556 2298 1604 Cum
2344 1555 2429 1604 ab»

426 1628 460 1651 ‘⁶
495 1623 589 1669 luet
619 1623 849 1669 Dominus
888 1621 1036 1670 sordes
1074 1622 1276 1673 filiorum
1313 1623 1488 1679 Zionis,
1541 1624 1593 1670 &
1627 1625 1855 1685 Sanguines
1893 1621 2231 1685 Hierosolymae
2276 1622 2430 1673 deter·'

427 1693 462 1716 “
497 1687 596 1735 serit
631 1704 656 1734 e
697 1688 866 1744 medio,
924 1687 1080 1752 spiritu
1113 1686 1292 1752 judicii,
1349 1690 1399 1736 &
1453 1688 1610 1751 spiritu
1658 1687 2034 1744 combustionis‚''
2077 1703 2178 1736 1v:⁷
2206 1707 2252 1749 4.
2299 1688 2423 1752 apud

425 1754 659 1809 Eundem,
706 1759 739 1780 “
763 1754 897 1801 Volae
926 1754 1086 1802 vestrae
1109 1754 1300 1818 pollutae
1323 1753 1425 1802 sunt
1448 1755 1495 1801 in
1517 1756 1745 1817 Sanguine,
1780 1754 1830 1801 &
1853 1753 1988 1817 digiti
2011 1753 2145 1800 vestri
2181 1754 2228 1801 in
2258 1756 2423 1818 Iniqui·

428 1825 462 1848 “
498 1821 638 1876 tate‚”
665 1835 777 1866 mx:
817 1837 860 1882 3.
898 1821 1019 1884 apud
1045 1820 1352 1877 Ezechielem,
1389 1825 1422 1868 ‘.‘
1446 1821 1682 1868 Praeterivi
1712 1831 1876 1883 praeter
1913 1831 1974 1877 te,
2015 1819 2202 1885 xq'dique
2233 1832 2278 1867 te
2315 1835 2424 1868 con<

429 1890 463 1914 “
498 1885 719 1932 culcatam
746 1885 792 1931 in
817 1887 1097 1948 Sanguinibus
1120 1887 1226 1943 tuis,
1262 1887 1312 1933 δι
1335 1886 1432 1934 dixi
1455 1885 1555 1942 tibi,
1592 1887 1638 1932 in
1661 1885 1940 1949 Sanguinibu's
1962 1885 2052 1933 tuis
2074 1885 2197 1942 vive,
2239 1887 2290 1934 δε
2327 1885 2425 1937 dixi

431 1956 466 1978 “
502 1951 601 2007 tibi,
637 1952 684 1996 in
708 1952 987 2012 Sanguinibus
1016 1953 1105 1997 tuis
1145 1952 1302 2007 vive?
1320 1967 1410 1998 -xvx
1428 1951 1446 1998 ἐ
1472 1952 1520 2007 6,
1548 1967 1624 1999 22.
1673 1950 1753 1997 ubi
1777 1949 2269 1997 ddabominationibu's
2301 1952 2421 1998 Hie-

430 2015 683 2077 rosolymae,
719 2030 824 2077 quae
857 2016 1077 2079 vocantur
1095 2015 1349 2077 sanguines,
1371 2014 1549 2079 agitur.
1618 2015 1994 2063 Immisericordia
2023 2015 2082 2062 &-
2106 2013 2285 2062 Odium
2316 2014 2423 2062 ulti-

433 2082 618 2128 morum
655 2092 918 2143 temporum
949 2076 1214 2128 describitur
1236 2082 1372 2127 etiam
1397 2096 1479 2144 per
1500 2079 1760 2142 sanguinem
1779 2081 1825 2126 in
1851 2077 2145 2143 Apocalypsi,
2169 2095 2258 2128 xvi
2278 2097 2289 2126 z
2311 2097 2357 2142 3,
2374 2099 2419 2141 4.

433 2147 678 2208 Sanguines
702 2147 748 2191 in
772 2144 933 2207 plurali
957 2145 1188 2202 dicuntur,
1213 2146 1320 2209 quia
1340 2148 1495 2192 omnia
1517 2148 1669 2209 iniqua
1689 2146 1741 2192 ὅτ,
1763 2144 2081 2192 abominabilia
2102 2145 2344 2193 scaturiunt
2367 2162 2424 2193 ex

430 2212 556 2268 odio,
597 2211 710 2258 sicut
741 2211 895 2257 omnia
918 2211 1033 2258 bona
1055 2213 1105 2259 δε
1128 2209 1274 2258 sancta
1295 2227 1521 2258 examore
1537 2234 1570 2267 ;ἶ
1593 2212 1673 2274 qui
1688 2212 1838 2274 itaque
1860 2211 1969 2258 odio
1990 2210 2121 2258 habet
2139 2213 2424 2274 proximum,

432 2293 555 2333 eum,
591 2277 623 2323 si
654 2277 811 2339 posset,
846 2277 1030 2333 occidit,
1066 2277 1116 2324 &
1138 2292 1411 2340 quocunque
1435 2277 1577 2324 modo
1599 2276 1760 2340 potest,
1796 2276 1981 2333 occidit,
2016 2277 2143 2340 quod
2166 2276 2227 2324 est
2249 2277 2432 2325 violem-

437 2344 546 2389 tiam
570 2343 610 2388 ei
635 2339 809 2398 inferre,
844 2357 949 2404 quae
969 2340 1042 2389 hic
1064 2357 1145 2407 per
1165 2358 1328 2389 vocem
1362 2342 1630 2405 sang'uinurn
1657 2343 1836 2405 proprie
1869 2341 2155 2406 significatur.
2280 2354 2283 2358 ·
2426 2402 2428 2405 .

504 2408 612 2471 375.
650 2408 758 2453 Vox
791 2406 1004 2463 clamans,
1033 2409 1106 2454 ·&
1138 2424 1232 2455 vox
1265 2408 1490 2464 clamoris,
1512 2407 1590 2454 sest
1627 2405 1826 2455 formula
1865 2408 2054 2455 solennis
2087 2409 2133 2455 in
2165 2409 2337 2466 Verbo,
2372 2408 2437 2456 &-

434 2472 686 2535 adplicatur
721 2473 964 2535 unicuique
1010 2475 1100 2529 rei,
1123 2472 1202 2520 ubi
1241 2474 1401 2536 aliquis
1430 2472 1654 2536 strepitus,
1691 2473 1854 2530 turba,
1906 2469 2134 2532 infestum,
2170 2476 2304 2522 etiam
2344 2473 2423 2520 ubi

435 2537 648 2594 faustum,
674 2550 725 2583 ut
740 2538 899 2585 Exod:
927 2554 1097 2585 xxxix:
1130 2555 1204 2602 17,
1237 2544 1308 2588 18.
1345 2539 1556 2602 Zephan:
1584 2555 1600 2585 1
1623 2544 1635 2586 Ξ
1659 2538 1707 2604 9,
1734 2557 1805 2588 10.
1830 2539 1955 2588 Esai:
1983 2556 2108 2589 va:
2142 2559 2214 2606 19.
2241 2541 2420 2601 Jerem:

435 2620 622 2651 xzvnI:
663 2620 704 2664 3.
751 2603 824 2649 hic
853 2603 978 2665 quod
1002 2603 1182 2652 incuset.
2256 2640 2262 2644 ψ
2348 2618 2353 2621 ’

508 2671 615 2734 376.
653 2669 799 2731 Qlod
837 2667 1067 2731 sanguines
1099 2669 1308 2726 clamant,
1359 2670 1612 2733 significent
1647 2671 1862 2727 Reatum,
1900 2672 2004 2718 inde
2043 2687 2165 2734 nunc
2206 2669 2424 2734 sequitur,

439 2751 543 2782 nam
575 2735 654 2797 qui
677 2733 888 2780 violentia
911 2747 1121 2792 utuntur,
1150 2748 1319 2782 reatum
1352 2734 1529 2793 habent,
1565 2749 1618 2787 ut
1627 2747 1640 2755 ·“
1654 2737 1776 2800 apud
1796 2736 2043 2793 Davidem,
2060 2735 2115 2774 -'-“
2140 2736 2320 2783 Malum
2344 2751 2423 2799 oc—

440 2806 474 2828 “
510 2800 629 2846 cidet
651 2800 862 2862 impium,
898 2800 947 2846 &
979 2802 1108 2864 osores
1122 2799 1231 2863 justi
1262 2812 1425 2849 reatum
1447 2801 1722 2858 habebunt,''
1746 2800 1922 2848 Psalm:
1947 2817 2124 2848 xxxxv:
2153 2818 2230 2849 22.
2277 2802 2437 2864 Apud-

439 2865 744 2920 Ezechielem,
781 2870 814 2890 “
837 2864 963 2911 Urbs
986 2883 1067 2929 per
1077 2868 1342 2929 sanguinem,
1376 2879 1515 2929 quem
1539 2866 1765 2923 effudisti,
1785 2880 1859 2913 rea
1881 2864 1994 2913 fac'ta
2015 2868 2111 2923 eS,''
2134 2882 2264 2924 xxu:
2289 2879 2336 2927 4'.

510 2946 617 2994 377.
655 2930 798 2992 Qod
821 2931 1012 2977 Humus
1048 2930 1583 2994 significenhicnschisma
1615 2931 1688 2978 feu
1711 2931 1911 2988 haerefin,
1948 2931 2120 2979 constat
2140 2933 2260 2989 inde,
2295 2931 2438 2996 quod-

440 2997 573 3057 Ager
605 2994 825 3056 significet
846 2996 1128 3053 Doctrinam,
1162 3012 1296 3060 quare
1321 2999 1529 3052 Humus,
1583 2997 1630 3042 in
1676 3011 1766 3060 qua
1798 2998 1944 3059 Ager,
1980 2997 2043 3044 est
2082 2997 2295 3045 schisma:
2330 2998 2466 3062 ipse·

441 3061 584 3109 homo
607 3059 668 3106 est
692 3058 874 3115 humus,
910 3072 961 3106 ut
983 3063 1031 3108 δε
1054 3078 1175 3124 ager,
1210 3063 1315 3124 quia
1337 3062 1377 3107 ei
1414 3060 1733 3109 inseminantur
1767 3061 1858 3119 illa,
1894 3078 1998 3110 nam
2035 3064 2182 3111 ‘horno
2203 3064 2265 3111 est
2289 3064 2344 3111 ab
2368 3067 2421 3110 iis

439 3129 557 3189 quae·
585 3124 841 3171 inseminata
862 3124 972 3176 :sunt
989 3148 1003 3181 3
1039 3126 1183 3173 bonus
1221 3128 1272 3173 ὅτ.
1305 3142 1436 3173 verus
1474 3143 1511 3173 a·
1537 3127 1665 3174 bonis
1702 3128 1752 3174 ὅτ
1775 3129 1924 3184 veris·,
1961 3129 2103 3177 malus
2141 3130 2191 3191 &
2227 3129 2358 3176 falsus
2395 3137 2430 3176 a⁴

436 3191 564 3241 malis
586 3191 634 3238 &
666 3188 812 3244 falfis3
855 3192 935 3253 qui
974 3193 1037 3238 in·
1060 3192 1259 3238 doctrina
1298 3192 1459 3254 aliqua,
1497 3193 1600 3240 inde
1622 3205 1840 3249 vocatur·‚
1876 3196 1955 3257 qui
1995 3196 2040 3241 in
2079 3194 2306 3244 schismate
2345 3193 2420 3241 seu

433 3256 604 3313 haerefi‚
639 3255 743 3320 inde
780 3268 968 3318 vocatur
986 3278 1014 3314 3.
1036 3258 1097 3307 ita
1117 3256 1190 3305 hic'
1213 3257 1378 3306 humus
1413 3258 1503 3322 pro·
1527 3258 1754 3308 schismate
1790 3258 1862 3307 seu
1904 3260 2073 3320 haeresi,
2108 3276 2213 3324 quae
2252 3259 2317 3307 in'
2336 3259 2419 3316 ho-

429 3324 563 3371 mine.
2307 3328 2415 3389 378.
