2788 3736
644 212 1202 320 ·oAi³uT
1308 255 2032 326 DECIMUM.
2287 281 2416 339 411

484 415 502 446 1
517 411 623 459 254.
658 397 758 445 Hae
782 393 966 443 familiae
983 395 1203 452 ,filiorum
1232 392 1430 454 Noachi,
1471 393 1599 456 quod
1624 394 1881 458 significent
1902 395 2052 444 cultus
2076 395 2292 445 Ecclefiae
2314 399 2416 445 An-

409 463 552 526 tiquae
575 465 622 510 in
659 463 931 526 particulari,
981 462 1152 510 constat
1195 479 1221 509 a
1258 458 1586 523 significatione
1632 460 1837 520 familiae,
1880 464 1931 510 δε
1965 461 2157 511 familiae
2196 463 2416 518 filiorum.

403 530 532 592 quod
565 529 654 577 sint
693 529 858 586 cultUS‚
884 530 933 577 &
975 529 1163 592 quidem
1188 527 1317 593 quod
1349 524 1513 589 species
1537 527 1779 577 cultuum:
1815 531 1862 576 in
1896 529 2256 593 praecedentibus
2279 529 2414 595 hujus
2478 544 2480 547 ·

407 597 580 659 Capitis
604 609 760 660 gentes
784 599 1031 643 nominatae
1068 595 1180 642 nihil
1202 591 1326 642 aliud
1360 591 1669 655 significarunt
1706 603 1847 658 quarn
1885 598 2034 644 varios
2075 597 2289 645 Ecclesiae
2311 601 2415 646 An·

406 662 550 725 tiquae
572 664 738 720 cultus,
776 679 911 726 quare
937 661 1141 718 familiae,
1175 678 1230 708 ex
1263 657 1429 721 quibus
1453 672 1612 722 gentes
1652 661 1930 719 constabant,
1966 679 2048 710 nec
2072 665 2253 727 poffunt
2293 664 2416 712 aliud

407 728 655 791 significare
680 752 694 785 3
731 730 778 776 in
796 729 920 777 sensu
945 731 1124 776 interno
1148 727 1373 793 nusquam
1389 725 1583 791 intelligi
1615 741 1790 792 queunt
1813 728 1912 775 aliae
1930 727 2134 787 familie,
2170 747 2311 794 quam
2326 733 2414 795 spi-

409 796 640 843 ritualium
665 796 715 844 &
739 796 1009 843 coelestium,
1743 857 1747 859 Α
2053 834 2057 838 .
2427 835 2430 837 .

486 879 503 910 ι
517 878 625 926 ²55·
662 862 927 909 Secundum
944 863 1195 910 nativitates
1216 878 1394 923 eorum,
1428 862 1560 930 quod
1580 861 1834 925 significent
1859 860 1971 909 sicut
2001 860 2233 911 reformari
2255 876 2417 927 potue·

413 929 521 985 rint,
558 928 731 976 constat
753 945 779 976 a
803 928 1128 992 significatione
1153 930 1414 988 nativitatis,
1448 929 1578 996 quod
1610 929 1665 976 fit
1688 926 1949 976 reformatio
1973 951 1988 984 ς
2025 944 2134 976 cum
2165 930 2309 977 homo
2348 947 2414 978 re-

408 995 602 1043 nascitur
614 995 688 1043 seu
713 1008 996 1059 regeneratur
1011 1012 1035 1042 a
1057 997 1283 1055 Domino,
1319 1011 1431 1046 tunc
1449 997 1604 1045 omnia
1629 993 1880 1058 &singula
1902 1012 2009 1059 quie
2031 1012 2056 1042 e
2089 1012 2213 1043 novo
2236 999 2415 1061 accipit,

409 1061 510 1109 sunt
527 1063 810 1118 nativitates;
845 1064 907 1109 ita
938 1062 1029 1123 hic,
1066 1063 1338 1122 nativitates,
1373 1066 1482 1128 quia
1513 1064 1574 1115 de
1598 1063 1809 1126 Antiqua
1844 1062 2046 1110 Ecclesia
2064 1064 2245 1126 agitur,
2281 1064 2416 1128 signi-

409 1128 596 1177 nificant
618 1129 732 1176 ficut
745 1120 987 1175 'reformari
1023 1131 1289 1193 potuerint:
1327 1131 1455 1195 quod
1479 1128 1820 1179 reformationes
1854 1130 2064 1193 gentium
2111 1131 2287 1187 attinet,
2323 1147 2415 1188 non

408 1210 566 1243 omnes
603 1193 736 1242 fimili
775 1194 906 1243 cultu
929 1193 1132 1252 fuerunt,
1169 1213 1252 1246 nec
1273 1197 1409 1245 simili
1431 1198 1655 1253 dOCtrina,
1690 1212 1745 1243 ex
1769 1197 1898 1243 causa
1927 1197 2033 1259 quia
2057 1213 2148 1245 non
2173 1213 2331 1245 omnes
2365 1199 2419 1245 si-

409 1261 509 1308 mili
532 1262 669 1325 genio
685 1260 876 1318 fuerant,
912 1262 963 1309 &
986 1263 1093 1326 quia
1115 1278 1207 1309 non
1225 1280 1384 1311 omnes
1420 1265 1622 1312 similiter
1643 1262 1820 1310 educati
1853 1264 1903 1310 δε
1933 1263 2137 1310 similiter
2159 1267 2215 1311 a'o
2239 1263 2423 1313 infantia

406 1327 608 1376 instrueti
627 1350 641 1384 ς
677 1328 1027 1392 Ρῑίηείρὶαςυπ
1050 1328 1194 1377 homo
1215 1330 1272 1378 ab
1294 1329 1481 1378 infantia
1503 1332 1642 1396 capit,
1659 1326 1894 1377 Dominus
1918 1329 2139 1395 nusquam
2156 1329 2325 1394 frangit
2347 1332 2425 1380 sed-

407 1394 563 1450 flectit,
599 1395 633 1442 si
657 1410 763 1458 quae
780 1393 883 1442 sunt
917 1396 965 1442 in
981 1395 1148 1460 quibus
1177 1395 1451 1445 sanctitatem
1466 1397 1632 1462 posuit,
1668 1397 1718 1443 δε
1742 1396 1848 1443 talia
1870 1395 1988 1454 sunt,
2023 1413 2131 1461 quae
2156 1415 2248 1446 non
2264 1412 2428 1447 contra

407 1461 617 1509 ordinem
656 1462 886 1511 Divinum
909 1462 959 1509 &
990 1462 1257 1521 naturalem,
1293 1463 1367 1511 sed
1392 1467 1440 1512 in
1473 1464 1514 1512 se
1536 1462 1794 1527 adiaphora,
1830 1463 1907 1510 illa
1921 1465 2154 1512 Dominus
2187 1466 2417 1529 relinquit,

404 1526 456 1574 &
469 1529 706 1590 patiturut
722 1529 768 1575 iri
793 1529 846 1575 iis
869 1541 1079 1585 maneat;
1114 1529 1229 1578 ficut
1260 1530 1391 1596 plura
1423 1532 1469 1578 in
1494 1532 1703 1595 Antiqua
1727 1529 1927 1578 Ecclesia
1944 1530 2118 1589 Altera,
2155 1532 2212 1579 de
2236 1533 2421 1596 quibus,

406 1595 654 1651 equivina
689 1596 884 1643 Domini
925 1595 1255 1654 Misericordia,
1291 1600 1338 1645 in
1379 1597 1679 1662 sequentibus.

471 1668 622 1725 “1256.
659 1662 713 1709 In
737 1663 950 1725 gentibus
979 1678 1159 1718 eorum,
1193 1665 1324 1727 quod
1360 1664 1615 1727 significent
1637 1663 1788 1711 cultus
1819 1663 2035 1711 Ecclesiae
2070 1665 2115 1712 in
2158 1668 2418 1720 communi,

410 1727 582 1776 constat
605 1727 662 1775 ab
678 1728 766 1775 illis
790 1744 897 1791 quae
925 1730 1051 1791 prius
1075 1729 1135 1777 de
1150 1730 1364 1793 gentibus
1380 1731 1516 1787 dieta,
1552 1732 1602 1778 δε
1617 1731 1673 1778 ab
1696 1731 1783 1777 illis
1800 1746 1905 1792 quae
1930 1733 2191 1794 sequuntur.

489 1811 506 1841 1
520 1810 628 1859 257.
649 1796 713 1841 Et
737 1795 793 1841 ab
831 1793 918 1841 illis
963 1794 1159 1859 dispersa·
1169 1797 1277 1859 fiant
1291 1806 1439 1859 gentes
1482 1800 1528 1844 in
1551 1807 1671 1860 terra
1710 1796 1802 1858 post
1824 1796 2049 1844 diluvium.
2120 1799 2202 1846 Ab
2225 1800 2311 1847 illis
2349 1801 2420 1847 di·-

407 1858 564 1924 spersae
590 1859 691 1907 sunt
708 1872 864 1924 gentes
892 1861 938 1908 in
962 1873 1093 1918 terra,
1118 1862 1375 1925 significant
1396 1863 1522 1927 quod
1545 1863 1651 1910 inde
1682 1862 2015 1911 omnes'cultus
2030 1863 2244 1913 Ecclesiae
2267 1868 2423 1931 quoad

405 1925 523 1979 bona
545 1927 595 1974 ὅτ,
619 1928 754 1984 mala,
778 1943 886 1990 quae
909 1927 1221 1990 significantur
1240 1943 1322 1993 per
1342 1943 1498 1994 gentes
1519 1952 1534 1987 3
1563 1943 1677 1978 terra
1698 1930 1763 1977 est
1787 1930 2014 1978 Ecclefia:
2039 1945 2042 1948 ’
2049 1931 2152 1994 post
2169 1932 2418 1991 diluvium,

406 1992 631 2055 significat
654 1994 711 2040 ab
733 1995 864 2041 initio
888 1995 1115 2058 Antiquae
1138 1996 1367 2043 Ecclesiae.

482 2075 534 2110 12
543 2064 621 2123 58.
658 2060 805 2124 Qiod
829 2060 885 2108 ab
908 2060 994 2107 illis
1012 2060 1218 2124 dispersae
1235 2063 1321 2110 sint
1337 2076 1495 2127 gentes
1512 2063 1559 2111 in
1575 2076 1707 2120 terra,
1722 2063 1978 2127 significent
1993 2065 2121 2128 quod
2137 2065 2241 2113 inde
2259 2083 2419 2115 omnes

408 2126 559 2174 cultus
602 2126 818 2174 Ecclefiae
853 2127 1006 2191 quoad
1045 2127 1165 2176 bona
1189 2142 1266 2178 aut
1297 2130 1448 2187 mala3
1483 2131 1610 2194 quod
1639 2132 1739 2179 haec
1788 2131 2098 2194 significentur
2124 2149 2207 2196 per
2242 2147 2417 2197 gentes,

410 2192 585 2241 constat
608 2194 975 2257 asignificatione
992 2197 1205 2258 gentium
1227 2199 1238 2244 Ξ
1277 2213 1358 2260 per
1380 2211 1566 2261 gentem
1592 2198 1832 2245 intelleehe
1850 2198 1968 2256 sunt,
2004 2211 2058 2246 ut
2080 2202 2206 2262 prius
2222 2201 2418 2259 distum,

405 2260 557 2323 plures
581 2258 766 2307 familiae
783 2261 917 2308 simul
944 2284 958 2316 3
995 2261 1145 2324 plures
1177 2261 1383 2321 familiae,
1417 2280 1523 2328 quae
1559 2281 1706 2312 unum
1738 2264 2037 2329 agnoscebant
2059 2268 2252 2329 patrem,
2287 2266 2424 2316 facie-

407 2326 514 2372 bant
530 2342 674 2373 unam
699 2339 885 2390 gentem
908 2328 956 2374 in
981 2329 1309 2393 Antiquiffima
1330 2331 1381 2378 &
1407 2332 1618 2396 Antiqua
1643 2331 1840 2379 Ecclesia
1860 2354 1874 2387 3
1912 2331 1986 2380 sed
2019 2332 2147 2396 quod
2171 2335 2218 2380 in
2243 2336 2422 2383 interno

405 2393 728 2443 sensuGentes
759 2393 1014 2456 significent
1037 2396 1196 2456 ,cultus
1230 2397 1464 2455 Ecclesiae,
1500 2399 1756 2462 &quidem
1792 2399 1944 2462 quoad
1978 2402 2096 2446 bona
2117 2413 2195 2447 aut
2218 2401 2338 2448 mala
2374 2404 2421 2450 in

405 2458 551 2515 cultu,
588 2461 650 2505 ita
666 2457 707 2505 se
731 2475 798 2506 res
816 2459 979 2516 habet3
1014 2476 1122 2508 cum
1139 2461 1326 2511 familia:
1351 2465 1400 2512 δε
1425 2477 1582 2528 gentes
1605 2465 1861 2529 spectantur
1884 2465 1940 2513 ab
1957 2466 2171 2531 AngeliS,
2197 2468 2419 2532 nusquam

405 2524 570 2573 habent
593 2525 743 2573 ideam
768 2528 935 2589 genti-«3,
971 2525 1047 2574 sed
1063 2529 1208 2576 modo
1225 2530 1376 2577 ideam
1402 2531 1552 2578 cultus
1568 2532 1691 2604 apud
1725 2549 1842 2589 eam,
1880 2531 2080 2596 spe&ant
2103 2535 2226 2580 enim
2259 2551 2419 2582 omnes

404 2608 458 2638 ex
484 2592 576 2655 ipsa
598 2592 827 2656 qualitate,
863 2591 937 2639 seu
961 2609 1015 2638 ex
1038 2609 1198 2640 eorum
1217 2596 1357 2658 quali,
1393 2597 1582 2659 qualitas
1603 2598 1677 2644 seu
1701 2599 1834 2661 quale
1855 2598 2072 2655 hominis,
2095 2615 2152 2646 ex
2175 2617 2269 2663 quo
2292 2600 2418 2664 spec-

404 2670 524 2706 tatur
547 2660 592 2706 in
611 2659 750 2715 coelo,
785 2658 849 2705 est
866 2658 1116 2707 charitas&
1133 2660 1247 2708 fides
1268 2680 1278 2709 :
1316 2662 1405 2709 hoc
1429 2661 1661 2710 manifeste
1685 2666 1785 2727 capi
1811 2665 1956 2723 potest
1990 2669 2047 2712 ab
2071 2669 2347 2728 unoquovis,
2385 2668 2419 2715 si

408 2725 624 2783 attendat,
684 2741 793 2773 cum
851 2725 1056 2789 aliquem
1110 2726 1366 2785 hominem,
1415 2741 1492 2776 aut
1532 2729 1732 2793 aliquam
1788 2728 2026 2788 familiam,
2086 2744 2163 2778 aut
2219 2733 2419 2797 aliquam

407 2790 590 2855 genteni
613 2791 794 2856 speetat‚
829 2793 1137 2856 utplurimum
1162 2795 1334 2858 cogitat
1354 2792 1509 2858 quales
1539 2795 1657 2852 sunt,
1692 2795 1884 2859 quisque
1924 2796 1980 2843 ab
2013 2813 2084 2855 eo,
2120 2799 2248 2862 quod
2295 2801 2419 2864 apud

407 2873 516 2904 eum
539 2871 651 2906 tunc
676 2871 851 2923 regnat,
889 2859 989 2906 idea
1011 2860 1238 2924 qualitatis
1262 2877 1422 2909 eorum
1439 2862 1562 2910 illico
1586 2864 1790 2919 obvenit,
1825 2863 1876 2909 ὅτ
1901 2863 2065 2911 exinde
2095 2865 2219 2929 apud
2244 2865 2285 2914 se
2309 2883 2420 2914 con-

408 2924 567 2972 siderat
579 2939 696 2980 -eos3
732 2927 878 2989 magis
902 2926 1052 2974 adhuc
1066 2928 1316 2985 DominuS,
1352 2929 1403 2975 ὅτ
1420 2928 1476 2975 ab
1499 2928 1602 2992 Ipso
1616 2929 1782 2993 angeli,
1819 2945 1911 2976 non
1929 2928 2121 2994 sperare
2136 2933 2319 2995 poffunt
2334 2934 2417 2982 ho-

409 2991 599 3047 minem,
635 2990 869 3049 familiam,
905 2993 954 3040 &
978 3007 1182 3056 gentem,
1218 3011 1357 3059 quam
1383 3011 1408 3042 a
1423 2996 1545 3059 quali
1562 3012 1721 3043 eorum
1740 2995 1894 3059 quoad
1913 2997 2173 3045 charitatem
2191 3001 2238 3046 &
2254 3000 2416 3058 fidem,

407 3055 514 3104 inde
537 3057 583 3102 in
608 3054 731 3104 sensu
756 3059 930 3105 interno
959 3076 1040 3123 per
1062 3073 1220 3124 gentes
1250 3061 1362 3109 nihil
1378 3061 1503 3110 aliud
1529 3062 1807 3126 significatur
1823 3078 1962 3126 quam
1995 3064 2144 3111 cultus
2183 3065 2416 3124 Ecclesiae,

409 3125 457 3170 &
483 3122 673 3186 quidem
695 3124 847 3186 quoad
871 3123 966 3187 ejus
987 3128 1136 3189 quale,
1172 3128 1298 3192 quod
1318 3129 1383 3176 est
1424 3129 1601 3176 bonurn
1625 3129 1850 3176 charitatis
1870 3130 1920 3177 ὅτ
1945 3146 2108 3178 verum
2134 3131 2244 3178 fidei
2267 3133 2372 3179 inde
2399 3155 2413 3188 3

405 3188 593 3255 quando
606 3203 702 3238 vox
724 3190 933 3253 gentium
957 3192 1001 3238 in
1027 3193 1183 3259 Verbo
1198 3196 1412 3252 occurrit,
1424 3195 1596 3259 Angeli
1621 3195 1840 3261 nusquam
1861 3210 2046 3256 manent
2063 3198 2109 3243 in
2132 3196 2231 3244 idea
2248 3199 2415 3309 gsentis,

1414 3262 1460 3308 G
1484 3277 1519 3324 g
1542 3277 1576 3326 g
1613 3279 1638 3311 2
2057 3269 2065 3272 ’
2279 3273 2416 3309 ecun-
