2788 3736
394 313 518 382 132
923 291 985 356 G
1075 288 1136 354 E
1229 289 1315 353 N
1397 290 1459 354 E
1551 290 1736 372 SjI
1819 291 1884 358 S.

452 443 564 504 4¹78.
602 435 748 501 Qod
770 434 926 481 Adam
962 432 1154 489 dicatur,
1189 430 1316 479 causa
1353 423 1448 489 est,
1467 425 1572 495 quia
1610 446 1708 479 vox
1741 432 1944 482 Hebraea
1963 433 2121 488 Adam
2159 433 2381 500 significat

386 507 636 558 Hominem3
673 513 716 548 at
751 499 878 563 quod
912 498 1133 562 ‘nusquam
1157 499 1342 546 nornine
1363 498 1545 561 proprie
1566 497 1723 553 Adam
1746 497 1912 555 dietus,
1946 497 2023 551 sed
2041 497 2230 558 Homo,
2271 517 2380 554 con-

387 571 469 618 stat
507 565 735 629 manifeste
757 565 831 616 hic,
868 566 918 613 &
956 567 1101 628 prius,
1132 565 1260 628 quod
1277 579 1369 611 non
1393 565 1440 612 in
1463 563 1692 627 singulari,
1728 561 1803 624 sed
1826 563 1874 611 in
1895 563 2057 627 plurali
2079 563 2271 624 dicatur,
2305 578 2382 614 aut

386 636 514 699 quod
552 635 608 695 de
646 644 839 696 utroque
877 631 1149 696 praedicetur
1188 639 1282 678 tam
1324 629 1382 676 de
1405 631 1524 686 viro,
1561 645 1701 692 quam
1723 629 1779 678 de
1802 627 2001 686 faemina,
2035 643 2224 704 uterque
2246 632 2382 680 fimul

388 702 552 747 dicitur
575 700 742 748 Homo
760 720 778 761 ³„
810 697 939 760 quod
962 697 1019 752 de
1041 706 1252 759 utroque,
1286 695 1476 759 quisque-
1498 694 1643 759 potest
1676 711 1735 743 ex
1759 695 1907 744 verbis
1929 695 2102 753 videre,
2136 712 2242 744 narn
2270 694 2385 749 dic-i-

390 779 479 822 tur,
519 770 552 792 “
573 765 760 823 ‘vocavit
784 775 953 810 nomen
977 762 1162 810 illorum
1186 762 1371 819 Homo,
1408 763 1455 808 in
1477 762 1549 810 die
1573 777 1668 825 quo
1691 762 1829 809 creati
1854 760 2005 818 sunt,”
2039 760 2243 811 similiter
2263 761 2383 827 Cap:

386 833 429 879 I:
468 829 684 888 faciamus
707 829 942 887 hominem
966 830 1012 892 in
1031 828 1278 891 imaginem
1303 826 1517 884 nostram,
1552 827 1602 875 &
1617 827 1975 875 dominabuntur
1999 828 2044 874 in
2068 826 2211 892 pisces
2234 822 2385 886 maris,

389 913 466 960 27,
495 901 570 945 28.
607 893 712 943 inde
736 910 918 958 quoque
943 894 1140 942 constare
1161 892 1324 958 potest,
1359 893 1487 956 quod
1510 908 1604 940 non
1627 893 1686 942 de
1709 895 1921 941 omnium
1944 893 2097 959 primo
2119 893 2274 956 aliquo
2305 893 2386 943 ho-

387 965 509 1010 mine
533 964 698 1020 creato,
734 960 808 1007 sed
834 960 891 1007 de
918 961 1241 1024 Antiquissima
1262 959 1479 1016 Ecclesia,
1514 971 1688 1022 agatur.
1957 961 1960 964 ’

453 1043 566 1093 479.
603 1029 693 1075 Per
715 1038 890 1086 'nomen
912 1041 1088 1082 vocare,
1133 1024 1206 1072 seu
1246 1027 1428 1073 nomine
1452 1041 1631 1082 voca-re,
1682 1023 1957 1089 fignificatur
1990 1023 2037 1072 in
2059 1023 2242 1083 Verbo,
2269 1025 2388 1074 nosse

386 1094 531 1158 qualis
572 1092 651 1150 est,
692 1104 745 1139 ut
784 1092 908 1156 prius
941 1090 1182 1148 ostensum,
1217 1091 1291 1139 hic
1330 1091 1473 1154 qualis
1503 1091 1606 1138 effet
1630 1091 1953 1154 Antiquissima
1974 1090 2193 1155 Ecclefia,
2223 1107 2388 1156 nempe

387 1160 512 1224 quod
536 1160 703 1207 Homo
726 1157 899 1205 sumtus
923 1158 980 1204 de
1014 1157 1158 1204 humo
1195 1156 1268 1204 seu
1295 1159 1577 1220 fegeneratus
1600 1173 1626 1204 a
1646 1157 1871 1213 Domine,
1908 1173 2018 1204 nam
2031 1155 2191 1204 Adam
2213 1155 2277 1203 est
2298 1156 2384 1204 hu-

388 1241 491 1272 mus
514 1248 528 1280 ;
560 1226 610 1272 &
634 1225 737 1272 dein
761 1239 871 1270 cum
893 1222 1086 1279 coelestis
1109 1221 1268 1280 fastus,
1294 1222 1422 1286 quod
1431 1223 1598 1271 Homo
1615 1239 1711 1287 pree
1734 1222 1828 1271 aliis
1851 1238 1910 1270 ex
1925 1221 2017 1271 fide
2041 1222 2206 1269 amoris
2223 1224 2272 1270 in
2286 1222 2387 1270 Do-

389 1303 584 1337 minum.
620 1320 624 1324 -
2178 1330 2181 1337 ,

453 1361 565 1416 480.
604 1356 747 1420 Qod
781 1356 948 1410 Homo
970 1355 1120 1403 vocati
1160 1354 1234 1402 die
1269 1370 1364 1418 quo
1401 1355 1552 1412 creati,
1587 1352 1758 1403 constat
1781 1353 1966 1418 quoque
1989 1371 2014 1401 a
2038 1353 2200 1418 Capite
2227 1370 2277 1402 1:
2307 1355 2387 1411 26,

391 1437 465 1484 27.
506 1438 669 1484 nempe
705 1423 750 1467 in
780 1421 875 1468 'fine
915 1420 1027 1475 sexti
1067 1420 1174 1477 diei,
1209 1423 1290 1484 qui
1312 1419 1549 1484 respondet
1570 1420 1768 1484 vesperae
1810 1417 2023 1485 sabbathi,
2059 1419 2133 1466 seu
2157 1435 2267 1467 cum
2292 1418 2387 1467 sab-

390 1488 575 1544 bathum
599 1499 675 1541 aut
708 1486 922 1550 septimus
945 1487 1038 1534 dies
1062 1477 1326 1542 inchoavit3
1368 1502 1475 1533 nam
1515 1485 1730 1551 septimus
1765 1485 1874 1543 dies,
1911 1484 1983 1533 seu
2008 1484 2288 1542 sabbathum,
2324 1484 2393 1552 est-

389 1554 579 1600 coelestis
603 1553 762 1609 homo,
793 1562 850 1599 ‘ut
873 1553 996 1615 prius
1020 1551 1259 1609 ostensum.

455 1624 566 1678 481.
602 1618 743 1666 Vers:
784 1636 825 1679 3.
868 1620 932 1665 Et
954 1621 1071 1665 vixit
1094 1619 1232 1666 Homo
1269 1619 1453 1681 triginta
1485 1615 1541 1665 ἑὸ)
1562 1625 1722 1664 centum
1739 1619 1884 1674 annis,
1920 1616 1976 1665 ξεῖ)
1997 1619 2147 1680 genuit
2169 1619 2214 1664 in
2235 1612 2389 1676 simili-

389 1685 571 1732 tudinem
583 1685 725 1746 fitam,
750 1683 975 1745 secundum
990 1685 1213 1745 imaginem
1224 1684 1368 1746 suam,
1404 1682 1459 1731 &²
1482 1684 1661 1728 vocavit
1684 1699 1827 1731 nomen
1850 1685 1937 1746 ejus
1961 1682 2128 1729 Scheth.
2197 1683 2284 1730 Per
2307 1683 2388 1729 tri-
2439 1685 2442 1687 ’

389 1751 515 1812 ginta
536 1751 585 1797 δε
619 1761 802 1796 centum
827 1764 963 1795 annos
987 1748 1264 1811 significatur
1284 1760 1483 1811 tempus,
1519 1759 1758 1810 antequam
1782 1763 1900 1795 nova
1916 1747 2115 1795 Ecclefia
2137 1759 2249 1804 orta,
2284 1763 2391 1810 quae

388 1817 493 1878 quia
525 1832 616 1862 non
654 1815 716 1860 ita
751 1813 961 1860 abfimilis
993 1812 1085 1860 *fuit
1109 1814 1469 1876 Antiquiffimae,
1503 1812 1671 1860 dicitur
1693 1812 1820 1876 quod
1843 1824 1946 1860 nata
1966 1814 2012 1860 in
2048 1812 2391 1860 similitudinem

391 1880 502 1944 ejus,
538 1881 587 1928 &
613 1879 860 1935 secundum
885 1880 1134 1943 imaginem
1157 1876 1268 1942 erS,
1294 1877 1369 1926 sed
1389 1877 1640 1926 similitudo
1663 1877 1829 1943 spestat
1842 1878 2001 1935 fidem,
2018 1878 2068 1926 ὅτ
2093 1879 2248 1943 imago
2263 1887 2390 1926 amo-

394 1962 488 2004 rem
509 1970 522 2002 ·,
560 1947 657 2002 haec
680 1944 880 1992 Ecclesia
903 1946 1023 1992 dieta
1044 1945 1108 1991 est
1130 1945 1310 1994 Scheth.
2337 1976 2339 1980 ψ

455 2017 565 2071 482.
605 2009 734 2074 Qid
771 2011 945 2057 anni&
970 2012 1146 2056 numeri
1188 2025 1429 2065 annorum,
1465 2010 1545 2073 qui
1582 2010 1629 2055 in
1652 2008 1740 2056 hoc
1765 2009 1925 2073 Capite
1949 2020 2214 2063 occurrunt,
2251 2009 2298 2056 in
2319 2010 2387 2056 in-

394 2088 520 2123 terno
554 2075 677 2122 sensu
703 2075 970 2138 significant,
1007 2075 1216 2122 nondum
1241 2075 1372 2122 alicui
1396 2077 1557 2122 notum
1582 2073 1676 2130 est·,
1711 2075 1791 2141 qui
1816 2075 1862 2121 in
1884 2073 2007 2120 sensu
2031 2074 2172 2122 literae
2205 2073 2322 2131 sunt,
2359 2075 2391 2121 ii

392 2154 553 2207 putant
577 2157 712 2188 annos
736 2141 818 2187 effe
841 2139 1083 2197 saeculares,
1119 2139 1193 2187 sed
1216 2140 1289 2187 hic
1319 2140 1460 2204 usque
1483 2141 1540 2187 ad
1564 2141 1718 2203 Caput
1739 2156 1836 2187 ΧΗ.
1871 2137 1983 2186 nihil
2014 2139 2296 2197 historicum,
2332 2140 2389 2187 fi-

394 2219 473 2254 cut
512 2209 565 2261 in
589 2206 710 2253 sensu
728 2250 730 2254 ,
749 2206 888 2252 literae
920 2218 1117 2269 apparet,
1153 2207 1425 2261 continetur,
1461 2206 1535 2252 sed
1565 2207 1719 2252 omnia
1741 2205 1791 2254 &
1824 2204 1999 2268 singula
2021 2206 2253 2253 continent
2275 2205 2388 2261 alia,

394 2274 507 2320 ficut
546 2273 745 2329 nomina,
786 2273 848 2318 it'a
875 2287 1058 2334 quoque
1098 2273 1303 2319 numeri:
1341 2275 1387 2318 in
1408 2270 1564 2318 Verbo
1590 2271 1788 2318 occurrit
1826 2271 1984 2334 paflim
2008 2287 2223 2318 numerus
2243 2285 2388 2319 terna-

396 2341 504 2393 rius,
529 2351 630 2384 tum
655 2353 838 2399 quoque
860 2335 1145 2399 septenarius,
1180 2337 1230 2383 δε
1253 2337 1421 2399 ubique
1444 2336 1696 2399 significant
1719 2336 1902 2399 aliquod
1926 2336 2127 2383 sanfflmm
2149 2336 2223 2384 seu
2245 2337 2387 2385 sacro-

366 2454 371 2458 ,
398 2405 595 2451 sanstum
610 2403 759 2465 quoad
784 2403 934 2457 status,
953 2418 1067 2465 quos
1085 2415 1292 2465 tempora
1313 2414 1389 2448 aut
1411 2401 1493 2449 alia
1508 2402 1749 2448 involvunt
1766 2415 1844 2449 aut
1855 2401 2172 2466 'repraesentant
2192 2425 2207 2458 ·,
2245 2402 2387 2451 simile

398 2472 444 2515 in
472 2469 671 2526 minimis
712 2467 955 2513 intervallis
978 2484 1028 2515 ac
1053 2469 1096 2515 in
1123 2469 1348 2524 maximis,
1383 2484 1490 2516 nam
1522 2467 1635 2515 ficut
1658 2480 1802 2530 partes
1843 2467 1945 2514 sunt
1979 2470 2135 2525 totius,
2172 2470 2234 2516 ita
2255 2470 2390 2516 mini·

399 2551 472 2580 ma
511 2534 611 2580 sunt
650 2535 990 2588 maximorum,
1025 2549 1132 2580 nam
1155 2533 1358 2580 {imiliter
1378 2533 1419 2580 se
1442 2528 1685 2591 habebunt,
1725 2545 1778 2580 ut
1800 2545 1952 2581 totum
1984 2529 2040 2580 ex
2062 2534 2278 2598 partibus,
2313 2548 2391 2582 aut

400 2600 651 2646 maximum
676 2616 700 2646 a
724 2599 923 2645 minimis
944 2600 1263 2646 convenienter
1285 2597 1440 2646 existat
1456 2621 1473 2654 ς
1499 2611 1551 2645 ut
1574 2600 1696 2662 apud
1719 2598 1912 2657 Esaiam,
1951 2605 1984 2626 “
2007 2600 2148 2646 Nunc
2171 2600 2391 2662 loquutus

401 2672 431 2691 ‘⁸
468 2665 531 2711 est
555 2663 759 2725 Jehovah
782 2664 992 2720 dicendo,
1032 2666 1078 2710 in
1101 2666 1239 2712 tribus
1260 2666 1414 2721 Annis,
1450 2663 1698 2712 secundum
1719 2667 1864 2713 Annos
1887 2665 2175 2728 Mercenarii,
2210 2663 2261 2712 &
2284 2664 2393 2711 vilis

403 2736 435 2756 ‘²
472 2729 683 2776 reddetur
705 2729 849 2792 gloria
871 2729 1082 2786 Moabi,''
1106 2746 1215 2778 xvi:
1248 2747 1319 2789 14.
1345 2730 1467 2794 apud
1488 2730 1722 2787 Eundem,
1762 2736 1795 2757 “
1816 2731 1949 2777 Dixit
1964 2730 2193 2776 Dominus
2216 2729 2272 2775 ad
2295 2745 2388 2788 me,

406 2801 438 2821 ‘⁶
475 2797 519 2840 in
540 2796 686 2840 adhuc
709 2797 848 2849 Anne,
877 2792 1008 2856 juxta
1028 2796 1172 2843 Annos
1194 2797 1469 2852 mercenarii,
1507 2797 1555 2844 &
1577 2795 1864 2843 consumetur
1895 2796 2044 2842 omnis
2074 2794 2218 2856 gloria
2238 2795 2387 2843 Keda-

405 2865 437 2886 ‘'
474 2861 581 2914 ris,'’
622 2875 736 2906 xm:
769 2861 839 2908 16.
882 2860 958 2906 ubi
982 2860 1290 2922 significantur
1311 2874 1404 2908 tam
1429 2862 1619 2909 minima
1651 2875 1789 2922 quam
1829 2860 2027 2905 maxima
2048 2860 2307 2907 intervalla:
2342 2877 2388 2908 a-

403 2925 500 2987 pud
540 2923 797 2980 Habakuk,
842 2930 875 2950 “
900 2925 1120 2984 Jehovah,
1156 2926 1309 2978 audivi
1349 2924 1518 2972 famam
1556 2937 1702 2990 tuam,
1755 2927 1972 2970 reveritus
2007 2923 2123 2981 sum,
2160 2926 2386 2985 Jehovah,

406 2995 587 3053 “opus
619 3000 770 3044 tuum,
813 2990 858 3034 in
900 2991 1054 3036 medio
1076 2993 1294 3038 Annorum
1316 2990 1500 3036 vivifica
1524 2989 1654 3045 illud,
1704 2990 1749 3035 in
1791 2989 1944 3035 medio
1974 2991 2192 3037 Annorum
2225 3004 2390 3040 notum

404 3059 438 3081 “
472 3054 650 3111 facias‚”
680 3069 744 3099 111
764 3072 775 3100 z
805 3071 851 3108 2,
889 3055 968 3101 ubi
992 3056 1198 3102 medium
1219 3056 1465 3102 Annorum
1488 3070 1574 3118 pro
1597 3054 1794 3101 adventu
1816 3055 2035 3110 Domini3
2072 3057 2207 3103 etiam
2231 3059 2276 3103 in
2300 3060 2391 3104 mi..

402 3120 587 3166 noribus
621 3119 862 3165 intervallis
889 3134 974 3181 pro
1007 3122 1132 3168 omni
1156 3121 1358 3167 Domini
1373 3120 1588 3176 adventu,
1623 3131 1674 3166 ut
1698 3136 1806 3167 cum
1830 3133 2113 3183 regeneratur
2134 3122 2307 3177 homo3
2343 3125 2394 3170 inv

404 3184 673 3247 majoribus,v
701 3184 815 3231 dum
847 3200 870 3230 e
910 3199 1032 3231 novo
1055 3184 1252 3231 Ecclesia
1273 3185 1466 3233 Domini
1501 3185 1726 3249 exsurgit:
1752 3183 1949 3232 ‘vocatur
1972 3187 2107 3234 etiam
2132 3189 2298 3234 Annus
2321 3203 2388 3234 re-

400 3251 706 3315 demptorum,
742 3249 863 3312 apud
886 3247 1076 3305 Esaiam,
1122 3254 1154 3276 “
1178 3248 1289 3297 Dies
1325 3250 1510 3299 ultionis
1539 3251 1592 3299 ιἔτι
1620 3250 1756 3298 corde
1780 3250 1899 3308 mec,
1937 3252 1985 3300 &
2009 3254 2159 3300 Annus
2181 3244 2388 3315 redemp-
2429 3263 2431 3265 ’

2236 3328 2396 3373 torum
