2788 3736
862 233 1292 297 CAPUT
1388 230 2016 295 TERTIUM.
2369 256 2449 324 ῃ

431 374 560 442 quod
583 372 715 420 detur
739 368 960 435 Spiritus:
997 371 1110 434 quid
1127 371 1220 417 vita
1240 369 1475 434 spiritualis
1497 370 1549 417 δε
1573 370 1783 427 coelestis,
1818 370 1996 434 prorsus
2030 371 2237 435 ignorant
2257 389 2265 416 :
2294 371 2451 418 Vitam-i·

429 455 647 491 aeternam
670 454 752 486 nec
774 436 1042 500 agnoscunt,
1077 453 1185 484 nam
1225 436 1267 484 se
1303 437 1496 485 credunt
1534 436 1647 483 sicut
1686 437 1817 484 bruta
1857 439 2127 485 morituros:
2187 438 2449 485 Dominum

431 505 614 573 prorsus
637 521 730 553 non
753 503 1020 567 agnoscunt,
1057 502 1131 550 sed
1156 503 1299 550 modo
1320 502 1459 550 semet
1481 502 1531 549 &
1554 511 1763 550 naturam
1786 503 1970 551 colunt:
2029 506 2110 567 qui
2154 515 2282 551 caute
2321 503 2450 567 loqui

431 573 616 630 volunt,
658 571 819 619 dicunt
857 570 955 618 Ens
993 568 1230 633 quoddam
1273 568 1556 631 supremum,
1605 569 1734 631 quod
1774 568 1975 616 nesciunt
2013 569 2126 633 quid
2166 570 2238 626 sit,
2298 586 2449 634 regere

431 641 601 688 omnia.
672 639 802 686 Haec
826 636 929 684 sunt
963 650 1127 683 eorum
1150 635 1388 696 principia,
1424 649 1532 696 quae
1562 634 1837 681 confirmant
1860 635 2017 681 multis
2041 652 2123 698 per
2162 635 2370 683 sensualia
2401 638 2452 683 δε

432 705 676 754 scientifica
697 703 822 768 apud
849 701 1023 755 semet;
1074 699 1109 746 si
1138 698 1229 746 aufi
1261 699 1415 755 ess‘ent,
1449 701 1585 746 etiam
1610 698 1808 747 facerent
1831 716 1981 748 coram
2009 701 2230 749 universo.
2299 703 2452 759 Tales,

430 773 645 838 quamvis
678 769 721 817 se
741 784 829 833 pro
850 767 937 813 diis
974 763 1050 812 seu
1087 763 1411 828 sapientissimis
1455 764 1636 829 agnosci
1672 766 1855 823 volunt,
1891 766 1924 813 fi
1961 780 2286 829 quaererentur,
2338 786 2453 816 num

431 839 610 895 scirent,
634 835 750 899 quid
771 848 866 880 non
889 832 1150 896 proprium,
1176 831 1511 895 respondebunt
1532 831 1660 895 quod
1678 832 1732 879 sit
1754 848 1845 879 non
1863 849 1958 890 ens,
1984 832 2016 879 fi
2037 835 2321 896 privarentur
2343 852 2458 899 pro*
2478 876 2482 878 a

430 906 536 971 prio
558 900 686 966 quod
706 898 821 947 nihil
843 898 1011 946 essent:
1046 898 1080 944 fi
1114 909 1443 961 quaererentur,
1478 899 1595 961 quid
1629 915 1655 945 a
1676 900 1886 946 Domino
1922 902 2093 956 vivere,
2129 902 2333 962 cogitant
2370 903 2454 948 effe

430 967 708 1036 phantasias:
742 965 776 1012 fi
792 967 1191 1028 interrogarentur,
1227 979 1343 1010 num
1373 963 1511 1011 sciant
1533 965 1649 1027 quid
1672 965 1973 1022 Conscientia,
2010 964 2211 1013 dicerent
2234 965 2316 1013 effe
2338 967 2449 1014 nihil

429 1027 555 1084 aliud
579 1048 721 1099 quam
754 1029 994 1095 quoddam
1017 1031 1357 1092 imaginarium,
1392 1029 1520 1094 quod
1545 1030 1755 1079 inservire
1778 1034 1913 1096 possit
1936 1047 2023 1096 pro
2045 1031 2192 1094 vulgo
2232 1044 2284 1078 ut
2307 1045 2452 1080 tenea-

430 1115 509 1151 tur
539 1101 587 1148 in
619 1097 836 1147 vinculo:
888 1096 923 1144 si
952 1098 1352 1161 interrogarentur,
1400 1113 1517 1144 num
1546 1096 1724 1154 scirent,
1759 1098 1874 1162 quid
1907 1099 2157 1163 perceptio,
2194 1097 2306 1146 nihil
2330 1098 2456 1146 aliud

431 1165 644 1224 facerent,
682 1179 825 1230 quam
857 1162 1109 1220 irriderent,
1144 1163 1196 1211 &
1233 1175 1450 1210 vocarent
1481 1163 1850 1212 enthusiasticum
1884 1165 2013 1228 quid.
2084 1165 2212 1212 Talis
2245 1163 2311 1213 est
2342 1165 2456 1229 sapi-

428 1235 550 1284 entia
568 1247 761 1287 eorum;
810 1229 919 1279 tales
939 1242 1116 1295 apertos
1139 1229 1299 1277 oculos
1321 1228 1504 1288 habent,
1538 1231 1589 1278 &
1613 1230 1721 1278 tales
1755 1231 1820 1278 dii
1853 1229 1984 1279 sunt:
2020 1246 2078 1279 ex
2098 1230 2262 1279 talibus
2284 1234 2453 1296 princi-

428 1302 533 1366 piis,
552 1314 659 1364 quae
682 1297 871 1346 clariora
885 1297 959 1344 die
974 1306 1139 1362 putant
1160 1296 1261 1354 effe,
1279 1295 1510 1354 inchoant,
1533 1297 1583 1345 δι
1600 1296 1876 1362 procedunt,
1899 1298 1950 1346 δε
1974 1297 2035 1344 sic
2057 1298 2378 1346 ratiocinantur
2394 1298 2452 1347 de
2547 1353 2554 1361 ,

429 1365 654 1431 mysteriis
670 1363 809 1420 fidei3
844 1363 961 1428 quid
990 1363 1097 1412 inde
1120 1362 1203 1411 nisi
1218 1362 1394 1426 abyss'us
1417 1362 1682 1427 mliginum.
1753 1363 1826 1411 Hi
1848 1362 1950 1410 sunt
1971 1362 2191 1427 serpentes
2213 1380 2312 1428 prae
2336 1363 2454 1421 aliis,

429 1431 755 1497 quiseducunt
777 1420 1023 1478 mundum.
1093 1428 1184 1478 Sed
1222 1430 1322 1478 talis
1346 1429 1557 1478 nondum
1580 1427 1670 1478 fuit
1701 1428 1802 1478 haec
1821 1429 2067 1495 ⁴posteritas
2090 1430 2307 1478 Ecclesiae
2340 1433 2455 1478 anti-

430 1496 694 1564 quiffimaeg
713 1496 777 1545 xat
807 1497 866 1545 de
888 1513 980 1561 qua
999 1498 1154 1560 agitur
1174 1512 1206 1574 a·
1232 1495 1360 1544 vers:
1401 1514 1460 1557 14
1475 1496 1533 1544 ad
1556 1515 1613 1563 19
1631 1494 1766 1561 hujus
1789 1498 1966 1560 capitis,
1990 1496 2090 1544 talis
2114 1494 2228 1544 facta
2243 1497 2364 1584 QZ„

430 1561 2456 1694 oeffissssssffifflfflfflmfflfflfflffimfflmssssaeffifflffi

433 1699 491 1749 &
511 1698 626 1747 dedit
648 1700 777 1746 etiam
798 1699 898 1744 viro
909 1698 993 1760 suo
1004 1698 1165 1760 secum,
1189 1696 1246 1746 &³
1269 1696 1458 1744 comedit.
1495 1697 1624 1744 Bona
1636 1696 1694 1744 ad
1707 1694 1850 1754 esum,
1869 1696 2094 1760 fignificat
2109 1696 2423 1760 Cupiditatem
2442 1719 2457 1751 ·,

431 1763 689 1830 appetibilis
711 1761 857 1811 oculis
879 1761 1164 1810 Phantafiam
1184 1784 1200 1817 ς
1237 1761 1540 1809 desiderabilis
1562 1762 1621 1810 ad
1645 1761 1852 1809 dandum
1876 1761 2250 1825 intelligentiam,
2277 1761 2458 1826 Volup-

434 1843 606 1878 tatem:
655 1828 756 1876 haec
779 1827 882 1875 sunt
903 1828 1084 1892 Proprii
1121 1827 1196 1875 seu
1220 1827 1449 1875 mulieris:
1486 1843 1570 1892 per
1590 1828 1778 1886 Virum,
1812 1828 1943 1892 quod
1981 1827 2250 1886 comederit,
2284 1827 2457 1893 signifi--

434 1907 563 1945 catur
586 1893 822 1943 Rationale
853 1894 980 1957 quod
1006 1892 1301 1948 consenserit;
1337 1910 1396 1941 n:
1424 1895 1534 1956 265.

505 1963 615 2010 208.
651 1961 778 2008 Haec
821 1957 910 2006 fuit
933 1960 1112 2024 Qarta
1133 1958 1373 2008 Posteritas
1408 1959 1627 2007 Ecclefiae
1663 1960 2000 2023 antiquissimae,
2038 1976 2145 2025 quae
2185 1959 2227 2008 se
2256 1961 2374 2024 passa
2395 1962 2461 2010 est

434 2026 585 2076 seduci
607 2025 665 2075 ab
686 2027 866 2074 Amore
888 2026 1110 2090 proprio,
1145 2025 1197 2074 δε
1233 2041 1326 2073 non
1350 2025 1533 2074 credere
1550 2025 1702 2075 voluit
1724 2027 1947 2086 revelatis,
1983 2027 2064 2075 nisi
2089 2026 2165 2076 illa
2187 2027 2456 2077 confirmata

431 2093 608 2143 videret
630 2109 688 2141 ex
709 2091 976 2141 sensualibus
1007 2093 1059 2140 δε
1082 2091 1350 2141 scientificis.

434 2157 1149 2284 b1111034ui'2‘jcss1ssssiffmffiiisaffl
1151 2158 2082 2291 ffiesstgghfiffieffiffitfflnbfrsuffinssass}
2103 2161 2456 2293 {327’2211311'1221

438 2293 549 2342 biles
572 2291 759 2340 fuerunt
781 2291 925 2340 indoli
947 2308 1126 2351 eorum,
1162 2293 1243 2356 qui
1265 2294 1573 2356 antiquiffimo
1595 2293 1674 2341 illo
1697 2305 1906 2357 tempore
1929 2295 2159 2352 vixerunt,
2190 2293 2387 2359 spectant
2409 2297 2455 2343 in

436 2359 580 2424 specie
602 2358 907 2416 voluntatem,
942 2376 1048 2408 nam
1090 2377 1116 2407 a
1139 2358 1373 2407 voluntate
1412 2360 1707 2408 scaturiebant
1742 2359 1862 2408 mala
1882 2377 2077 2418 eorum;
2113 2361 2191 2408 ubi
2228 2362 2275 2410 in
2298 2363 2455 2410 Verbo

438 2427 589 2491 agitur
611 2426 670 2474 de
693 2425 1054 2490 postdiluvianis,
1089 2426 1197 2475 tales
1222 2441 1358 2474 voces
1379 2426 1667 2484 adhibentur,
1701 2443 1808 2491 quae
1842 2443 1935 2475 non
1973 2427 2171 2491 spectant
2208 2429 2268 2476 ita
2289 2429 2454 2477 volun-

438 2505 599 2550 tatem,
634 2491 709 2541 sed
732 2491 1029 2550 intelleftum,
1066 2509 1173 2540 narn
1195 2493 1489 2557 antiquissimi
1511 2510 1539 2542 a
1562 2495 1694 2543 Bono
1737 2493 1961 2543 habebant
1986 2510 2164 2552 verum,
2201 2494 2276 2543 sed
2310 2495 2357 2543 hi
2376 2496 2453 2544 seu

415 2558 761 2624 ·postdiluviani
783 2575 810 2605 a
830 2559 956 2606 Vero
978 2558 1169 2607 bonum.

508 2643 617 2676 210.
652 2625 728 2672 Ut
751 2623 911 2672 sciatur
933 2626 1048 2687 quid
1078 2626 1356 2689 Proprium:
1394 2626 1477 2676 Est
1499 2627 1747 2692 Proprium
1784 2628 1987 2677 hominis
2011 2645 2151 2677 omne
2188 2628 2365 2676 malurn
2402 2629 2453 2678 δε

437 2691 616 2749 falsum,
650 2689 888 2738 scaturiens
918 2706 977 2738 ex
1001 2693 1180 2740 Amore
1202 2691 1268 2739 sui
1290 2693 1341 2741 &
1365 2695 1550 2750 mundi;
1584 2696 1634 2743 δε
1657 2695 1784 2758 quod
1805 2712 1898 2744 non
1920 2697 2145 2752 Domino,
2178 2708 2256 2743 aut
2278 2696 2453 2753 Verbo,

437 2759 510 2811 sed
534 2757 711 2807 sibimet
729 2757 932 2815 credant,
957 2770 1226 2822 putentque,
1251 2759 1381 2823 quod
1404 2775 1498 2807 non
1521 2761 1707 2824 capiunt
1730 2760 1977 2809 sensualiter
1999 2762 2050 2808 ὅτ
2066 2761 2324 2819 scientifice,
2358 2763 2450 2810 hoc

438 2826 549 2875 nihil
569 2825 686 2882 effe;
720 2824 824 2872 inde
846 2823 967 2872 fiunt
986 2841 1079 2872 non
1104 2825 1186 2872 nis1
1209 2841 1350 2889 quam
1374 2826 1549 2874 malum
1572 2828 1623 2874 ὅτ
1646 2824 1807 2874 falsum
1825 2824 1925 2883 3‘&
1943 2827 2003 2875 fic
2026 2827 2228 2891 perverse
2252 2828 2451 2891 spefflint
2496 2851 2498 2853 ·

439 2892 624 2948 omnia,
660 2907 767 2955 quae
784 2891 901 2940 mala
921 2890 1024 2939 fiint
1043 2891 1202 2939 vident
1225 2904 1278 2939 ut
1298 2891 1433 2950 bona,
1468 2909 1575 2956 quae
1598 2892 1716 2940 bona
1737 2906 1790 2940 ut
1814 2894 1955 2950 mala3
1995 2911 2101 2958 quae
2132 2893 2235 2942 falsa
2257 2907 2308 2942 ut
2331 2913 2452 2952 vera,

440 2959 490 3006 &
526 2974 632 3020 quae
669 2973 776 3004 vera
804 2968 858 3004 ut
884 2955 1019 3006 falsa:
1055 2974 1162 3021 quae
1198 2957 1315 3015 sunt,
1351 2972 1515 3022 putant
1537 2960 1620 3007 effe
1640 2959 1769 3017 nihil,
1804 2961 1854 3008 &
1877 2977 1984 3024 quae
2007 2961 2117 3010 nihil
2142 2961 2258 3018 sunt,
2294 2976 2476 3025 putant„

439 3015 523 3071 effe
548 3039 705 3071 omne:
759 3024 939 3075 Odium
979 3036 1146 3071 vocant
1169 3041 1388 3082 amorem,
1421 3026 1678 3090 Caliginem
1702 3026 1871 3084 lucem,
1896 3029 2106 3080 Mortem
2131 3027 2290 3084 vitam,
2316 3045 2364 3076 ac
2382 3031 2453 3074 vi·
2529 3069 2537 3093 ι

436 3091 612 3136 ciffim:
664 3090 710 3135 in
732 3086 888 3137 Verbo
924 3103 1148 3145 vocantur
1182 3091 1290 3138 tales
1329 3092 1478 3139 claudi
1510 3093 1560 3139 δε
1597 3094 1721 3140 caeci.
1792 3095 1905 3143 Hoc
1940 3110 2061 3153 nunc
2101 3093 2164 3143 est
2200 3095 2447 3159 Proprium
2548 3091 2555 3094 ’

440 3156 672 3212 hominiS,
690 3155 816 3218 quod
838 3157 884 3204 in
919 3156 961 3205 se
994 3156 1058 3205 est
1081 3155 1293 3206 infernale
1314 3158 1365 3206 &
1390 3158 1671 3207 damnatum.

1434 3291 1457 3340 1
2344 3309 2454 3341 211.
