2788 3736
385 288 515 355 226
880 279 1856 351 GENESI‘S.

375 437 502 490 parat
524 425 696 480 avibus,
732 421 813 469 ubi
838 420 968 478 dicit,
1012 425 1046 448 “
1071 421 1237 469 Semen
1260 418 1387 483 quod
1411 420 1578 468 cecidit
1613 418 1771 484 super
1767 421 1904 469 viam
1929 421 2111 483 duram,
2153 426 2396 477 conculca·

376 498 411 521 “
446 505 549 540 tum
573 490 652 547 est,
691 489 741 537 &
764 488 881 536 Aves
917 487 1026 535 coeli
1057 487 1356 535 comederunt
1380 487 1542 544 illud‚''
1579 487 1758 536 Matth·
1787 503 1915 536 xm:
1941 506 1990 550 4.
2029 491 2162 540 Luc·
2188 508 2325 544 νειμ
2353 510 2397 557 5

376 557 540 608 Marc:
582 573 664 603 ιν.
691 573 741 617 4,
772 571 844 619 15.
871 554 950 602 ubi
974 570 1079 602 aves
1102 554 1210 602 coeli
1245 570 1337 601 non
1362 554 1486 601 aliud
1510 552 1614 602 sunt
1640 570 1782 618 quarn
1807 553 1927 603 falsa.

449 640 558 689 779.
596 623 744 688 Qod
785 623 1009 672 intrarunt
1041 621 1099 669 ad
1120 620 1367 668 Noachum
1404 623 1450 668 in
1483 636 1661 678 arcam,
1691 621 1917 684 fignificet
1949 621 2078 686 quod
2094 621 2262 673 saluata
2293 625 2415 684 sint,

378 691 505 754 prius
530 690 709 743 dictum
734 688 813 737 est.
888 688 1034 751 Qod
1059 688 1165 736 bina
1187 688 1238 735 &
1262 686 1366 735 bina
1387 687 1644 757 fignificent
1668 690 1807 752 paria,
1845 703 1954 752 quae
1977 688 2092 752 quid
2111 689 2215 748 sint,
2245 692 2400 787 videa·

380 770 469 813 tur,
506 758 636 821 Cap:
673 771 825 820 praec:
867 771 919 802 vx
947 754 1003 802 ad
1027 754 1157 803 vers:
1204 772 1277 819 19

452 829 561 889 780.
600 823 747 885 Qod
771 822 828 870 de
851 823 979 869 omni
1003 837 1151 879 carne,
1187 822 1234 867 in
1257 837 1348 885 qua
1367 818 1547 897 spiritus
1569 821 1789 879 vitarum,
1824 821 2050 885 significet
2074 838 2248 884 novam
2281 839 2401 873 crea
2449 871 2459 885 ,

381 903 548 948 turam,
585 889 659 937 seu
683 888 813 954 quod
837 904 1008 937 novam
1032 889 1176 936 vitam
1201 890 1457 951 acceperint
1478 904 1503 936 a
1529 889 1750 943 Domino,
1787 889 1987 936 constare
2026 889 2176 952 potest
2206 906 2232 937 a
2262 890 2401 955 figni-

384 957 599 1006 ficatione
637 957 797 1013 carnis,
832 954 960 1018 quod
990 954 1044 1002 fit
1081 955 1232 1003 omnis
1272 954 1416 1001 horno
1455 956 1503 1001 in
1524 969 1704 1021 genere,
1739 955 1790 1003 ὅτ
1814 969 2064 1021 corporeus
2088 957 2135 1003 in
2158 955 2318 1020 specie,
2352 969 2406 1006 ut

390 1026 516 1089 prius
554 1023 732 1071 dictum
756 1024 807 1070 ὅτ
831 1020 1057 1074 ostensum
1081 1020 1179 1077 est,
1215 1020 1321 1068 inde
1343 1036 1465 1078 caro,
1501 1023 1550 1068 in
1587 1037 1680 1085 qua
1718 1020 1897 1085 spiritus
1928 1023 2145 1080 vitarum,
2179 1022 2404 1086 fignificat

391 1102 740 1154 regeneratum3
778 1105 883 1136 nam
923 1090 969 1135 in
992 1089 1181 1152 proprio
1203 1085 1337 1152 ejus,
1350 1086 1415 1134 est
1444 1087 1554 1136 Vita
1573 1088 1785 1145 Domini,
1821 1103 1929 1152 quae
1963 1087 2027 1136 est
2049 1092 2143 1137 vita
2183 1090 2406 1139 charitatis
2476 1123 2486 1129 ι

388 1158 441 1205 ὅτ
479 1156 618 1205 fidei:
655 1156 806 1204 omnis
844 1155 988 1202 homo
1021 1171 1114 1206 non
1138 1153 1202 1201 est
1225 1153 1305 1200 nifi
1327 1169 1448 1211 caro,
1484 1153 1558 1202 sed
1581 1165 1692 1203 cum
1715 1156 1812 1203 vita
1834 1154 2056 1203 charitatis
2071 1157 2129 1203 ,ὅτ
2163 1155 2271 1204 fidei
2302 1158 2343 1205 ei
2381 1173 2408 1205 a

392 1224 604 1272 Domino
638 1220 903 1285 inspiratur,
955 1231 1066 1269 tunc
1103 1220 1366 1268 vivificatur
1396 1230 1518 1277 caro,
1557 1221 1609 1268 &
1642 1220 1704 1268 fit
1746 1220 1982 1284 spiritualis
2028 1222 2078 1271 ὅτ
2115 1222 2326 1283 coelestis,
2353 1224 2405 1272 ὅτ

386 1301 580 1340 vocatur
603 1303 725 1336 nova
749 1299 968 1344 creatura,
1006 1287 1172 1337 Marc:
1218 1301 1337 1335 xvv
1376 1301 1449 1349 15.
1497 1301 1565 1338 ex
1589 1295 1646 1335 eo
1667 1286 1798 1350 quod
1821 1303 1845 1334 e
1869 1303 1993 1336 novo
2016 1300 2205 1336 creatuS.

462 1361 520 1420 78
533 1373 571 1403 1.
607 1353 748 1402 Vers·
781 1354 853 1403 16.
889 1355 954 1403 Et
976 1355 1204 1409 intrantes,
1241 1352 1449 1416 masculus
1471 1352 1526 1402 δι’
1539 1352 1740 1415 faemina,
1775 1352 1826 1402 de
1857 1356 1968 1402 omni
2002 1371 2130 1402 carne
2162 1358 2406 1414 intrarunt,

389 1420 727 1487 quemadmodum
764 1430 1027 1483 praeceperat
1064 1418 1129 1467 illi
1155 1423 1317 1477 Deus;
1339 1419 1396 1468 &³
1433 1419 1581 1480 claust
1605 1420 1812 1483 Jehovah
1835 1420 1955 1482 apud
1983 1419 2116 1468 illum.
2185 1421 2408 1470 Intrantes

391 1488 649 1552 fignificant
685 1502 791 1550 quae
814 1486 936 1550 apud
961 1485 1198 1533 hominem
1224 1484 1478 1541 Ecclefiae3
1515 1485 1740 1534 masculus
1764 1487 1813 1535 ὅτ
1838 1484 2026 1534 faemina
2047 1487 2105 1535 de
2127 1489 2257 1536 omni
2281 1503 2410 1536 carne

393 1555 631 1611 intrarunt,
679 1553 935 1616 significant
973 1551 1102 1616 quod
1140 1566 1248 1599 vera
1284 1551 1334 1599 ὅτ
1382 1551 1502 1604 bona
1532 1552 1682 1601 omnis
1730 1553 1905 1616 generis
1934 1553 2058 1616 apud
2096 1569 2202 1602 eum
2243 1554 2410 1603 effent:

395 1621 508 1675 ficut
547 1631 822 1684 praeceperat
856 1620 1006 1676 Deus,
1053 1617 1292 1681 fignificat,
1333 1618 1390 1665 ad
1428 1634 1536 1682 quae
1574 1618 1831 1682 recipienda
1868 1632 2143 1683 praeparatus
2172 1620 2306 1668 eflet:
2358 1621 2409 1669 ὅτ

395 1687 552 1736 claufit
576 1686 783 1748 Jehovah
806 1685 907 1749 post
929 1685 1084 1742 illum,
1115 1684 1340 1747 fignificat
1357 1684 1483 1746 quod
1503 1684 1699 1748 amplius
1720 1701 1813 1733 non
1835 1687 2301 1736 communicationem
2329 1686 2411 1735 ha-

397 1753 520 1803 beret
545 1753 687 1800 homo
707 1767 817 1801 cum
843 1750 983 1808 coelo,
1019 1749 1200 1814 qualem
1223 1749 1419 1798 coelestis
1442 1750 1661 1800 Ecclefiae
1682 1750 1840 1799 homo.

468 1824 576 1885 782.
615 1819 792 1877 ACtum
831 1817 895 1866 est
937 1767 1051 1865 hucq
1066 1815 1206 1880 usque
1247 1815 1305 1864 ad
1329 1815 1459 1866 vers.
1489 1833 1552 1874 11,
1594 1816 1653 1865 de
1675 1816 1879 1865 Ecclesia
1909 1817 2037 1883 quod
2073 1777 2329 1868 conservata
2357 1819 2428 1868 fit.

344 1925 349 1928 >
398 1888 446 1935 in
484 1887 569 1943 his,
607 1887 686 1952 qui
707 1884 929 1933 Noachus
968 1883 1112 1939 dic’ti3
1150 1882 1349 1946 sequitur
1370 1899 1494 1932 nunc
1517 1883 1575 1931 de
1605 1882 1723 1931 statu
1748 1883 1983 1942 Ecclefiae,
2022 1887 2103 1949 qui
2128 1884 2410 1945 describitur,

398 1954 449 2006 &
472 1950 668 2016 quidem
686 1953 893 2016 primum
916 1951 990 1999 hic
1012 1950 1126 1998 ficut
1148 1949 1461 2013 explicatum,
1510 1949 1616 1999 dein
1653 1950 1799 2014 qualis
1837 1951 2055 1998 Ecclefiae
2101 1950 2236 2026 hujus
2275 1951 2411 2000 status

401 2018 779 2081 fuerit3s1nguli
787 2015 981 2073 versus,
971 2032 1068 2064 ιιιιο
1091 2015 1264 2079 singula
1286 2016 1424 2066 verba
1447 2017 1689 2066 involvunt
1712 2016 1986 2080 peculiarem
2010 2016 2178 2064 statum
2199 2016 2330 2081 ejus3
2365 2019 2416 2066 &

403 2087 511 2149 quia
534 2100 655 2133 nunc
682 2085 737 2132 de
761 2083 873 2141 statu
898 2083 1112 2131 Ecclefiae
1138 2083 1304 2144 agitur,
1342 2085 1556 2146 repetitur
1577 2083 1706 2146 quod
1729 2099 1841 2131 mox
1861 2084 2003 2146 prius,
2044 2085 2094 2130 ὅτ
2116 2084 2305 2147 quidem
2327 2084 2413 2142 bis,

370 2211 372 2213 Ι
405 2167 585 2215 nempe,
621 2156 655 2178 “
679 2152 728 2199 ὅτ
752 2153 978 2206 intrantes,
1014 2147 1242 2196 masculus
1276 2149 1326 2198 ὅτ
1357 2148 1559 2206 faemina,
1595 2149 1652 2196 de
1688 2165 1796 2197 omm
1830 2163 1972 2225 carne,
2007 2151 2280 2207 intrarunt,”
2305 2166 2414 2198 cum

405 2219 451 2265 in
475 2233 586 2271 mox
618 2216 902 2282 praecedente
925 2214 1071 2272 versU,
1108 2216 1183 2272 ita,
1222 2219 1256 2243 “
1279 2216 1329 2263 ὅτ
1354 2218 1579 2264 intrarunt
1602 2214 1660 2263 ad
1681 2214 1964 2273 Noachum
1954 2232 2000 2262 m
2024 2231 2188 2273 arcam,
2224 2217 2324 2264 bina
2358 2219 2415 2268 ἐς)

406 2290 442 2312 “
476 2285 594 2341 bina,
631 2284 687 2335 de
711 2285 821 2333 omni
844 2284 1000 2338 carne,’
1005 2283 1147 2344 ’quae
1171 2283 1378 2345 repetitio
1399 2283 1445 2329 in
1470 2280 1626 2330 Verbo
1649 2281 1906 2344 fignificat,
1924 2282 2051 2358 quod
2076 2283 2135 2330 de
2174 2282 2262 2330 alio
2296 2282 2411 2331 statu

406 2363 579 2413 agatur,
633 2349 876 2413 alioquin,
898 2361 950 2396 ut
981 2347 1170 2412 quisque
1210 2347 1592 2412 comprehendere
1635 2347 1800 2442 potest,
1841 2349 2050 2412 repetitio
2081 2346 2199 2398 foret
2237 2347 2416 2413 Prorsus

418 2418 574 2470 inanis.

483 2487 592 2547 783.
629 2480 775 2541 Quod
822 2483 1054 2538 intranteS,
1099 2480 1353 2544 significent
1383 2497 1492 2544 quae
1527 2481 1650 2545 apud
1695 2458 1930 2529 hominem
1970 2481 2203 2539 Ecclefiae,
2246 2482 2419 2531 constat

411 2549 546 2603 inde:
587 2560 691 2596 tum
729 2548 858 2611 quod
891 2547 1115 2596 masculus
1153 2549 1204 2595 ὅτ
1243 2546 1433 2598 faemina
1470 2547 1527 2595 de
1566 2548 1694 2596 omni
1717 2564 1849 2595 carne
1872 2549 2111 2617 intrarunt,
2148 2549 2416 2613 significent,

410 2615 538 2680 quod
562 2631 667 2662 vera
695 2615 754 2662 ὅτ
795 2614 912 2662 bona
934 2615 1084 2662 omnis
1123 2615 1298 2676 generis
1337 2613 1459 2677 apud
1499 2630 1608 2665 eum
1631 2614 1799 2671 effent,
1818 2615 1946 2678 quod
1968 2630 2151 2678 quoque
2181 2615 2415 2678 sequitur;

412 2698 519 2729 nam
556 2681 682 2744 quod
728 2679 949 2729 masculus
987 2681 1038 2728 &
1080 2678 1266 2728 faemina
1303 2680 1558 2743 fignificent
1595 2696 1704 2728 vera
1737 2682 1788 2730 &
1834 2681 1968 2737 bona,
2015 2682 2139 2743 prius
2181 2681 2417 2743 aliquoties

414 2748 595 2794 dictum
629 2749 679 2795 ὅτ
705 2746 930 2794 ostensum
968 2745 1046 2794 est.
1124 2748 1254 2797 Sicut
1292 2759 1569 2811 praeceperat-
1588 2748 1736 2804 Deus,
1771 2746 1900 2810 quod
1940 2745 2177 2809 fignificet‚
2219 2747 2275 2793 ad
2309 2763 2417 2810 quae

330 2853 332 2855 ,
416 2814 670 2875 recipienda
691 2826 966 2879 praeparatus
1005 2800 1124 2872 effet,
1161 2814 1218 2861 de
1255 2813 1439 2877 quibus,
1479 2813 1605 2876 quod
1630 2813 1748 2868 talia,
1785 2814 1922 2859 etiam
1957 2814 2082 2874 prius
2121 2812 2298 2859 dictum
2321 2813 2416 2872 est,

418 2881 665 2942 praecipere
688 2881 810 2943 apud
832 2881 1092 2928 Dominum
1118 2880 1181 2927 est
1219 2895 1472 2944 praeparare
1495 2882 1544 2928 ὅτ
1568 2877 1724 2927 facere.

419 2985 424 2988 .
488 2948 597 3009 784.
648 2945 792 3008 Qod
838 2946 996 2993 clausu:
1036 2946 1244 3006 Jehovah
1281 2944 1387 3008 post
1421 2943 1574 3000 illuni,
1627 2942 1897 3006 sgnificent,
1938 2944 2065 3007 quod
2109 2946 2313 3008 amplius
2327 2951 2420 2996 non

416 3010 877 3066 communicationem
910 3011 1091 3072 haberet
1125 3012 1268 3059 homo
1319 3025 1430 3057 curn
1454 3009 1610 3065 Coelo,
1648 3009 1829 3073 qualem
1853 3010 2062 3058 Coeleffis
2085 3011 2302 3060 Ecclefiae
2336 3014 2419 3062 ho·

394 3079 396 3081 ’
422 3093 540 3132 mo,
571 3078 633 3128 ita
667 3076 707 3128 se
732 3092 798 3127 res
838 3075 1004 3132 habet·,
1054 3068 1399 3140 Antiquiffimae
1431 3075 1649 3130 Ecclefiae
1683 3075 1821 3123 status
1860 3075 1963 3135 fuit,
1999 3077 2126 3141 quod
2156 3081 2421 3127 communi-

423 3144 653 3210 cationem
672 3144 893 3193 internam
920 3141 1153 3193 habuerint
1175 3159 1285 3191 cum
1309 3141 1463 3199 Coelo,
1501 3144 1561 3189 ita
1581 3157 1664 3218 per
1695 3142 1869 3194 coelum
1888 3159 2001 3191 curn
2020 3145 2259 3202 Domino,
2296 3147 2343 3192 in
2373 3161 2420 3192 a·

422 3226 549 3263 more
586 3211 633 3256 in
656 3208 924 3261 Dominum
955 3206 1172 3264 fuerunt·,
1206 3210 1287 3272 qui
1324 3210 1370 3254 in
1408 3223 1558 3258 amore
1583 3210 1630 3255 in
1649 3209 1939 3266 Dominum,
1968 3210 2034 3258 illi
2058 3210 2160 3263 sunt
2181 3211 2294 3259 ficut
2317 3213 2420 3258 An-

421 3276 538 3339 geli,
568 3275 720 3324 modo.
751 3289 864 3323 cum
887 3267 1157 3333 differentia,
1193 3274 1322 3340 quod
1363 3291 1556 3343 corpore
1592 3274 1775 3333 induti,
1811 3277 2020 3326 interiora
2055 3277 2238 3326 illorum
2272 3290 2423 3340 aperta

2223 3341 2421 3442 fuerunt,
