2788 3736
415 267 574 355 216.v
945 276 1009 344 G
1100 277 1166 349 E,
1252 276 1348 343 N·
1423 275 1487 343 E
1577 275 1633 343 S‘
1686 277 1765 346 *1
1823 279 1910 347 S.

399 418 502 466 talis
541 417 604 466 est
643 411 780 481 stylus
810 415 953 479 Verbi
980 416 1324 482 antiquisiimuS,
1361 415 1598 465 involvens
1635 431 1793 466 arcana
1828 404 2045 479 coelestia,
2096 419 2175 485 qui
2202 417 2408 470 historice

409 492 653 532 connexus.
1740 504 1743 506 ·

483 566 590 613 743.
628 549 766 597 Vers:
797 552 842 606 8,
868 568 911 613 9.
950 550 1021 597 De
1059 550 1185 610 batia
1225 549 1395 607 munda,
1431 549 1488 599 69⁹
1524 548 1574 596 de
1597 542 1739 610 bestia,
1775 554 1866 616 quae
1888 567 1968 599 non
1990 568 2040 600 ea
2062 553 2233 610 munda,
2269 553 2324 603 ἑὸ)
2360 554 2412 608 de

411 619 506 672 avi,
533 617 599 665 &¹
612 619 722 663 omni
745 616 854 680 quod
871 618 984 678 repit
996 617 1128 679 ficper
1151 617 1286 664 humo.
1352 618 1466 666 Bina
1488 616 1588 663 bina
1611 619 1835 665 intrarunt
1855 618 1915 666 ad
1932 617 2158 670 Noachum
2179 622 2225 667 in
2247 636 2411 676 arcam,

409 683 615 745 masculus
649 683 705 732 ἐξ
731 682 929 744 faemina,
982 683 1317 747 quemadmodum
1354 693 1616 760 praecgperat
1655 684 1774 731 Deus
1819 684 2013 733 Noacho.
2090 685 2178 733 Per
2220 685 2409 734 bestiam

412 749 637 797 mundam
662 749 969 813 significantur
993 762 1042 796 ut
1066 751 1189 813 prius
1212 750 1475 798 affectiones
1498 748 1632 796 boni:
1683 766 1766 814 per
1803 750 1990 798 bestIam
2035 767 2127 799 non
2173 747 2410 810 mundam,

390 816 715 879 »cupiditatem
750 831 833 880 per
854 831 990 863 avem
1012 818 1057 862 in
1082 832 1243 879 genere
1267 817 1492 879 cogitata3
1528 831 1610 879 per
1632 832 1769 864 omne
1791 817 1918 881 quod
1941 818 2057 881 repit
2097 817 2227 882 super
2249 817 2410 876 humo,

411 880 602 929 sensuale
643 883 691 930 &
732 882 1041 945 quodcunque
1064 884 1263 946 volupe:
1301 883 1404 929 bina
1426 882 1530 928 bina
1552 881 1807 946 fignificant
1830 883 2251 948 correspondentia:
2285 885 2413 948 quod

408 949 615 995 intrarint
638 949 685 995 in
709 963 874 1004 arcam,
909 948 1036 1012 quod
1059 960 1229 997 tutata:
1264 948 1485 996 masculus
1509 949 1559 995 ὅτ
1582 947 1783 1007 faemina,
1819 962 1872 997 ut
1893 952 2036 1014 prius,
2071 966 2236 999 verum
2257 949 2308 998 &
2327 947 2411 1000 vbo-

407 1014 550 1062 num:
585 1014 980 1079 quemadmodum
1006 1027 1283 1080 praeceperat
1305 1016 1432 1063 Deus
1454 1014 1664 1071 Noacho,
1700 1016 1828 1079 quod
1852 1019 1913 1063 ita
1934 1015 2120 1065 fastum.

479 1096 590 1146 744.
627 1080 773 1146 Qod
813 1097 893 1144 per
931 1080 1117 1128 bestiam
1157 1082 1380 1129 mundam
1421 1079 1732 1144 significentur
1773 1083 2023 1130 aflectiones
2046 1083 2172 1140 boni,
2207 1083 2341 1147 prius
2355 1084 2415 1132 ad

405 1146 535 1194 vers:
564 1162 606 1197 2.
640 1146 773 1211 hujus
796 1148 985 1211 Capitis,
1021 1148 1198 1195 dictum
1221 1149 1271 1196 ὅτ
1294 1146 1518 1195 ostensum
1543 1147 1624 1204 est,
1650 1163 1788 1211 quare
1813 1165 1907 1195 non
1931 1148 2018 1196 illis
2040 1148 2414 1208 immorandum3
2435 1193 2441 1196 .

408 1213 611 1262 similiter
619 1213 759 1326 bquod
782 1229 862 1277 per
885 1212 1068 1263 bestiam
1091 1229 1185 1264 non
1202 1215 1426 1263 mundam
1449 1213 1760 1277 significentur
1786 1215 2052 1279 cupiditates
2071 1215 2143 1263 seu
2160 1215 2423 1267 affectiones*

416 1280 564 1337 malae,
602 1282 616 1327 i
650 1282 679 1326 i.

481 1363 593 1411 745.
631 1344 776 1410 Qod
799 1362 881 1410 per
903 1348 1059 1395 Avem
1084 1346 1131 1395 in
1155 1363 1315 1411 genere
1338 1345 1648 1410 significentur
1671 1347 1888 1411 cogitata,
1915 1348 2088 1397 constat
2110 1363 2165 1396 ex
2189 1348 2291 1406 illis,
2309 1365 2417 1413 quae

411 1413 538 1477 prius
560 1414 718 1477 paffim
758 1411 877 1460 dicta
920 1414 977 1460 de
1001 1414 1200 1471 Avibus,
1235 1413 1364 1477 quod
1401 1412 1654 1477 significent
1694 1413 2020 1472 intelleffifflalia,
2062 1427 2138 1462 aut
2171 1415 2414 1473 rationalia,

413 1479 490 1527 sed
527 1478 591 1526 ibi
624 1495 726 1527 aves
749 1478 993 1537 coelorum,
1030 1492 1075 1528 at
1101 1481 1174 1528 hic
1204 1479 1350 1528 solum
1388 1482 1500 1536 avis,
1535 1494 1671 1542 quare
1695 1480 1742 1526 in
1764 1497 1926 1544 genere
1957 1481 2265 1546 significantur
2284 1483 2416 1546 ‚cogi-

410 1556 533 1603 tata;
570 1544 673 1593 sunt
709 1546 834 1593 enim
864 1546 995 1610 plura
1035 1549 1192 1594 avium
1215 1562 1393 1610 genera,
1430 1557 1525 1593 tam
1553 1545 1726 1594 munda
1757 1563 1896 1610 quarn
1931 1548 2186 1603 immunda,
2223 1563 2329 1611 quae
2369 1549 2416 1596 in

413 1611 487 1676 seq
502 1610 518 1659 ἐ
555 1611 680 1661 vers:
714 1629 786 1672 14.
835 1612 1176 1677 distinguuntur
1198 1614 1244 1659 in
1268 1628 1418 1669 avem,
1453 1611 1687 1659 volucrem
1709 1613 1761 1660 ὅτ
1786 1613 1972 1671 alatum,
1992 1614 2181 1662 ·munda
2214 1613 2315 1662 sunt
2337 1629 2414 1661 co-

414 1679 652 1742 gitationes
676 1680 788 1735 veri,
825 1678 1064 1726 immunda
1100 1678 1202 1726 sunt
1226 1679 1526 1742 cogitationes
1562 1675 1700 1736 falsae,
1736 1679 1794 1727 de
1816 1680 1999 1743 quibus,
2035 1683 2095 1728 e'x⁴
2115 1680 2287 1728 Divina
2314 1681 2416 1729 Do-

414 1745 529 1792 mini
552 1743 877 1801 Misericordia,
913 1746 960 1791 in
983 1743 1282 1809 sequentibus
2330 1794 2338 1798 ,,

487 1811 600 1876 746.
638 1812 726 1872 Per
746 1826 883 1859 omne
905 1811 1033 1875 quod
1056 1813 1171 1876 repit
1193 1810 1326 1876 super
1346 1811 1492 1859 humo
1514 1811 1643 1875 quod
1666 1810 1942 1876 significetur
1964 1808 2170 1869 sensuale,
2199 1812 2256 1866 ὅτ
2269 1812 2419 1877 quod-

415 1893 597 1942 cunque
627 1878 811 1942 volupe,
850 1879 973 1941 prius
1006 1894 1191 1943 quoque
1215 1878 1391 1926 dic'ium
1415 1878 1465 1926 &
1488 1877 1712 1926 ostensum
1745 1877 1836 1926 est:
1874 1878 2188 1940 Antiquiffimi
2215 1877 2420 1927 sensualia

414 1943 612 1991 hominis
635 1945 685 1991 &
707 1945 962 2008 voluptaria
983 1942 1079 2008 ejus
1102 1956 1423 2010 compararunt
1439 1945 1489 1992 ὅτ
1508 1945 1799 1992 affimilarun't
1821 1942 2053 2006 reptilibus
2067 1946 2127 1991 ·ὅτ
2144 1943 2418 2007 repentibuS,

413 2010 464 2056 ὅτ
483 2011 544 2058 ita
566 2026 749 2074 quoque
771 2010 846 2056 illa
866 2023 1104 2068 vocarunt,
1129 2012 1235 2075 quia
1249 2022 1452 2058 extrema
1474 2010 1591 2068 sunt,
1616 2012 1666 2059 ὅτ
1682 2010 1805 2075 quasi
1829 2020 1991 2072 repunt
2013 2011 2061 2057 in
2084 2008 2317 2074 superficie
2333 2010 2417 2058 ho-

413 2076 566 2134 minis,
601 2077 652 2123 ὅτ
675 2076 802 2139 quod
825 2078 876 2123 iis
900 2093 993 2125 non
1013 2077 1143 2125 altius
1166 2076 1209 2124 se
1241 2076 1412 2124 elevare
1435 2078 1804 2140 permittendum.

481 2158 591 2208 747.
629 2143 775 2208 Qod
799 2141 903 2191 bina
927 2143 1032 2191 bina
1061 2143 1316 2207 significent
1354 2142 1763 2208 correspondentia‚
1799 2140 1999 2190 constare
2022 2142 2168 2190 cuivis
2191 2142 2339 2207 potest
2361 2159 2418 2191 ex

413 2223 486 2266 eo,
521 2208 650 2273 quod
685 2209 771 2256 fint
806 2211 929 2274 paria
949 2232 964 2266 ς
1000 2211 1121 2274 paria
1143 2226 1236 2258 non
1258 2210 1439 2274 possunt
1461 2209 1543 2257 effe
1566 2209 1648 2257 nisi
1672 2209 1753 2256 fibi
1775 2207 2164 2272 correspondeant‚
2200 2209 2314 2258 ficut
2336 2209 2418 2269 fibi

414 2290 520 2322 vera
561 2276 612 2323 ὅτ
656 2274 790 2333 bona,
827 2275 946 2324 mala
985 2278 1035 2324 ὅτ
1071 2275 1208 2333 falsa·,
1260 2277 1471 2324 omnium
1510 2277 1633 2323 enim
1658 2275 1723 2323 est
1753 2273 1954 2339 conjugii
1979 2275 2127 2331 instar,
2163 2274 2236 2322 seu
2276 2292 2420 2340 copu-

417 2340 542 2398 latio,
589 2353 642 2389 ut
680 2358 894 2390 verorum
942 2358 1051 2397 cum
1096 2343 1243 2400 bonis,
1291 2343 1341 2390 ὅτ
1389 2342 1618 2390 malorum
1665 2358 1773 2389 cum
1819 2340 1953 2397 falsis,
2010 2341 2119 2405 quia
2155 2340 2219 2390 est
2258 2341 2418 2407 conju-

414 2408 549 2471 gium
586 2407 835 2456 intelleCms
886 2425 994 2456 cum
1034 2409 1283 2466 voluntate,
1343 2407 1417 2456 seu
1463 2408 1835 2456 intellee‘tualium
1882 2423 1991 2455 cum
2035 2407 2316 2466 voluntariis,
2367 2409 2419 2456 &

407 2473 596 2537 quidem
620 2476 846 2523 unicuivis
866 2477 930 2524 rei
962 2475 1095 2523 suurn
1126 2475 1190 2524 est
1225 2473 1496 2540 conjugium
1526 2474 1601 2523 seu
1635 2474 1712 2532 sua
1732 2474 1979 2539 copulatio,
2013 2473 2178 2539 absque
2201 2490 2294 2538 qua
2315 2473 2417 2522 nus-

411 2555 552 2604 quam
585 2540 789 2588 subsistit.
1574 2566 1586 2575 ι’
1879 2601 1881 2603 ‚

481 2611 590 2671 748.
629 2607 776 2676 Qod
799 2608 1020 2657 intrarunt
1043 2609 1091 2658 in
1114 2624 1264 2659 arcam
1289 2608 1543 2674 significent
1559 2607 1688 2672 quod
1708 2619 1849 2656 tutata
1863 2607 1966 2664 sint,
1991 2607 2116 2671 prius
2138 2605 2201 2654 est
2224 2606 2418 2664 dietum,

409 2674 536 2722 vers:
562 2677 714 2738 praec:
745 2690 789 2739 7,
820 2675 906 2722 'ubi
930 2676 987 2722 de
1009 2672 1219 2733 Neacho,
1258 2675 1308 2723 ὅτ
1344 2675 1448 2723 filiis
1471 2673 1585 2738 ejus,
1622 2674 1672 2722 ὅτ
1693 2674 1924 2722 uxoribus.

440 2763 445 2772 ι
475 2755 585 2804 749.
624 2741 770 2807 Qod
794 2741 1016 2791 masculus
1041 2744 1091 2790 ὅτ
1121 2741 1308 2790 faemina
1341 2742 1597 2806 significent
1619 2751 1780 2788 verum
1815 2740 1865 2787 ὅτ
1905 2738 2099 2794 bonum,
2153 2736 2324 2785 constat
2361 2738 2419 2787 ab

411 2803 515 2861 illis,
542 2822 648 2868 quae
670 2808 796 2870 prius
805 2809 903 2872 Cap
922 2828 933 2858 :
959 2808 1090 2858 vers:
1115 2826 1192 2857 VI:
1225 2827 1281 2874 19
1304 2807 1319 2864 ⁴,
1344 2809 1424 2855 ubi
1448 2805 1667 2855 masculus
1684 2806 1734 2853 ὅτ
1757 2803 1944 2851 faemina
1956 2803 2234 2867 praedicatur
2251 2804 2307 2851 de
2323 2807 2419 2852 avi·

411 2870 513 2926 bus,
535 2861 622 2919 ‘sed
649 2875 717 2919 vir
742 2875 790 2920 ὅτ
826 2891 943 2922 uxor
966 2876 1022 2922 de
1046 2875 1194 2922 bestiis
1215 2897 1229 2931 3
1267 2874 1394 2921 causa
1416 2889 1601 2936 quoque
1624 2871 1687 2917 ibi
1712 2871 1834 2917 dicia
1871 2868 1952 2926 est,
1989 2870 2116 2932 quod
2145 2885 2310 2934 nempe
2334 2886 2419 2920 vo·
2488 2880 2495 2884 ”

405 2936 703 2985 luntariorum
743 2955 851 2986 cum
890 2941 1262 2988 intelleffimalibus
1302 2939 1356 2985 fit
1391 2937 1680 3001 conjugium,
1730 2952 1823 2998 non
1866 2937 1928 2982 ita
1961 2936 2332 2985 intellectualium
2371 2939 2419 2985 in

400 3002 443 3049 se
466 3002 763 3067 spectatorum
803 3022 912 3052 cum
944 3007 1221 3062 voluntariis,
1257 3004 1332 3052 illa
1366 3003 1409 3051 se
1442 3003 1608 3051 habent
1646 3014 1699 3051 ut
1722 3004 1793 3049 vir
1826 3002 1876 3049 ὅτ
1909 3017 2042 3059 uxor,
2098 3002 2198 3050 haec
2222 3018 2332 3052 vero
2363 3016 2416 3052 ut

401 3068 623 3116 masculus
648 3070 697 3117 ὅτ
722 3068 933 3120 faemina:
971 3073 1021 3119 ὅτ
1061 3074 1167 3136 quia
1189 3071 1263 3119 hic
1290 3071 1495 3132 primurn
1517 3071 1684 3133 ¹agitur
1717 3068 1774 3116 de
1798 3070 2042 3116 tentatione
2067 3067 2416 3117 istiushominis

398 3136 551 3199 quoad
576 3136 904 3194 intelleiiualia,
940 3138 1003 3186 ut¹
1028 3138 1224 3193 dicium,
1259 3135 1428 3183 dicitur
1451 3135 1674 3184 masculus
1713 3135 1764 3183 ὅτ
1803 3132 1991 3183 faemina
2009 3157 2025 3192 3
2063 3137 2112 3184 ὅτ
2147 3135 2418 3199 intelligitur

401 3218 575 3267 pugna,
612 3203 686 3252 seu
714 3205 902 3272 tentatio
925 3204 1078 3268 quoad
1103 3201 1431 3252 intellectualia.
2202 3226 2206 3231 -

2300 3280 2411 3332 750·
