2788 3736
800 229 1863 337 CAPUTSEXTUM.
2228 298 2351 360 ml

329 420 434 468 quae
474 415 526 452 ut
563 418 644 468 per
683 401 848 460 media,
888 414 1102 466 operetur
1142 401 1391 458 Dominus,
1451 401 1674 465 nusquam
1708 402 1855 465 potest
1894 400 2036 451 ho'mo
2072 406 2342 466 regenerari,

330 483 382 518 ut
426 471 638 526 ‘di-&tum
694 469 798 517 inde
839 484 961 516 nunc
998 468 1213 533 sequitur,
1249 467 1376 532 quod
1401 467 1504 513 effet
1537 470 1577 514 ei
1610 470 1659 515 &
1696 469 1783 517 illis
1822 473 1869 517 in
1908 468 2085 526 cibum,
2118 469 2344 534 significet

329 550 587 601 utrumque.
1112 568 1115 570 -
1716 586 1718 590 ,
2188 560 2194 565 -
2273 587 2285 597 ,

397 604 509 652 680.-
547 602 693 666 Qiod
734 601 851 650 bona
882 602 932 649 δε
960 617 1080 657 vera,
1140 601 1225 648 fint
1260 599 1448 662 genuini
1493 599 1583 646 cibi
1620 599 1834 657 hominis,
1882 602 2079 665 constare
2112 603 2340 653 unicuivis

327 669 493 733 potest,
537 673 617 733 qui
658 670 781 717 enim
819 668 1075 716 destituitur
1105 665 1208 722 illis,
1249 682 1342 712 non
1382 667 1524 712 vitam
1566 665 1714 722 habet,
1757 666 1830 713 sed
1867 668 1931 714 est
1965 683 2207 726 mortuus,
2249 671 2338 719 cibi

325 735 491 800 quibus
515 738 663 783 anima
685 733 780 798 ejus
803 733 1013 798 pascitur,
1053 748 1162 780 cum
1185 743 1411 789 mortuus,
1457 731 1556 779 sunt
1582 730 1788 796 jucunda
1811 750 1868 780 ex
1892 734 2038 791 malis,
2080 737 2128 783 δε
2162 753 2338 786 amaena

324 820 380 850 ex
404 801 536 860 falsss,
572 819 678 866 quae
724 801 824 848 sunt
861 799 950 846 cibi
975 789 1152 855 moitis,
1193 811 1296 855 tum
1321 816 1380 846 ex
1413 798 1544 846 rebus
1568 801 1812 862 corporeis,
1862 801 2103 862 mundanis
2129 802 2178 849 &
2205 815 2333 851 natu·

325 869 505 926 ralibus‚
541 885 648 933 quae
669 866 786 914 nihil¹
804 866 914 912 v-itae
938 867 986 912 in
1010 864 1051 912 se
1075 865 1272 921 habent3
1308 865 1599 930 &ppraeterea
1636 865 1734 912 talis
1775 866 1918 913 homo
1965 883 2046 914 nec
2086 866 2183 925 scit,
2220 871 2331 932 quid

324 936 451 984 cibus
491 933 796 999 spiritualis&
822 931 1031 988 coelestis,
1067 933 1114 978 in
1138 943 1338 987 tantum,
1373 945 1425 979 ut
1447 934 1624 994 quoties
1649 934 1909 980 nominatur
1941 933 2069 980 cibus
2094 946 2171 980 aut
2206 939 2334 998 panis

324 1004 371 1049 in
411 1002 607 1057 Verbo,
631 1012 763 1065 putet
797 998 1037 1062 significari
1072 997 1229 1045 cibum
1269 1014 1560 1061 corporeum,
1612 999 1724 1046 ficut
1769 1000 1816 1046 in
1862 1001 2079 1061 Oratione
2118 1001 2331 1059 Domini,

325 1074 358 1096 “
392 1069 469 1116 Da
513 1067 642 1116 nobis
680 1081 840 1130 panem
894 1065 1266 1127 quotidianum,’'
1312 1077 1443 1128 putat
1481 1064 1628 1112 solum
1665 1067 1749 1114 effe
1785 1067 1964 1114 viflum
2000 1069 2234 1130 corporis,
2284 1071 2333 1116 &

319 1137 401 1199 qui
425 1135 608 1189 ulterius
648 1132 899 1180 extendunt
923 1131 1059 1188 ideas,
1106 1129 1232 1195 ajunt
1257 1147 1441 1195 quoque
1465 1132 1548 1179 effe
1572 1145 1735 1180 caetera
1757 1135 1959 1198 corporis
1983 1135 2231 1192 necessaria,
2279 1149 2333 1185 ut

320 1201 477 1257 vestes,
514 1206 639 1264 opeS,
674 1199 723 1247 δι
761 1198 954 1253 fimilia3
992 1200 1089 1245 imo
1126 1197 1356 1261 disputant
1395 1200 1554 1249 actiter
1587 1199 1714 1262 quod
1748 1216 1840 1247 non
1879 1200 1990 1248 alius
2015 1199 2141 1247 cibus
2165 1201 2330 1249 intelli-

318 1281 482 1332 gatur;
519 1282 630 1314 cum
669 1279 819 1313 tamen
861 1263 1092 1312 manifeste
1113 1264 1291 1326 vid-ent,
1343 1266 1471 1328 quod
1502 1266 1805 1329 praecedentia
1834 1268 1883 1314 δε
1924 1266 2148 1331 sequentia
2186 1267 2331 1315 solum

318 1332 516 1382 coelestia
553 1333 604 1380 δι·
638 1331 879 1395 spiritualia
914 1331 1170 1388 involvant,
1227 1332 1277 1379 δε
1310 1331 1368 1378 de
1407 1333 1575 1396 Regno
1611 1334 1806 1380 Domini
1839 1346 2029 1397 agatur;
2078 1346 2181 1382 tum
2221 1333 2329 1394 scire

316 1400 515 1464 possunt,
550 1400 677 1463 quod
713 1397 922 1445 Verbum
948 1398 1138 1445 Domini
1178 1396 1358 1446 coeleste
1381 1398 1432 1450 &
1456 1399 1682 1462 spirituale
1724 1400 1811 1456 s1t;
1860 1400 1965 1447 inde
2001 1401 2052 1448 &
2085 1417 2145 1447 ex
2168 1401 2326 1448 simili-

318 1467 401 1523 bus
436 1467 530 1513 aliis
554 1465 752 1512 constare
792 1463 889 1511 satis
928 1463 1092 1528 potest,
1128 1457 1353 1528 quantum
1382 1464 1526 1513 homo
1559 1465 1694 1513 hodie
1717 1482 1962 1531 corporeus
1991 1466 2070 1523 est,
2112 1469 2162 1514 δε
2198 1467 2328 1532 quod¹

318 1533 429 1580 nihil
454 1549 564 1588 non,
600 1531 713 1579 ficut
737 1531 908 1593 Judaei,
950 1531 1078 1594 quod
1109 1531 1155 1578 in
1178 1530 1335 1580 Verbo
1359 1531 1543 1589 dicitur,
1585 1534 1632 1579 in
1672 1531 1794 1579 sensu
1828 1533 2046 1581 materiali
2080 1535 2130 1581 δε
2164 1534 2327 1594 crasfis-

314 1599 431 1647 fimo
446 1599 558 1648 velit
580 1614 738 1663 capere
757 1616 768 1645 :
803 1596 902 1662 Ipse
927 1598 1157 1645 Dominus
1181 1597 1297 1645 clare
1320 1597 1471 1656 docet,
1507 1598 1619 1662 quid
1643 1600 1689 1646 in
1706 1600 1850 1663 Ipfius
1871 1599 2030 1648 Verbo
2052 1599 2330 1664 significatur

314 1682 395 1730 per
411 1665 583 1719 Cibum
600 1664 649 1713 δε
667 1666 838 1712 Panem
856 1686 870 1720 ς
897 1665 953 1712 de
971 1663 1091 1712 Cibo
1115 1667 1175 1713 ita
1190 1664 1313 1728 apud
1327 1665 1602 1727 Johannem,
1630 1670 1663 1693 “
1681 1665 1807 1726 Jesus
1826 1667 1959 1724 dixit,
1984 1662 2233 1731 operamini
2255 1670 2325 1716 Ci-

317 1737 350 1759 “
387 1733 500 1789 bum,
519 1749 611 1780 non
628 1732 709 1795 qui
733 1730 866 1794 perit,
885 1729 958 1777 sed
973 1731 1119 1778 Cibum
1134 1732 1215 1795 qui
1238 1743 1391 1778 manet
1414 1732 1461 1778 in
1484 1733 1634 1779 vitam
1658 1744 1890 1790 aeternam,
1914 1749 2052 1796 quem
2075 1733 2219 1783 Filius
2242 1734 2324 1782 ho·

315 1803 352 1825 “
388 1799 524 1845 minis
540 1797 671 1844 vobis
690 1796 818 1853 dat‚'’
836 1811 916 1844 vx:
939 1811 1014 1860 27.
1035 1796 1091 1843 de
1105 1798 1242 1854 Pane,
1258 1797 1380 1860 apud
1393 1797 1628 1855 Eundem,
1655 1803 1690 1826 ‘¹‘
1706 1799 1862 1847 Patres
1878 1798 2012 1846 vestri
2026 1800 2326 1849 comederunt

315 1869 350 1891 ‘⁶
383 1865 502 1912 Man
525 1863 573 1910 in
596 1861 785 1919 desert0,
818 1863 868 1910 &
892 1862 1066 1910 mortui
1084 1861 1188 1910 sunt
1208 1884 1223 1919 ;
1247 1862 1321 1910 hic
1344 1862 1408 1910 est
1422 1865 1577 1920 Panis,
1601 1866 1683 1928 qui
1699 1881 1723 1911 e
1747 1865 1869 1913 coelo
1885 1864 2128 1924 descendit,
2143 1878 2198 1917 ut
2219 1868 2325 1930 quis

311 1934 347 1958 ‘⁶
380 1946 438 1976 ex
459 1929 540 1976 illo
562 1928 765 1990 comedat,
795 1928 846 1976 &
870 1944 963 1976 non
992 1930 1212 1977 moriatur
1230 1923 1254 1976 ε’
1278 1929 1386 1993 Ego
1419 1929 1520 1982 sum
1546 1932 1682 1979 Panis
1705 1933 1879 1989 vivens,
1916 1932 2017 1996 Q
2049 1949 2074 1980 e
2098 1933 2222 1980 coelo
2244 1934 2322 1980 de-

310 1998 347 2024 ‘f‘
380 1995 568 2052 scendit,
603 1995 637 2042 fi
676 1996 780 2058 quis
812 1995 1062 2043 comederit
1099 2011 1156 2044 ex
1182 1995 1268 2043 hoc
1291 1997 1430 2055 Pane,
1477 1998 1605 2044 vivet
1633 1999 1679 2045 in
1703 2000 1977 2055 aeternum,’'
2003 2014 2088 2048 vl:
2124 2016 2208 2065 49,
2237 2015 2318 2062 50,

310 2079 409 2175 ἐπὶ·
417 2067 494 2125 58.
536 2060 611 2109 sed
633 2059 735 2137 sunt
757 2060 909 2174 hogie,
934 2061 1060 2174 c{ient
1090 2063 1173 2177 {pi
1196 2062 1470 2176 audixsserunt
1508 2063 1613 2121 hoc,
1655 2063 1871 2179 dicgezntes,
1908 2069 1942 2092 “
1966 2065 2125 2180 Durus
2152 2065 2218 2114 est
2234 2066 2316 2179 lbic

399 2143 526 2176 ermo
615 2143 684 2175 uis
741 2139 814 2175 ote
875 2144 930 2174 au
966 2144 1058 2176 ire:
1201 2145 1250 2177 ui
1284 2144 1310 2176 a
1341 2143 1526 2178 iverunt
1549 2141 1667 2178 retro
1803 2141 1896 2180 non
1920 2147 1995 2179 am
2048 2148 2117 2180 ius
2156 2148 2231 2180 am
2266 2149 2320 2180 u-

312 2199 348 2222 “
382 2164 543 2244 labant,
572 2144 682 2242 gun
707 2144 874 2259 lipso?
916 2194 989 2244 ib:
1023 2194 1134 2243 vers
1145 2146 1262 2253 :q60‚
1296 2196 1373 2244 66.
1424 2196 1592 2261 quibus
1628 2167 1860 2246 D’ominus
1898 2149 2035 2256 ducii),
2094 2204 2129 2226 “
2151 2199 2323 2258 Verba,

259 2262 262 2265 ’
309 2265 346 2288 “
381 2277 489 2323 quae
521 2261 628 2325 Ego
650 2261 814 2325 loquor
836 2261 984 2319 vobiS,
1020 2261 1199 2326 spiritus
1241 2261 1360 2320 sunt,
1401 2264 1453 2311 δε
1492 2265 1587 2312 vita
1618 2263 1768 2323 sunt,’'
1793 2265 1862 2312 ib:
1886 2263 2006 2313 vers:
2034 2266 2113 2329 63.
2182 2266 2318 2313 Simi-

307 2326 411 2374 liter
444 2325 486 2375 se
516 2326 649 2375 habet
673 2327 902 2391 derAqua,
937 2329 1065 2393 quod
1094 2316 1316 2394 significet
1337 2329 1582 2395 spiritualia
1610 2330 1735 2388 fidei,
1783 2332 1839 2379 de
1870 2348 1961 2395 qua
1990 2333 2053 2379 ita
2083 2333 2318 2381 Dominus

306 2392 431 2457 apud
463 2393 741 2455 johannem,
795 2398 830 2421 “
854 2393 982 2457 Jesus
1005 2394 1139 2454 dixit,
1178 2399 1329 2445 omnis
1353 2400 1434 2462 qui
1469 2397 1584 2446 bibit
1616 2415 1671 2445 ex
1694 2415 1811 2462 aqua
1839 2399 1937 2456 hac,
1973 2398 2088 2446 sitiet
2111 2399 2278 2447 iterum
2298 2421 2316 2456 ·,

311 2464 347 2486 “
381 2460 462 2523 qui
485 2476 598 2508 vero
622 2459 784 2508 biberit
806 2475 862 2508 ex
891 2477 1025 2524 aqua,
1063 2479 1201 2528 quam
1225 2463 1335 2528 Ego
1363 2464 1482 2512 dabo
1506 2466 1563 2521 ei,
1599 2481 1692 2512 non
1728 2465 1843 2513 fitiet
1868 2467 1915 2513 in
1938 2477 2159 2513 aeternum
2182 2488 2197 2522 ς
2242 2465 2318 2514 sed

307 2541 439 2588 aqua,
477 2541 618 2590 quarn
659 2525 778 2574 dabo
808 2528 866 2583 ei,
902 2527 982 2575 fiet
1004 2529 1051 2576 in
1082 2545 1137 2577 eo
1169 2527 1273 2577 fons
1296 2547 1427 2594 aquae
1451 2529 1641 2579 salientis
1664 2534 1712 2579 in
1743 2534 1890 2580 vitam
1920 2534 2188 2589 aeternam,”
2231 2547 2316 2581 iv.-

311 2609 387 2656 13,
419 2609 496 2653 14,
537 2590 613 2640 sed
644 2591 746 2639 sunt
767 2591 921 2649 hodie,
963 2593 1077 2645 ficut
1115 2596 1296 2654 mulier,
1334 2613 1445 2645 cum
1486 2613 1576 2660 qua
1595 2598 1829 2646 Dominus
1862 2598 2002 2662 apud,
2022 2597 2199 2646 fontem
2242 2598 2311 2646 lo-

305 2661 495 2721 quutus,
542 2674 650 2723 quae
682 2657 932 2723 respondit,
985 2663 1020 2687 ‘⁶
1042 2661 1262 2718 Domine,
1304 2663 1362 2710 da
1406 2663 1520 2711 mihi
1549 2663 1665 2712 hanc
1696 2679 1877 2728 aquam,
1932 2676 1985 2712 ut
2016 2681 2109 2713 non
2142 2665 2311 2722 sitiam,

307 2731 343 2753 ‘⁶
377 2740 524 2788 neque
546 2726 728 2773 veniam
751 2725 840 2773 huc
865 2725 922 2772 ad
946 2724 1297 2786 hauriendum,’'
1320 2728 1396 2776 ib:
1420 2728 1549 2777 vers:
1582 2747 1655 2792 15.
1727 2730 1876 2794 Qod
1904 2730 2052 2778 Cibus
2089 2732 2139 2778 in
2160 2730 2320 2779 Verbo

307 2789 418 2838 nihil
457 2791 579 2839 aliud
625 2791 864 2855 significet,
899 2808 1042 2856 quam
1078 2794 1235 2846 cibum
1270 2792 1547 2858 spiritualem
1571 2797 1621 2844 &
1645 2796 1894 2854 coelestem,
1928 2798 2009 2860 qui
2031 2797 2096 2844 est
2128 2797 2241 2845 fides
2266 2797 2315 2845 in

304 2857 582 2915 Dominum,
617 2860 668 2906 ὅτ
702 2859 871 2916 Amor,
924 2858 1094 2906 constat
1129 2877 1155 2908 a
1191 2861 1348 2910 multis
1384 2863 1431 2909 in
1454 2861 1609 2910 Verbo
1647 2863 1774 2919 locis,
1810 2875 1863 2910 ut
1896 2863 2021 2926 apud
2044 2865 2313 2925 Jeremiam,

309 2928 346 2951 “
378 2922 580 2970 Manum
602 2923 728 2972 suam
751 2925 955 2973 extendit
976 2926 1114 2974 hostis
1154 2925 1285 2992 super
1307 2929 1462 2976 omnia
1485 2929 1791 2977 desiderabilia
1811 2929 2167 2994 Hierosolymae‚
2203 2933 2312 2995 quia

309 2994 343 3018 “
377 2987 498 3034 vidit
537 3002 712 3052 gentes,
748 3004 974 3039 venerunt
1010 2994 1057 3040 in
1082 2993 1396 3057 Sanituarium
1420 2993 1549 3059 -ejus,
1583 2996 1640 3042 de
1675 3013 1770 3059 quo
1806 2996 2075 3060 praecepisti,
2111 3014 2204 3045 non
2227 3014 2311 3045 ve-

306 3061 343 3085 “
377 3054 502 3102 nient
525 3055 573 3100 in
595 3059 998 3120 congregationem
1021 3059 1103 3108 tibi
1119 3083 1135 3116 3
1171 3062 1322 3109 omnis
1343 3062 1544 3125 populus
1568 3075 1816 3126 gementes,
1851 3076 2104 3127 quaerentes
2126 3066 2309 3120 Panem,

306 3128 341 3151 “
377 3120 599 3168 dederunt
622 3120 924 3171 desiderabilia
967 3124 1040 3173 sua
1078 3143 1164 3190 pro
1188 3128 1290 3176 Cibo
1330 3128 1388 3175 ad
1426 3129 1722 3176 recreandum
1752 3130 2002 3187 animam,”
2036 3129 2218 3177 Thren:
2258 3147 2273 3175 1
2294 3148 2311 3180 t

312 3206 388 3248 10,
419 3205 438 3237 1
453 3205 492 3236 1.
538 3186 619 3234 ubi
641 3203 735 3236 non
761 3188 871 3238 alius
903 3193 1031 3253 panis
1065 3195 1115 3241 &
1147 3193 1276 3242 cibus
1301 3194 1602 3262 mintelligitur,
1638 3212 1780 3260 quarn
1821 3196 2100 3307 spiritualiS,s
2109 3200 2214 3310 naam
2254 3195 2312 3270 de

934 3270 937 3274 ’
2092 3277 2146 3308 an
2192 3275 2318 3315 uario
