2788 3736
796 199 1321 313 'cAPUT
1413 247 1956 314 ΝοΝυᾱΜ.
2091 277 2096 282 ·
2310 278 2447 344 327

423 387 469 436 in
493 405 559 447 ea,
591 387 850 454 >significant
884 390 1163 437 incrementa
1185 388 1294 436 boni
1317 387 1367 436 δε
1389 388 1485 434 veri
1525 388 1574 435 i‘n
1610 398 1797 437 externo
1828 387 2032 447 homine,
2068 387 2149 455 qui
2188 390 2253 440 est
2287 402 2404 443 terra
2421 417 2439 453 ;

414 455 595 504 effundi
618 457 894 522 praedicatur
917 457 974 503 de
997 456 1144 513 bonis,
1181 455 1476 519 multiplicari
1499 454 1557 502 de
1572 456 1702 502 veris.

491 539 631 587 1015.
670 524 817 589 Qod
840 521 1178 571 fructificamini
1201 523 1252 570 δε
1276 521 1647 585 multiplicamini
1671 521 1926 585 significent
1949 523 2227 574 incrementa
2250 525 2358 575 boni
2381 529 2433 577 δε

419 590 531 646 veri,
567 593 614 638 in
646 591 847 638 interiori
870 590 1071 647 homine,
1109 591 1159 638 &
1199 589 1328 652 quod
1363 586 1626 636 fructificari
1658 589 1933 652 praedicetur
1956 591 2013 638 de
2040 590 2188 651 bonis,
2222 593 2273 641 &
2307 594 2430 642 mul-

418 655 612 719 tiplicari
637 658 694 705 de
716 658 852 714 veris,
888 656 1067 704 constat
1082 655 1139 703 ab
1162 656 1250 702 illis
1279 670 1386 719 quae
1407 653 1578 703 ostensa
1599 655 1702 702 sunt
1722 656 1848 719 prius
1871 656 1927 703 ad
1951 656 2077 706 vers:
2110 677 2149 707 1.
2191 658 2325 724 hujus
2343 662 2434 710 Ca·

416 722 540 785 pitis,
578 724 658 771 ubi
690 724 848 772 eadem
872 723 1038 771 verba:
1073 723 1200 786 quod
1223 721 1324 769 haec
1341 721 1465 786 apud
1488 721 1747 769 interiorem
1773 721 2026 780 hominem,
2062 725 2262 774 constare
2284 727 2435 791 potest

417 788 474 835 ab
509 790 595 838 illis
629 807 735 854 quae
772 790 1036 854 sequuntur,
1072 789 1153 836 ubi
1190 791 1357 836 iterum
1390 788 1574 845 dicitur,
1610 787 1965 851 multiplicamini,
2000 804 2106 852 quae
2130 794 2337 856 repetitio
2361 793 2433 842 su-

418 871 691 918 pervacanea
712 856 830 905 foret
852 857 959 920 quia
987 855 1223 919 superflua,
1260 855 1294 902 fi
1319 871 1411 903 non
1441 855 1615 919 aliquid
1653 854 1876 919 peculiare
1923 854 2188 905 distinetum
2220 875 2246 906 a
2282 862 2433 922 priore

417 921 777 985 fignificaretur;
833 938 892 971 ex
933 922 1118 987 quibus,
1169 924 1218 970 &
1255 921 1312 970 ab
1347 922 1452 978 illis,
1500 937 1608 985 quae
1642 921 1856 970 hactenus
1894 920 2018 968 dieta
2062 921 2181 978 sunt,
2239 926 2430 984 constat,

414 991 541 1053 quod
565 990 638 1038 hic
662 988 951 1038 fructificatio
983 990 1034 1037 81
1057 989 1378 1052 multiplicatio
1406 988 1681 1052 praedicetur
1699 988 1774 1036 'de
1797 988 1928 1036 bonis
1958 988 2009 1035 δε
2033 990 2150 1036 veris
2174 991 2294 1053 apud
2319 993 2433 1040 inte-

414 1058 578 1105 riorem
618 1057 876 1104 hominem:
930 1057 1124 1103 Interior
1168 1055 1312 1103 horno
1357 1054 1541 1112 dicitur,
1592 1055 1716 1119 quia,
1753 1067 1806 1103 ut
1846 1054 1976 1118 supra
2011 1054 2254 1114 ostensum,
2290 1057 2434 1107 homo

411 1124 563 1187 quoad
588 1122 786 1175 coelestia
804 1123 860 1169 &
883 1120 1142 1184 spiritualia,
1177 1138 1284 1186 quae
1323 1120 1457 1169 solius
1479 1122 1675 1170 Domini
1701 1121 1820 1179 sunt,
1855 1121 1919 1169 est
1944 1122 2150 1171 internus
2174 1124 2350 1180 homo3
2379 1138 2433 1177 ,at

411 1189 562 1252 quoad
585 1187 815 1236 rationalia
836 1187 901 1235 est
923 1188 1114 1236 Interior
1143 1187 1216 1235 seu
1241 1187 1416 1236 medius
1440 1189 1556 1236 inter
1576 1190 1806 1236 internum
1829 1189 1878 1238 δε
1896 1199 2136 1236 externum
2157 1212 2172 1246 3
2209 1191 2259 1238 &
2275 1192 2431 1254 quoad

411 1255 665 1303 affectiones
683 1254 806 1310 boni,
843 1255 893 1302 ὅτ
910 1256 1063 1318 quoad
1085 1253 1327 1304 scientifica
1349 1257 1604 1314 memoriae,
1639 1255 1703 1303 est
1727 1257 1986 1311 Externu83
2022 1256 2149 1319 quod
2167 1256 2264 1305 talis
2288 1257 2433 1307 homo

408 1321 478 1378 fit,
514 1320 738 1369 ostensum
779 1321 844 1369 est
879 1323 924 1368 in
962 1323 1200 1385 praemissis
1222 1321 1357 1387 hujus
1385 1323 1576 1386 Capitis,
1613 1339 1675 1371 n:
1703 1327 1817 1388 978,
1857 1322 1931 1370 sed
1969 1322 2097 1386 quod
2131 1323 2217 1371 hoc
2251 1323 2430 1383 nesciat,

409 1402 528 1453 cum¹
552 1388 599 1435 in
644 1403 834 1452 corpore
872 1388 1005 1445 vivit,
1062 1387 1126 1435 est
1161 1390 1268 1452 quia
1314 1391 1361 1436 in
1408 1391 1635 1452 corporeis
1678 1389 1758 1446 est,
1817 1389 1922 1436 inde
1954 1401 2013 1436 ne
2044 1389 2233 1452 quidem
2278 1393 2430 1450 novit,

407 1455 535 1517 quod
559 1456 769 1502 interiora
791 1455 893 1514 fint,
931 1456 1084 1503 minus
1106 1455 1236 1519 quod
1273 1457 1335 1503 ita
1362 1455 1522 1503 ordine
1546 1455 1753 1503 distincta
1775 1456 1893 1512 s1nt;
1929 1468 1973 1503 at
1996 1455 2028 1502 fi
2053 1457 2163 1504 velit
2186 1458 2430 1515 reflectere,

407 1521 507 1568 satis
531 1523 571 1568 ei
599 1521 797 1569 constare
813 1521 989 1586 potest,
1026 1537 1136 1569 cum
1159 1523 1206 1569 in
1230 1523 1507 1586 cogitatione
1530 1522 1742 1571 abstracta
1766 1522 1831 1569 est
1853 1539 1878 1570 a
1898 1537 2113 1585 corpore,
2145 1526 2194 1571 δε
2235 1524 2357 1587 quafi
2381 1526 2430 1571 in

409 1588 563 1650 spiritu
605 1587 684 1635 suo
707 1589 893 1652 cogitat.
967 1588 1112 1652 Qod
1150 1587 1440 1636 fructificatio
1473 1589 1525 1636 δε
1559 1589 1879 1653 multiplicatio
1911 1589 2170 1652 predicetur
2209 1590 2267 1637 de
2314 1593 2428 1638 inte-

408 1656 512 1700 riori
547 1654 731 1702 homine
763 1657 838 1702 feu
861 1653 918 1701 de
942 1654 1163 1710 rationali,
1200 1655 1330 1702 causa
1374 1655 1452 1712 est,
1501 1658 1608 1718 quia
1643 1657 1845 1719 operatio
1884 1657 2056 1703 Interni
2087 1655 2287 1705 hominis
2333 1673 2428 1705 non

409 1719 594 1768 sentitur
629 1722 711 1768 nisi
749 1723 1130 1778 corhmunffiime,
1168 1722 1215 1767 in
1237 1722 1470 1776 interiori;
1507 1737 1613 1768 nam
1651 1721 1884 1769 indefinita
1906 1722 2142 1784 singularia
2164 1722 2283 1779 sunt,
2318 1739 2427 1787 quae

407 1786 561 1834 fistunt
586 1803 733 1833 unum
765 1786 1001 1850 quoddam
1035 1802 1299 1845 commune,
1349 1789 1399 1834 ὅτ
1436 1787 1626 1850 quidem
1667 1789 2092 1835 communiffimum
2139 1791 2187 1836 in
2220 1786 2316 1852 ejus
2355 1791 2425 1837 in-

368 1872 372 1874 >
407 1854 559 1900 teriori
582 1853 802 1908 homine3
839 1868 946 1916 quae
969 1852 1207 1916 singularia
1242 1869 1382 1917 quam
1419 1853 1653 1901 indefinita
1684 1853 1800 1911 sunt,
1837 1855 1887 1902 δε
1910 1855 2150 1917 quomodo
2175 1853 2217 1901 se
2239 1855 2423 1913 habent,

407 1921 453 1964 &
481 1919 637 1967 fistunt
661 1919 1085 1966 communiffimum
1117 1919 1352 1984 quoddam
1383 1918 1644 1978 obscurum,
1694 1919 1891 1968 constare
1923 1919 2069 1984 potest
2097 1920 2154 1968 ab
2192 1921 2280 1968 illis
2315 1937 2424 1986 quae

407 1983 574 2032 ostensa
597 1987 738 2049 prius,
776 2002 834 2032 n:
862 2002 973 2048 545.

478 2050 617 2100 1016.
655 2051 965 2099 Effundimini
1004 2053 1050 2098 in
1088 2063 1252 2100 terram
1286 2053 1337 2100 δε
1362 2052 1730 2118 multiplicamini
1754 2053 1801 2100 in
1824 2069 1890 2109 ea,
1925 2052 2053 2116 quod
2076 2051 2330 2116 significent
2352 2053 2422 2102 in·
2499 2064 2502 2065 ’

405 2131 630 2166 crementa
654 2117 760 2166 boni
787 2119 837 2165 &
866 2120 962 2165 veri
987 2119 1034 2165 in
1057 2130 1243 2166 externo
1280 2119 1482 2177 homine,
1518 2122 1599 2184 qui
1623 2119 1687 2167 est
1710 2132 1843 2177 terra,
1879 2120 1930 2166 ὅτ
1949 2119 2078 2182 quod
2101 2118 2276 2167 effundi
2300 2136 2421 2183 prae-

405 2184 581 2247 dicetur
604 2185 660 2232 de
685 2184 832 2241 bonis,
868 2184 918 2232 δε
943 2184 1240 2250 multiplicari
1271 2186 1328 2232 de
1348 2188 1482 2243 veris,
1518 2203 1573 2233 ex
1597 2186 1699 2242 illis,
1735 2202 1841 2250 quae
1869 2201 1983 2233 mox
2013 2186 2132 2232 dieta
2155 2184 2272 2242 sunt,
2309 2202 2418 2234 con-

349 2264 352 2267 ·
402 2248 500 2307 stat,
526 2263 630 2298 tum
652 2268 708 2298 ex
731 2251 1056 2314 significatione
1079 2265 1227 2309 terrae,
1263 2252 1389 2316 quod
1407 2252 1462 2300 fit
1484 2266 1692 2300 externus
1715 2253 1874 2309 homo,
1910 2253 1968 2300 de
1990 2252 2155 2315 quibus
2179 2252 2416 2300 videantur·

402 2331 512 2377 quae‘
531 2317 651 2363 dic'ta
673 2319 722 2364 &
737 2316 903 2364 ostensa
927 2317 1027 2365 sunt
1049 2318 1106 2365 ad
1120 2318 1245 2365 vers:
1280 2337 1317 2366 1.
1345 2317 1479 2381 hujus
1503 2321 1692 2383 Capitis,
1731 2337 1788 2366 n:
1817 2325 1927 2385 983.
1999 2319 2147 2383 Qod
2170 2319 2344 2366 effundi
2369 2321 2415 2367 in

404 2393 586 2438 terram,
621 2384 671 2430 δε
699 2383 760 2430 fic
786 2383 1076 2446 multiplicari
1101 2387 1147 2432 in
1172 2402 1222 2432 ea
1245 2385 1436 2441 dicatur,
1473 2388 1532 2433 ita
1568 2386 1609 2434 se
1649 2402 1716 2433 res
1756 2385 1904 2443 habet,
1940 2385 2059 2449 apud
2100 2397 2413 2448 regeneratum

401 2447 635 2494 hominem
660 2449 773 2496 nihil
796 2449 1123 2512 multiplicatur
1144 2453 1190 2498 in
1213 2463 1398 2498 externo
1421 2450 1515 2516 ejus
1534 2452 1737 2509 homine,
1773 2452 1859 2501 hoc
1875 2452 1955 2509 est,
1991 2452 2102 2499 nihil
2127 2452 2234 2499 boni
2250 2453 2300 2499 δε
2317 2453 2413 2499 veri

402 2514 675 2565 incrementa
704 2516 839 2578 capit,
875 2516 956 2561 nisi
978 2531 1060 2580 per
1078 2516 1298 2565 charitatis
1321 2518 1536 2565 effectum
1558 2541 1572 2575 3
1609 2519 1794 2566 charitas
1830 2518 1892 2566 est
1915 2519 2037 2582 quafi
2062 2517 2184 2565 calor
2206 2530 2412 2582 tempore

403 2582 518 2630 veris
542 2579 616 2628 seu
640 2579 817 2638 aestatis,
853 2582 933 2644 qui
949 2579 1056 2629 facit
1086 2595 1138 2630 ut
1162 2585 1383 2647 gramina,
1408 2584 1561 2632 herbae
1585 2587 1635 2632 δε
1658 2586 1835 2632 arbores
1858 2585 2084 2640 crescant·,
2121 2584 2284 2647 absque
2307 2585 2412 2631 cha-

401 2648 529 2693 ritate
553 2647 624 2694 seu
650 2647 796 2694 calore
820 2647 1036 2711 spirituali
1066 2649 1176 2696 nihil
1201 2649 1376 2705 crescit,
1412 2666 1550 2712 quare
1574 2650 1646 2698 hic
1670 2653 1874 2715 primum
1900 2652 2082 2707 dicitur,
2117 2650 2416 2697 effundimini

402 2713 446 2758 in
471 2725 651 2771 terram,
687 2713 814 2778 quod
837 2713 1110 2777 praedicatur
1133 2715 1190 2762 de
1215 2714 1371 2772 bonis,
1397 2731 1503 2778 quae
1538 2716 1640 2763 sunt
1672 2717 1909 2773 charitatis,
1951 2732 2032 2778 per
2053 2731 2159 2779 quae
2184 2715 2407 2778 multipli-

401 2779 518 2825 catio
549 2780 657 2827 boni
680 2781 730 2828 δε
754 2782 847 2827 veri
869 2804 883 2836 ;
919 2779 1105 2844 quisque
1130 2797 1287 2844 capere
1308 2781 1472 2844 potest,
1507 2783 1746 2845 quomodo
1779 2782 1866 2829 hoc
1899 2782 1939 2828 se
1963 2781 2110 2838 habet,
2147 2781 2254 2827 nihil
2281 2781 2404 2844 apud

345 2846 348 2849 '
392 2843 633 2908 ¹homi—nem
663 2845 815 2894 crescit
837 2847 886 2895 δε
912 2847 1239 2910 multiplicatur
1267 2848 1344 2895 nili
1387 2848 1440 2894 fit
1470 2847 1839 2912 aliquaaffeffio,
1867 2847 2114 2894 affectionis
2138 2845 2411 2910 jucundum*

400 2907 522 2966 facit,
557 2924 610 2959 ut
645 2929 736 2960 non
776 2913 920 2960 solum
959 2911 1154 2961 radicem
1186 2927 1305 2977 agat,
1354 2913 1428 2961 sed
1463 2915 1599 2962 etiam
1639 2913 1833 2970 crescat,
1884 2912 2132 2960 secundum
2156 2913 2414 2961 affenionis

398 2973 706 3038 aspirationem
729 2981 882 3027 omnia
903 2980 1052 3036 fiunt;
1104 2984 1232 3044 quod
1266 2994 1388 3028 amat
1410 2979 1578 3038 homo,
1605 2980 1693 3028 hoc
1730 2981 1918 3027 libenter
1956 2982 2125 3043 arripit,
2162 2982 2320 3027 retinet
2349 2982 2400 3027 &

400 3040 629 3098 custodit3
681 3045 745 3092 ita,
775 3047 929 3093 omnia
963 3063 1069 3109 quae
1100 3045 1254 3094 favent
1277 3047 1408 3094 alicui
1432 3046 1682 3103 affectioni3
1731 3062 1837 3110 quae
1861 3062 1953 3093 non
1977 3045 2150 3102 favent,
2184 3063 2234 3092 ea
2256 3046 2401 3092 homo

399 3107 511 3154 nihil
535 3122 676 3166 curat,
711 3110 889 3173 respicit
908 3111 1022 3159 ficut
1045 3113 1173 3168 nihil,
1208 3115 1305 3161 imo
1334 3113 1511 3178 rejicit;
1547 3112 1620 3161 sed
1644 3114 1787 3177 qualis
1818 3112 2012 3170 affectio,
2054 3112 2152 3160 talis
2177 3111 2396 3174 multipli-

399 3177 547 3230 cati03
582 3176 704 3238 apud
728 3188 1037 3238 regeneratum
1061 3178 1123 3225 est
1146 3179 1323 3228 affectio
1362 3180 1471 3227 boni
1512 3182 1561 3227 δε
1594 3182 1692 3227 veri
1723 3195 1782 3227 ex
1805 3180 2013 3227 charitate
2037 3196 2063 3226 a
2083 3178 2290 3226 Domino
2313 3178 2398 3222 do-

397 3253 521 3299 nata,
547 3257 683 3305 quare
706 3241 928 3305 quicquid
951 3240 1078 3292 favet,
1092 3243 1318 3295 affectioni
1342 3246 1595 3304 charitatis,
1618 3248 1709 3296 hoc
1730 3248 1902 3311 arripit,
1938 3248 2096 3294 retinet
2118 3245 2166 3293 δε
2185 3241 2408 3353 custgcdit„

1868 3327 1870 3329 ’
2341 3317 2415 3354 lta*-
