2788 3736
707 282 1197 343 CAPUT
1289 280 2006 367 QUINTUM.
2286 306 2417 369 133.

397 423 436 448 “
467 429 624 467 torum
642 433 853 466 meorum
867 416 1043 475 venit,’'
1072 434 1204 466 ωιτη
1225 436 1235 466 :
1262 436 1308 478 4.
1334 417 1449 465 licut
1464 418 1602 464 etiam
1619 419 1747 465 Anni
1770 417 2023 474 millenarii,
2046 415 2212 482 quibus
2233 419 2414 467 vinetus

391 487 486 539 erit
497 484 680 542 satanas,
705 486 843 550 Apoc
863 503 875 533 :
901 500 992 532 xx:
1021 502 1067 541 2,
1096 501 1174 549 37.
1209 485 1261 532 δε
1285 483 1412 531 mille
1427 484 1556 531 Anni
1573 482 1899 531 resurrectionis
1921 486 2293 549 primae,·Apoc:
2315 502 2411 533 xx:

359 568 363 573 ·
392 568 445 612 4,
474 568 523 614 5,
545 551 595 599 6.
630 550 855 614 nusquam
894 549 1149 614 significant
1171 549 1296 598 mille
1328 564 1485 606 annOS,
1521 547 1597 595 sed
1619 548 1755 596 status
1778 566 1935 598 eorum
1958 573 1974 606 3
2009 566 2115 598 nam
2139 549 2254 599 ficut
2274 553 2405 611 Dies,

389 630 444 665 ut
482 618 609 682 prius
646 616 890 674 ostensum,
926 618 1062 664 etiarn
1087 617 1216 679 Anni
1252 629 1338 679 pro
1368 613 1485 662 statu
1507 614 1811 679 accipiuntur,
1846 617 1897 664 δῑ
1933 615 2070 664 status
2093 616 2407 666 describuntur

388 699 471 747 per
493 699 741 731 numerum
759 685 1009 734 Annorum
1025 704 1042 736 3
1076 681 1184 729 inde
1223 678 1422 728 constare
1457 679 1621 744 potest,
1627 681 1785 792 &quod
1818 693 2026 745 tempora
2060 684 2108 729 in
2130 683 2220 731 hoc
2243 685 2406 748 Capite

390 749 629 797 involvant
666 765 852 814 quoque
886 747 1041 803 status,
1076 761 1184 793 nam
1218 747 1488 809 unaquaevis
1510 745 1625 793 Eccl
1668 762 1711 792 1a
1750 748 1798 793 in
1838 747 1926 794 alio
1961 747 2074 795 statu
2098 750 2404 813 Perceptionis

392 813 497 873 fuit,
522 832 665 880 quam
687 815 841 871 altera,
876 812 1127 861 secundum
1150 811 1425 860 differentias
1447 811 1613 860 indolis
1636 827 1694 859 ex
1715 811 2000 860 haereditario
2019 815 2069 861 &
2094 815 2268 862 affituali.

461 886 575 945 483.
610 882 701 932 Per
724 879 948 936 Nomina,
983 894 1090 943 quae
1129 876 1395 942 sequuntur,
1425 891 1480 926 ut
1571 894 1595 926 r
1615 878 1800 936 Scheth,
1835 877 2037 936 Enosch,
2078 880 2256 938 Kenan,
2296 882 2404 930 Ma-
2470 924 2473 926 .

392 946 565 1005 halalel,
598 945 753 1008 jared,
790 943 1028 1002 Chanoch.
1066 944 1453 1001 Methuschelach,
1506 894 1728 1002 {En-lech,
1762 945 1946 1002 Noach,
1986 945 2295 1009 significantur
2332 960 2404 996 to-

391 1013 537 1060 tidem
561 1011 796 1069 Ecclefiae,
866 1026 1030 1061 uarum
1051 1012 1202 1076 prima
1223 1011 1275 1060 &
1296 1010 1555 1077 principalis
1578 1009 1684 1067 fuit,
1718 1027 1826 1076 quae
1848 1013 2018 1062 Homo
2039 1012 2173 1060 dieta.
2243 1013 2406 1061 Eccle-

390 1079 555 1126 fiarum
577 1077 824 1143 principale
832 1028 936 1123 ‘init
951 1076 1208 1140 Perceptio,
1244 1092 1383 1140 quare
1403 1077 1671 1126 differentiae
1694 1077 2000 1126 Ecclefiarum
2036 1078 2160 1127 istius
2185 1083 2404 1143 temporis

391 1146 631 1208 imprimis,
647 1142 832 1191 fuerunt
871 1141 1141 1190 diffizrentiae
1176 1144 1550 1208 perceptionum:
1588 1144 1646 1191 de
1668 1145 1964 1208 Perceptione
1987 1145 2061 1192 hic
2085 1145 2191 1192 licet
2225 1162 2405 1193 memo-

391 1227 502 1268 rare,
538 1209 665 1274 quod
688 1209 736 1256 in
759 1207 969 1257 universo
991 1207 1147 1266 Coelo,
1187 1225 1280 1256 non
1310 1210 1390 1256 nifi
1409 1225 1551 1273 quam
1574 1211 1813 1273 Perceptio
1837 1205 1946 1259 boni
1969 1212 2018 1258 &
2041 1213 2138 1259 veri
2162 1225 2335 1276 regnet,
2353 1214 2405 1260 δε

390 1277 509 1334 talis,
550 1288 604 1323 ut
635 1273 824 1324 describi
861 1287 1069 1339 nequeat,
1108 1291 1217 1322 cum
1241 1275 1492 1323 differentia
1513 1276 1847 1334 innumerabili,
1889 1278 2000 1325 adeo
2024 1289 2077 1324 ut
2106 1294 2197 1326 una
2218 1278 2401 1326 societas

388 1358 480 1390 non
502 1341 698 1393 similem
721 1343 1062 1407 perceptionem
1076 1341 1236 1389 habeat
1258 1358 1310 1389 ac
1332 1342 1496 1399 altera;
1521 1343 1876 1407 Perceptionum
1899 1343 1962 1391 ibi
1985 1344 2152 1392 dantur
2173 1361 2336 1409 genera
2351 1346 2402 1393 &

389 1408 572 1472 species,
605 1409 657 1456 &
680 1423 844 1472 genera
866 1407 968 1455 sunt
990 1407 1349 1466 innumerabilia,
1373 1409 1425 1456 δε
1445 1407 1640 1471 cujusvis
1654 1411 1828 1473 generis
1850 1409 2016 1474 species
2039 1411 2243 1459 fimiliter
2264 1413 2400 1459 innu-

392 1473 643 1531 merabiles,
679 1474 736 1522 de
772 1473 954 1539 quibus,
989 1489 1046 1522 ex
1067 1472 1244 1522 Divina
1262 1475 1456 1522 Domini
1480 1475 1827 1533 Misericordia‚.
1845 1478 1892 1523 in
1916 1476 2214 1540 sequentibus.
2277 1479 2411 1525 Cum.

389 1539 732 1588 innumerabilia
753 1556 934 1604 genera,
969 1539 1020 1588 sc
1042 1538 1238 1606 cujusvis
1261 1542 1439 1605 generis
1477 1542 1822 1590 innumerabiles
1851 1541 2032 1606 species,
2072 1544 2122 1590 δε
2147 1546 2403 1591 innumera-

388 1606 546 1654 biliora
568 1606 717 1654 adhuc
739 1606 989 1670 specierum
1013 1605 1214 1671 partialia
1236 1607 1417 1661 dentur,
1453 1608 1654 1656 constare
1679 1608 1842 1673 potest,
1877 1626 2016 1674 quam
2040 1626 2219 1673 pamm,
2258 1623 2312 1658 ut
2346 1610 2402 1658 fit

389 1688 522 1736 paene
546 1673 676 1730 nihil,
714 1672 851 1720 hodie
887 1671 1008 1722 orbis
1037 1672 1144 1721 sciat
1183 1673 1241 1720 de
1266 1672 1524 1721 coelestibus
1553 1675 1603 1722 ὅτ
1636 1674 1958 1739 spiritualibus,
1986 1692 2096 1723 curn
2130 1693 2186 1724 ne
2208 1677 2405 1740 quidem-

389 1738 495 1786 sciat
526 1739 640 1802 quid
663 1740 920 1803 Percepfio,
952 1740 1004 1787 ὅτ
1043 1739 1078 1786 fi
1100 1739 1283 1796 dicitur,
1323 1755 1405 1786 nec
1429 1740 1597 1797 credat,
1637 1742 1763 1805 quod
1799 1741 1886 1797 fit;
1922 1744 1986 1790 ita
2006 1758 2192 1805 quoque
2214 1743 2261 1790 in
2286 1743 2396 1790 aliis.

390 1804 594 1852 Ecclefia
615 1806 942 1869 Antiquiffima
980 1805 1330 1869 repraesentabat·
1360 1805 1556 1853 Coeleste
1579 1807 1774 1854 Domini
1799 1808 2037 1871 Regnum,
2078 1810 2213 1855 etiam
2244 1808 2398 1872 quoad
2424 1808 2433 1811 ‘⁷

390 1869 673 1919 differentias
689 1871 916 1934 genericas
939 1871 990 1918 ὅτ
1012 1870 1219 1935 speciales
1243 1871 1598 1934 Perceptionum
1617 1895 1632 1927 ·,
1667 1873 1740 1919 sed
1764 1874 1871 1936 quia
1893 1876 2150 1938 Perceptio,
2187 1875 2301 1938 quid
2323 1874 2406 1932 fit,

392 1936 439 1982 in
462 1937 838 1984 communiffimo
861 1935 940 1983 suo
968 1936 1105 1984 hodie
1126 1935 1307 2000 prorsus
1330 1936 1539 1992 nescitur,
1574 1954 1715 2001 quare
1737 1931 1776 1986 si
1795 1942 2142 2004 perceptionum
2165 1956 2329 2004 genera
2348 1941 2399 1988 &c

389 2000 557 2064 species
598 2001 759 2048 harum
792 2001 1098 2049 Ecclesiamm
1133 2002 1403 2059 dicerentur,
1447 2003 1559 2050 nihil
1598 2004 1680 2050 nisi
1703 2021 1842 2068 quam
1880 2008 2116 2069 peregrina
2151 2007 2202 2053 &
2243 2009 2410 2071 ignota

390 2068 701 2115 traderentur:
755 2067 805 2114 in
836 2067 1018 2126 domos,
1060 2067 1266 2126 familiaS,
1315 2069 1366 2115 &
1400 2082 1574 2131 gentes,
1607 2070 1710 2117 ideo
1749 2070 1943 2132 distincti
1977 2073 2175 2130 fuerunt,
2211 2074 2260 2120 &
2284 2075 2409 2133 intra

388 2133 552 2182 domos
587 2135 638 2182 ὅτ
661 2131 851 2182 familias
874 2134 1195 2181 contrahebant
1234 2137 1537 2192 matrimonia,
1572 2135 1634 2182 ob
1666 2136 1857 2194 caulam,
1893 2151 1945 2185 ut
1967 2154 2130 2201 genera
2150 2139 2201 2186 &
2233 2138 2409 2203 species»

387 2200 735 2265 perceptionum
757 2199 1008 2258 existerent,
1048 2202 1099 2248 δε
1122 2217 1215 2247 non
1239 2200 1366 2248 aliter
1384 2217 1523 2264 quam
1546 2201 1793 2250 secundum
1817 2206 2164 2268 propagationes
2186 2206 2406 2253 indolum-

388 2281 417 2341 a
450 2264 1077 2380 {areptibulsmgerivarentun
1111 2282 1249 2331 quare
1272 2269 1352 2331 qui
1374 2268 1433 2314 ab
1456 2269 1786 2332 Antiquiffima
1807 2271 2008 2318 Ecclefia
2027 2269 2230 2327 fuerunt,
2259 2274 2406 2319 etiam

389 2348 438 2378 m
503 2349 551 2380 oe
569 2348 599 2380 o
622 2347 678 2379 co
766 2345 892 2380 itant.

457 2394 572 2458 484.
610 2396 756 2462 Qod
795 2398 1010 2455 Ecclefia,
1046 2415 1153 2463 quae.
1182 2399 1349 2447 Scheth
1386 2400 1521 2458 dieta,
1571 2403 1780 2464 proxime
1819 2403 1975 2451 similis
2020 2402 2155 2451 fuerit
2176 2403 2405 2452 Ecclefiae*

391 2464 753 2527 Antiquiffimae,
786 2464 958 2511 constat
980 2466 1104 2520 inde,
1138 2466 1267 2529 quod
1290 2466 1482 2524 dicatur,
1517 2467 1643 2531 quod
1668 2469 1837 2516 Homo
1873 2472 2082 2533 genuerit
2103 2472 2154 2516 in
2183 2470 2397 2517 fimilitu-

390 2530 544 2576 dinem
583 2528 727 2584 suam,
767 2528 1018 2579 secundum
1046 2533 1296 2595 imaginem
1321 2531 1462 2589 suam,
1497 2534 1547 2580 &
1571 2537 1758 2582 vocavit
1795 2552 1962 2583 nornen
1986 2534 2084 2600 ejus
2103 2536 2304 2591 Scheth3
2339 2536 2405 2593 s1-;

390 2595 604 2642 militudo
626 2594 651 2641 s
678 2595 791 2641 cetat
813 2595 974 2653 fidem,
1012 2597 1067 2643 &
1088 2599 1244 2660 imago
1266 2614 1468 2646 amorem
1494 2622 1508 2653 ς
1541 2616 1645 2646 nam
1667 2601 1796 2663 quod
1821 2618 1912 2648 non
1946 2600 2082 2649 fuerit
2113 2602 2228 2648 ficut
2252 2603 2388 2651 Anti-

389 2662 599 2725 quiflima
619 2611 820 2708 {celena
841 2661 994 2724 quoad
1023 2664 1305 2710 amorem&
1338 2664 1442 2710 inde
1472 2665 1611 2711 fidem
1646 2667 1691 2711 in
1714 2668 1992 2727 Dominum,
2026 2667 2197 2715 constat
2234 2683 2291 2714 ex
2319 2683 2404 2724 eo,

389 2727 517 2790 quod
533 2742 649 2774 mox
661 2726 787 2790 prius
804 2727 995 2784 dicatur,
1039 2732 1073 2754 ‘⁶
1097 2726 1359 2775 Masculum
1376 2731 1426 2776 &
1450 2728 1682 2777 faeminam
1699 2734 1867 2780 creavit
1890 2733 2007 2790 illos,
2032 2734 2263 2786 benedixit
2285 2732 2390 2790 illis,

391 2793 441 2839 &
462 2795 646 2842 vocavit
676 2808 847 2840 nomen
885 2793 1071 2840 illorum
1110 2794 1306 2852 homo,”
1344 2794 1510 2857 quibus
1549 2795 1827 2858 fignificatut
1850 2799 1993 2846 homo
2021 2799 2257 2862 spiritualis
2280 2798 2394 2846 sexti

391 2857 498 2914 diei,
521 2871 574 2905 ut
588 2859 713 2921 prius
736 2859 930 2915 dictum,
955 2875 1091 2922 quare
1113 2859 1363 2907 similitudo
1384 2858 1479 2923 ejus
1501 2859 1605 2917 fuit,
1630 2862 1742 2909 ficut
1758 2863 1991 2926 spiritualis
2012 2865 2119 2913 sexti
2146 2865 2409 2928 diei,.quod.³

391 2922 470 2981 est,
493 2925 623 2989 quod
646 2926 801 2972 Amor
823 2941 914 2971 non
935 2925 996 2972 ita
1016 2926 1262 2989 principale
1281 2925 1388 2983 fuit,
1413 2925 1487 2973 sed
1509 2929 1649 2990 usque
1672 2931 1799 2991 quod
1816 2930 1930 2977 fides
1951 2933 2120 2978 Amor-i
2140 2933 2404 2995 conjuncta„

458 2990 572 3051 485.
609 2990 758 3055 Qod
793 2990 867 3038 hic
907 2991 991 3038 alia
1027 2991 1227 3039 Ecclesia
1267 3008 1350 3056 per
1387 2992 1555 3040 Scheth
1591 2994 1891 3058 intelligatur,¹
1926 3013 2066 3060 quam
2105 3014 2210 3061 quae
2246 3000 2399 3061 prius,¹

392 3055 515 3117 Cap:
531 3069 620 3118 ⁴nr:
649 3071 672 3101 2
681 3072 726 3117 5.
765 3072 847 3120 per
869 3057 1035 3104 Scheth
1058 3056 1278 3120 descripta
1298 3058 1378 3115 est,
1411 3060 1618 3106 videatur
1640 3060 1702 3106 ibi
1724 3078 1783 3110 n:
1799 3081 1860 3126 43
1867 3080 1912 3124 5.
1961 3064 2107 3129 Qod
2130 3064 2263 3110 simili
2285 3065 2389 3110 No-

393 3122 516 3167 mine
537 3131 715 3177 vocatae
733 3120 819 3167 sint
840 3121 1057 3169 Ecclesiae
1085 3123 1274 3171 diversae
1302 3124 1538 3182 doetrinae,
1591 3125 1762 3173 constat
1794 3145 1852 3174 ex
1888 3128 2002 3186 illis,
2019 3146 2124 3193 quae
2148 3131 2194 3175 in
2218 3145 2398 3192 praece·v

390 3187 526 3232 dente
550 3185 710 3249 Capite
747 3185 869 3233 vers:
902 3203 957 3251 17
995 3189 1045 3235 &
1089 3194 1160 3238 18.
1192 3202 1368 3236 vocatae
1404 3189 1506 3238 sunt
1544 3192 1762 3239 Chanoch
1792 3195 1842 3240 δε
1875 3195 2109 3252 Lamech„
2146 3195 2273 3257 quod
2308 3194 2383 3240 hic

391 3251 491 3300 aliae
512 3250 714 3299 similiter
745 3251 980 3316 appellatae
1001 3253 1220 3304 Chanoch
1246 3255 1297 3303 ὅτ
1319 3255 1548 3315 Lamech,
1575 3257 1700 3305 vers:
1728 3277 1783 3308 21
1812 3261 1862 3308 δε
1887 3277 1966 3324 30.
