2788 3736
403 286 540 352 410
898 258 1295 327 GEvN
1380 259 1719 333 E-S.1
1806 263 1872 329 S.

392 420 526 463 num,
563 404 612 452 δε
636 401 825 451 charitas
871 416 977 464 erga
1007 401 1292 464 proximum,
1327 399 1455 464 quod
1499 398 1724 448 ostensum
1754 399 1878 462 prius
1917 416 1978 450 n:
2019 414 2147 467 795:
2186 402 2236 450 δε
2275 400 2403 467 quod

400 474 548 518 oriens
586 469 809 533 significet
831 468 1110 523 Dominum,
1146 470 1194 515 &
1221 466 1325 514 inde
1349 466 1562 521 coelestia,
1597 482 1704 530 quae
1742 464 1845 513 sunt
1883 468 2063 514 amoris·
2093 468 2143 516 &
2168 468 2412 525 charitatis,
2489 460 2493 465 κ

404 537 614 584 videatur
636 537 771 583 etiam
795 534 940 598 prius,
976 550 1033 581 n:
1067 551 1176 590 101,
1213 536 1314 580 tum
1348 532 1405 580 ab
1437 532 1506 580 his
1547 530 1832 596 sequentibus
1856 532 2001 588 locis·,
2036 534 2158 596 apud
2190 535 2413 584 Ezechie-

403 603 514 658 lem,
536 600 879 650 ‘⁸³Sustulerunt
890 599 1090 648 Cherubi
1109 602 1195 647 alas
1210 599 1321 656 suas,
1339 598 1536 647 ascendit
1554 599 1699 663 gloria
1720 598 1915 661 Jehovae
1928 598 2116 662 desuper
2131 601 2284 649 medio
2300 604 2411 650 civi-

408 674 442 695 “
479 670 598 727 tatis,
634 669 682 716 &
708 668 827 715 stetit
842 667 972 730 super
993 670 1164 722 Monte,
1200 668 1280 730 qui
1304 666 1360 713 ab
1383 668 1558 714 Oriente
1575 666 1822 722 civitatis‚’'
1857 681 1910 713 xx
1934 683 1945 714 :
1997 681 2075 722 22,
2105 681 2132 714 2
2139 683 2181 728 3.
2223 668 2303 715 ubi
2330 685 2411 733 per

404 747 637 788 montem,
675 735 754 799 qui
779 733 836 782 ab
856 735 1044 790 oriente,
1083 732 1193 780 nihil
1217 733 1340 779 aliud
1363 732 1642 796 fignificatur
1657 748 1797 796 quam
1812 731 2010 789 coeleste,
2045 731 2173 794 quod
2195 732 2259 782 est
2284 750 2411 782 amo-

405 802 467 849 ris
484 803 531 849 &
551 802 799 858 charitatiS,
833 816 940 863 quae
964 799 1028 847 est
1051 800 1262 856 Domini,
1298 815 1405 847 narn
1430 799 1597 846 dicitur
1612 799 1738 863 quod
1763 798 1909 862 gloria
1931 798 2128 860 Jehovae
2151 798 2214 846 ibi
2234 798 2410 850 steterit.

402 867 551 931 Apud
571 867 808 924 Eundem,
847 871 881 894 “
915 868 1064 914 Duxit
1081 883 1156 913 me
1178 866 1233 912 ad
1265 879 1463 930 portam,
1498 878 1679 929 portam
1718 882 1826 930 qua:
1849 865 2014 929 spediat
2057 864 2180 912 viam
2205 860 2410 924 Orientis,

402 939 437 962 “
471 935 520 982 &
545 950 646 982 ecce
669 933 815 997 gloria
830 933 918 980 Dei
942 931 1106 980 Israelis
1131 933 1255 979 venit
1293 949 1319 980 a
1355 934 1430 979 via
1454 934 1695 990 Orientis,’'
1733 949 1902 981 κωκυ
1930 928 1988 989 ’1,
2028 949 2074 990 2,
2114 931 2193 980 ubi
2225 949 2310 996 per
2326 935 2413 981 ori-

409 1005 446 1028 “
481 1013 632 1048 entem
671 999 814 1048 simile
854 999 1144 1062 significatur.
1217 999 1363 1062 Apud
1405 999 1639 1056 Eundem,
1678 1004 1715 1027 “
1749 999 1813 1046 Et
1844 999 2027 1046 reduxit
2051 1017 2127 1047 me
2164 1000 2239 1047 via
2267 1013 2413 1064 portae

406 1072 441 1093 “
478 1066 709 1114 sanctuarii
764 1067 992 1112 exterieris
1016 1064 1252 1128 speelantis
1277 1067 1508 1122 Orientem,
1543 1066 1595 1112 δε
1635 1065 1711 1112 illa
1735 1065 1895 1123 clausa,
1935 1067 1983 1112 &
2009 1066 2124 1113 dixit
2146 1066 2202 1113 ad
2234 1082 2309 1114 me
2341 1069 2417 1129 Je-

405 1139 438 1159 “
474 1133 643 1189 hovah,
678 1146 808 1196 porta
833 1133 931 1178 haec
966 1130 1107 1178 clausa
1123 1134 1225 1188 erit,
1261 1148 1354 1179 non
1375 1133 1620 1195 aperietur,
1660 1133 1709 1178 δε
1742 1133 1814 1178 vir
1836 1148 1930 1180 non
1955 1132 2138 1180 intrabit
2163 1149 2245 1195 per
2267 1133 2411 1190 illam,

405 1205 439 1227 “
474 1199 549 1246 sed
576 1199 782 1260 jehovah
798 1198 927 1244 Deus
952 1197 1117 1244 Israelis
1141 1197 1326 1244 intrabit
1349 1214 1430 1261 per
1454 1198 1630 1255 illam,’'
1665 1212 1815 1244 xmv:
1860 1216 1900 1253 1,
1939 1214 1986 1254 2,
2020 1198 2224 1247 similiter
2247 1201 2412 1248 Oriens

398 1283 490 1329 ¹pro
525 1265 714 1321 coelesti,
750 1264 877 1327 quod
896 1262 958 1309 est
976 1265 1157 1320 amoris,
1193 1265 1271 1326 qui
1297 1263 1360 1311 est
1384 1263 1516 1310 solius
1539 1264 1746 1311 Domini.
1784 1264 1932 1327 Apud
1957 1264 2192 1322 Eundem,
2230 1271 2264 1293 “
2290 1268 2413 1314 Cum

406 1337 438 1359 “
475 1331 605 1379 faciet
623 1333 832 1395 princeps
856 1330 1172 1393 spontaneum,
1208 1329 1538 1386 holocaustum,
1576 1328 1855 1393 &pacifica,
1891 1329 2185 1395 spontaneum
2203 1332 2407 1392 Jehovae‚

407 1404 443 1426 “
479 1400 528 1446 δε
573 1400 739 1463 aperiet
761 1398 833 1444 Illi
858 1410 1038 1460 portam
1079 1394 1352 1460 spe&antem
1377 1396 1528 1443 versus
1569 1398 1800 1452 Orientem,
1837 1395 1888 1443 δε
1926 1394 2057 1444 faciet
2096 1397 2411 1455 holocaustum

407 1470 438 1492 “
475 1465 606 1512 suum
632 1465 681 1512 &
706 1464 894 1528 pacifica
917 1463 1007 1519 sua,
1044 1462 1158 1509 ficut
1181 1461 1315 1510 faciet
1354 1464 1400 1510 in
1425 1463 1498 1510 die
1522 1462 1770 1519 sabbathi,'’
1805 1478 1919 1510 Χινι
1943 1481 1953 1509 :
2003 1480 2074 1512 12.
2101 1464 2306 1514 similiter
2329 1481 2414 1529 pro

403 1530 593 1587 coelesti,
630 1531 756 1595 quod
787 1530 850 1576 est
874 1531 1039 1576 amoris
1057 1531 1101 1576 in
1127 1530 1402 1577 Dominum.
1474 1529 1621 1592 Apud
1645 1528 1881 1586 Eundem,
1920 1533 1954 1556 “
1989 1529 2196 1577 Reduxit
2238 1533 2317 1578 'ine
2355 1531 2410 1579 ad

407 1603 442 1624 “
478 1597 644 1645 ostium
670 1597 853 1653 domus,
889 1596 937 1642 &
961 1611 1064 1642 ecce
1083 1611 1214 1658 aquae
1237 1608 1448 1643 exeuntes
1473 1596 1528 1642 de
1553 1594 1633 1652 sub
1649 1595 1806 1641 limine
1823 1595 1990 1642 domus
2006 1595 2156 1643 versus
2181 1598 2411 1654 Orientem,

408 1668 444 1690 “
477 1666 585 1728 quia
614 1662 748 1711 facies
766 1663 932 1710 domus
957 1663 1159 1717 Oriens,’³
1194 1677 1333 1709 Χινιι
1356 1679 1368 1709 ;
1412 1680 1453 1719 1,
1493 1666 1537 1718 8,
1575 1660 1637 1707 ibi
1661 1660 1717 1707 de
1741 1676 1861 1708 nova
1877 1661 2214 1726 Hierosolyma,
2249 1664 2414 1712 Oriens

407 1746 495 1793 pro
512 1731 738 1786 Domino,
775 1730 836 1775 ita
870 1744 954 1792 pro
991 1727 1161 1774 coelesti
1186 1727 1319 1791 quod>
1343 1727 1405 1775 est
1434 1728 1616 1784 amoris,
1652 1742 1784 1790 aquae
1810 1726 1910 1775 sunt
1934 1728 2188 1792 spiritualia.
2257 1730 2416 1777 Simile

404 1795 629 1860 fignificat
654 1796 726 1844 hic
753 1811 886 1842 mons
909 1795 1091 1841 orientis
1113 1816 1126 1850 ;
1163 1806 1377 1858 praeterea
1399 1796 1479 1858 qui
1502 1793 1765 1841 habitabant
1803 1796 1850 1841 in
1874 1794 2018 1858 Syria,
2055 1794 2166 1842 dieti
2206 1794 2309 1844 sunt
2331 1796 2415 1843 filii

404 1864 605 1921 orientis,
643 1862 700 1909 de
713 1862 897 1926 quibus,
920 1877 991 1908 -ex
1015 1861 1187 1908 Divina
1211 1862 1405 1908 Domini
1429 1860 1760 1917 Misericordia,
1798 1862 1844 1908 in
1863 1859 2163 1923 sequentibus.

481 1947 534 1979 12
542 1946 570 1992 5
585 1948 619 1977 ι.
656 1928 778 1975 Vers
787 1946 798 1977 ε
838 1946 863 1991 3
880 1945 914 1975 1.
974 1928 1040 1974 Hi
1063 1927 1157 1986 filii
1179 1927 1354 1984 Schemi‚
1397 1928 1626 1991 secundum
1637 1927 1839 1989 familias
1864 1928 2047 1984 illerum,
2072 1928 2299 1991 secundum
2333 1929 2416 1976 lin-

398 1996 512 2058 guas
534 1997 718 2050 illorum,
753 1998 799 2042 in
821 1996 950 2042 terris
971 1994 1156 2051 illorum,
1183 1994 1408 2058 secundum
1425 2005 1572 2057 gentes
1601 1994 1782 2041 illorum.
1854 1995 1927 2042 Hi
1966 1995 2049 2041 filii
2071 1994 2253 2041 Schemi
2276 1995 2415 2058 figni-

406 2062 546 2110 ficant
569 2062 866 2109 derivationes
907 2076 964 2107 ex
986 2059 1114 2106 cultu
1155 2062 1348 2116 interno,
1384 2063 1465 2124 qui
1489 2061 1552 2108 est
1576 2060 1772 2108 Schem:
1810 2059 2056 2107 secundum
2081 2059 2271 2108 familias
2312 2062 2416 2109 illo-

407 2144 530 2185 rum,
567 2127 816 2176 secundum
831 2127 1007 2190 linguas
1042 2126 1328 2183 illorum,.in
1347 2129 1474 2174 terris
1492 2127 1694 2182 illorum,
1730 2127 1776 2172 in
1801 2125 2014 2188 gentibus
2036 2126 2238 2182 illorum,
2275 2128 2424 2191 figni-'

407 2195 545 2242 ficant
582 2194 837 2242 secundum
871 2191 1066 2257 cujusvis
1097 2194 1287 2256 genium
1324 2194 1371 2240 in
1409 2192 1738 2256 particulari&
1763 2193 2037 2248 communi3
2074 2191 2321 2240 secundum
2348 2192 2412 2241 far

410 2260 575 2319 milias,
623 2261 687 2309 est
709 2258 958 2309 secundum
1001 2258 1273 2307 differentias
1317 2260 1468 2323 quoad
1504 2259 1763 2306 charitatem
1783 2279 1796 2312 3
1849 2257 2098 2305 secundum
2133 2259 2310 2323 linguas
2356 2260 2417 2307 est

407 2327 659 2376 secundum
677 2327 947 2375 differentias
963 2325 1115 2388 quoad
1139 2326 1278 2373 fidem
1300 2347 1315 2381 ;
1351 2327 1399 2372 in
1421 2327 1546 2372 terris
1566 2324 1749 2373 illorum
1778 2323 1840 2371 est
1858 2325 1903 2371 in
1921 2327 2160 2373 communi
2176 2325 2417 2389 respective

407 2394 467 2441 ad
493 2394 567 2441 illa
589 2409 695 2458 quae
735 2393 837 2441 sunt
866 2392 1008 2447 fidei3
1045 2392 1092 2438 in
1125 2391 1352 2455 gentibus,
1404 2392 1467 2439 est
1505 2393 1550 2438 in
1577 2392 1818 2438 communi
1843 2390 2083 2457 respective
2123 2392 2181 2440 ad
2215 2393 2289 2440 illa
2310 2409 2416 2457 quae

411 2459 514 2508 sunt
531 2460 768 2508 charitatis.

488 2543 626 2589 1²52·
665 2525 811 2592 Qod
830 2524 928 2572 haec
954 2523 1278 2587 significentur,
1315 2540 1406 2571 non
1427 2540 1542 2588 opus
1566 2522 1629 2571 est
1654 2524 1835 2571 ulterius
1853 2524 2136 2584 confirmare,
2170 2523 2273 2573 sunt
2296 2527 2417 2572 enim

409 2594 568 2641 eadem
586 2593 741 2650 verba,
776 2607 882 2656 quae
905 2590 1036 2655 supra
1057 2590 1186 2637 vers:
1215 2606 1293 2646 20,
1330 2591 1407 2637 ubi
1427 2593 1667 2638 videantur
1697 2607 1804 2654 quae
1827 2591 1980 2646 dieta3
2017 2590 2057 2639 se
2079 2591 2245 2639 habent
2282 2591 2419 2654 figni-

413 2661 658 2717 ficationes,
695 2672 747 2706 ut
785 2659 858 2706 hic
882 2655 1176 2713 familiarum,
1213 2656 1490 2720 linguarum,
1526 2671 1762 2714 terrarum,
1779 2658 1830 2705 δε
1854 2659 2079 2721 gentium,
2099 2656 2340 2720 respeffive
2361 2658 2420 2704 ad

414 2727 488 2773 illa
514 2727 570 2773 de
586 2726 753 2790 quibus
771 2724 1081 2789 praedicantur
1101 2746 1115 2778 3
1152 2724 1214 2770 ibi
1238 2724 1295 2770 de
1317 2725 1514 2780 Chamo,
1551 2724 1624 2771 seu
1648 2724 1706 2770 de
1724 2723 1850 2770 cultu
1879 2735 2094 2786 corrupto
2117 2724 2310 2781 interno,
2345 2724 2419 2772 hic

415 2807 527 2839 vero
550 2794 606 2839 de
630 2793 843 2848 Schemo,
883 2789 954 2837 seu
979 2790 1034 2836 de
1046 2790 1176 2836 cultu
1193 2806 1302 2837 vero
1321 2793 1497 2838 interno
1518 2814 1530 2846 3
1557 2806 1694 2853 quare
1710 2787 1895 2835 familiae
1916 2790 1963 2835 &
1989 2801 2144 2850 gentes
2162 2788 2223 2836 ibi
2254 2789 2421 2854 spefita·

416 2857 523 2904 bant
546 2875 710 2915 mores,
738 2875 787 2906 ac
813 2859 983 2919 linguae
1009 2857 1058 2903 &
1076 2868 1206 2903 terrae
1221 2858 1470 2919 opiniones,
1492 2872 1597 2919 quae
1615 2856 1714 2902 sunt
1730 2853 1942 2900 Eccltfiae
1959 2867 2186 2917 corruptae
2204 2857 2419 2912 internae3

413 2923 486 2970 hic
505 2939 613 2970 vero
636 2923 821 2970 familiae
837 2924 884 2970 δε
904 2933 1059 2986 gentes
1082 2921 1278 2984 spectant
1305 2923 1584 2977 charitatem,
1609 2937 1659 2967 ac
1684 2919 1855 2981 linguae
1883 2921 1931 2966 &
1959 2933 2087 2967 terrae
2106 2920 2274 2980 fidem,
2310 2941 2419 2988 quae

418 2989 520 3036 sunt
545 2989 759 3036 Ecclefiae
777 3005 896 3035 verae
915 2992 1133 3034 internae:
1171 2988 1228 3033 de
1262 2989 1585 3050 significatione
1608 2986 1815 3049 gentium
1841 2989 1886 3032 &
1915 2983 2187 3049 familiarum
2215 2989 2422 3039 videatur

410 3054 762 3119 insequentibus
778 3052 909 3116 hujus
934 3054 1120 3114 Capitis.
1471 3078 1475 3081 ,
1510 3103 1514 3110 .
1631 3113 1633 3117 X
2158 3073 2161 3074 ⁷
2302 3089 2306 3091 .
2388 3068 2389 3071 ’

496 3138 630 3185 1253.
667 3119 788 3167 Vers
797 3139 807 3167 :
847 3136 922 3182 32.
960 3120 1044 3165 Hae
1083 3117 1269 3177 familiae
1279 3118 1471 3177 filiorum
1505 3117 1694 3174 Noachi,
1721 3116 1946 3180 secundnm
1979 3123 2238 3169 nativitates
2265 3139 2420 3179 eorum,

418 3192 462 3235 in
480 3188 680 3251 gentibus
711 3203 866 3233 eorum.
938 3186 1036 3233 Hae
1080 3181 1266 3232 samiliae
1315 3185 1516 3231 filiorum
1540 3184 1720 3231 Noachi
1743 3185 1998 3247 significant
2028 3187 2176 3234 cultus
2206 3188 2422 3235 Ecclefiae

420 3256 643 3317 Antiquae
668 3254 714 3299 in
747 3252 1030 3317 particulari:
1068 3246 1316 3298 secundum
1353 3252 1601 3297 nativitates
1643 3266 1820 3307 eorum,
1857 3251 2110 3314 significant
2142 3253 2255 3300 ficut
2284 3252 2420 3301 refor-

420 3324 532 3369 mari
548 3320 806 3385 potuerint:
844 3320 890 3366 in
938 3313 1147 3381 gentibus
1172 3332 1329 3367 eorum
1355 3317 1608 3381 fignificant
1634 3317 1782 3366 cultus
1799 3317 2015 3366 Ecclefiae
2038 3319 2084 3366 in
2101 3322 2351 3367 communi.

2281 3403 2420 3450 1254.
