2788 3736
889 216 1318 283 CAPUT
1413 210 1903 301 NONUM'.
2302 227 2433 310 363

430 363 698 420 habuerunt,
718 376 824 410 nam
849 375 941 409 non
963 359 1110 408 solum
1134 357 1322 424 templa,
1341 357 1391 405 &
1407 356 1576 415 altaria,
1609 356 1690 405 sed
1706 358 1847 406 etiam
1868 356 2081 407 sacrificia
2103 358 2342 419 habebant,
2377 364 2437 410 fic

424 444 483 479 ut
503 424 667 496 parum
691 428 890 476 differret
913 443 1074 475 eorum
1097 425 1247 474 cultus
1269 436 1484 489 externus
1515 440 1542 470 a
1563 423 1691 472 cultu
1724 424 2019 486 Judaeorum,
2055 424 2202 476 solum
2219 428 2350 491 quod
2373 430 2435 476 illi

427 499 714 546 nominarent
738 495 935 552 Baalem‚
971 492 1206 550 Astaroth,
1241 491 1443 539 aliumve
1459 506 1546 554 pro
1569 488 1649 536 suo
1672 490 1776 547 deo,
1814 493 1864 538 &
1888 491 2046 553 Judaei
2062 491 2306 554 Jehovam,
2325 495 2440 543 ficut

424 565 564 612 etiam
583 562 733 619 hodie,
768 573 977 626 putantes
998 556 1126 625 quod
1148 558 1239 618 sola
1260 557 1513 606 nominatio
1535 555 1730 618 Jehovae
1751 555 1916 605 faceret
1956 574 2031 606 eos
2064 557 2235 608 sanetos
2274 563 2324 609 δε
2348 562 2437 608 ele-

435 632 552 687 Ctos,
589 645 698 677 cum
724 640 878 676 tamen
894 628 984 675 hoc
1021 626 1173 690 potius
1196 640 1274 672 eos
1295 638 1394 687 prae
1426 622 1522 670 aliis
1543 622 1860 686 damnaverit,
1894 623 1956 672 fic
2001 627 2125 672 enim
2163 627 2441 691 prophanare

336 742 341 744 .
427 708 678 760 potuerunt
701 694 921 750 sanctum,
950 692 1079 758 quod
1101 702 1259 756 gentes
1289 705 1382 739 non
1403 689 1580 754 possent
1605 710 1621 744 ·,
1656 688 1755 735 talis
1778 689 1927 736 cultus
1943 690 2008 738 est
2030 694 2112 755 qui
2136 707 2328 741 vocatur
2350 695 2437 742 Ca-

426 778 557 819 naan,
593 763 676 826 qui
698 761 852 810 servus
893 759 1126 808 servorum
1164 757 1359 806 dicitur:
1394 754 1523 820 quod
1554 754 1708 805 servus
1754 753 1987 804 servorum
2009 757 2065 805 fit
2098 760 2364 808 viliffimum
2391 762 2438 808 in

370 866 373 869 ,
426 828 647 886 Ecclesia,
683 828 891 875 videatur
908 825 1039 873 versu
1062 824 1284 888 sequente.

500 910 641 957 1095.
676 892 819 942 Vers:
856 894 933 942 26.
970 894 1035 941 Et
1051 892 1181 948 dixit,
1215 889 1452 942 benedit't'us
1465 887 1674 952 Jehovah
1707 887 1828 935 Deus
1858 887 2036 945 Schemi‚
2070 890 2127 938 δέ)
2150 893 2235 938 erit
2257 892 2438 941 Canaan

411 962 572 1026 servus
586 960 666 1008 illi.
701 948 709 954 ⁵
737 956 1012 1008 BenediEtus
1034 954 1468 1020 JehovahSchemi,
1504 953 1728 1017 fignificat
1750 969 1889 1002 omne
1929 953 2103 1002 bonum
2139 956 2243 1013 illis,
2278 960 2357 1021 qui
2381 960 2436 1007 ab

424 1028 612 1075 internis
635 1025 795 1074 colunt
816 1025 1078 1074 Dominum
1104 1045 1121 1079 ς
1156 1021 1380 1070 Schemus
1402 1019 1467 1068 est
1489 1019 1689 1068 Ecclefia
1721 1020 1895 1068 interna
1920 1039 1931 1068 ε
1970 1021 2019 1068 &
2043 1023 2127 1070 erit
2144 1024 2323 1070 Canaan
2349 1025 2435 1072 ser-

424 1109 513 1142 vus
533 1082 618 1151 illi,
653 1091 879 1156 fignificat
900 1089 1028 1153 quod
1048 1087 1158 1136 tales
1183 1088 1264 1152 qui
1305 1088 1354 1135 in
1375 1087 1570 1135 externis
1596 1084 1744 1134 solum
1768 1087 1948 1134 cultum
1973 1092 2174 1152 ponunt,
2211 1089 2297 1138 sint
2321 1094 2435 1140 inter

425 1174 521 1217 eos,
557 1159 638 1222 qui
649 1158 758 1205 vilia
779 1156 957 1204 servitia
973 1153 1182 1219 praestare
1202 1155 1370 1218 poffint
1385 1152 1648 1202 hominibus
1665 1152 1897 1201 Eccleliae.

480 1224 634 1285 1096.
650 1222 797 1290 Qod
814 1222 1077 1271 benedictus
1099 1220 1309 1284 Jehovah
1332 1220 1535 1278 Schemi,
1559 1219 1783 1284 significet
1800 1235 1940 1268 omne
1963 1219 2140 1269 bonum
2162 1221 2250 1270 illis
2271 1223 2353 1288 qui
2374 1225 2435 1273 ab

423 1290 607 1349 internis
623 1290 782 1337 colunt
803 1291 1084 1345 Dominum,
1119 1287 1320 1336 constare
1358 1286 1506 1350 potest
1547 1302 1574 1333 a
1594 1286 1924 1350 significatione
1955 1287 2255 1338 Benedinstus:
2287 1292 2436 1339 ‚Bene-

427 1356 570 1414 diffio
593 1355 793 1404 involvit
813 1371 953 1403 omne
975 1355 1160 1402 Bonum
1184 1352 1365 1413 coeleste
1389 1354 1439 1400 &
1461 1351 1704 1416 spirituale,
1739 1364 1843 1400 tum
1864 1368 2052 1416 quoque
2075 1355 2292 1414 naturale,
2312 1374 2438 1423 ‘quae

421 1421 733 1486 significantur
767 1437 850 1486 per
880 1420 1250 1480 Benediffionem
1295 1419 1343 1466 in
1390 1417 1515 1466 sensu
1554 1419 1765 1474 interno-,
1801 1419 1851 1466 &
1891 1420 1940 1466 in
1965 1418 2089 1468 sensu
2115 1434 2305 1470 externo
2351 1440 2436 1487 per

425 1488 796 1536 Benediffionem
849 1486 1130 1551 significatur
1166 1501 1306 1533 omne
1350 1480 1527 1533 bonum
1574 1484 1881 1542 mundanum,
1939 1501 2212 1550 corporeum
2250 1490 2300 1535 &
2347 1502 2436 1538 ter-

420 1553 572 1612 restre,
607 1553 685 1602 sed
722 1554 840 1611 haec,
889 1554 920 1600 li
952 1551 1210 1601 benedictio
1247 1551 1350 1608 sint,
1366 1611 1372 1614 .
1386 1550 1623 1599 necessario
1658 1562 1793 1599 erunt
1829 1567 1855 1598 a
1893 1551 2212 1601 Benediaione
2246 1554 2434 1614 interna,

423 1635 532 1668 nam
571 1620 672 1669 haec
697 1617 843 1669 solum
874 1618 939 1666 est
984 1618 1265 1680 Benedicfitio,
1299 1617 1410 1681 quia
1429 1616 1494 1664 est
1522 1630 1690 1665 aeterna
1711 1619 1760 1664 &
1786 1633 1897 1665 cum
1922 1620 2054 1667 omni
2075 1618 2288 1669 felicitate
2321 1638 2432 1671 con-

417 1683 594 1750 junfta,
628 1685 784 1750 estque
800 1683 951 1748 ipsum
973 1685 1076 1733 Esse
1097 1683 1486 1740 benediffionum,
1522 1699 1630 1731 nam
1663 1683 1778 1747 quid
1798 1683 1881 1730 Est
1902 1685 1986 1732 nifi
2019 1698 2261 1744 aeternum,
2297 1705 2437 1738 omne

425 1751 551 1799 aliud
583 1752 667 1799 effe
689 1752 850 1799 definit
883 1750 995 1798 effe:
1031 1750 1227 1813 antiquis
1250 1748 1446 1812 solemne
1468 1746 1557 1796 fuit
1586 1749 1751 1806 dicere,
1786 1749 2056 1798 Benedifitus
2078 1751 2302 1812 jehovah,
2339 1771 2438 1818 quo

423 1815 752 1880 intelligebant,
787 1815 916 1880 quod
947 1815 1004 1862 ab
1026 1815 1131 1880 Ipso
1152 1815 1303 1862 omnis
1326 1814 1606 1872 BenediCtio,
1641 1815 1730 1862 hoc
1752 1815 1833 1872 est,
1867 1831 2008 1864 omne
2031 1817 2223 1875 bonum,
2259 1836 2312 1866 ac
2343 1834 2437 1869 erat

424 1897 611 1997 aar
642 1879 848 2011 3333?
873 1882 1124 1996 {3333
1158 1881 1345 1995 {aas
1378 1880 2043 1997 ἔξεῇέλὲωέἓὲῇξῐκῗεῑῑ
2067 1884 2435 2002 fflwsssffff:

574 1982 609 2006 ‚,
1111 1982 1128 2004 ,
1331 1985 1346 2007 .,
1556 1985 1567 1996 .
1640 1983 1651 1995 .
1860 1985 1873 1996 .
2067 1986 2077 1996 .
2190 1985 2201 1996 .
2414 1992 2427 2002 .

426 2029 542 2064 xm:
585 2031 658 2074 14.
694 2014 846 2062 Psalm
891 2029 1044 2061 var:
1086 2030 1160 2063 20.
1197 2012 1380 2062 Psalm:
1417 2029 1609 2061 val11:
1672 2029 1751 2069 20,
1789 2015 1870 2076 36.
1904 2012 2088 2063 Psalm:
2137 2031 2310 2065 Lxxu:
2356 2023 2431 2077 18,
2491 2022 2495 2027 '

433 2098 507 2145 19.
543 2080 719 2128 Psalm:
777 2089 1006 2128 Lxxx1xz'
1031 2097 1107 2144 53.
1144 2078 1319 2127 Psalm:
1371 2094 1518 2138 cxxx:
1573 2097 1646 2130 12.
1700 2079 1881 2127 Psalm:
1921 2096 2102 2129 cxxrv:
2162 2083 2207 2130 6.
2251 2082 2431 2133 Psalm:

430 2162 617 2194 cxxxv:
659 2162 744 2202 21:
795 2145 945 2203 Psalm
981 2161 1168 2194 cxmv:
1210 2163 1251 2194 1.
1303 2159 1477 2209 praeter,
1514 2146 1638 2210 apud
1679 2145 1800 2194 alios.
1871 2146 2141 2195 BenediEtus
2180 2149 2431 2211 Jrnovan

427 2212 571 2259 Deus
596 2212 669 2259 hic
693 2212 876 2270 dicitur,
911 2215 1019 2277 quia
1041 2212 1098 2260 de
1117 2211 1314 2259 Schemo
1337 2212 1411 2260 seu
1434 2212 1616 2262 Interna
1637 2212 1839 2261 Ecclefia
1863 2234 1879 2270 ;
1914 2228 2023 2276 quae
2037 2213 2238 2262 Ecclefla
2261 2215 2430 2264 dicitur

428 2277 603 2325 interna
635 2294 694 2333 ex
727 2279 936 2326 charitate
963 2301 978 2335 ;
1013 2280 1061 2327 in
1093 2278 1304 2326 charitate
1325 2278 1389 2326 est
1411 2279 1643 2326 Dominus
1674 2279 1886 2343 praesens,
1922 2279 2024 2344 Qi
2053 2279 2127 2327 hic
2162 2280 2271 2328 ideo
2288 2283 2430 2343 Jehp-

430 2343 518 2390 vah
541 2345 671 2391 Deus
688 2344 940 2408 appellatur
959 2367 974 2401 ς
1010 2357 1055 2393 at
1077 2361 1187 2393 vero
1210 2347 1257 2401 in
1280 2344 1482 2393 Eccleiia
1503 2345 1704 2394 Externa
1724 2362 1819 2393 non
1841 2347 1918 2402 ita,
1953 2347 2001 2392 in
2023 2362 2115 2409 qua
2131 2349 2304 2395 tametfi
2328 2350 2430 2396 Do·-
2473 2374 2476 2377 ·

431 2410 582 2456 minus
599 2409 661 2457 est
685 2409 892 2472 praesens,
926 2409 1067 2474 usque
1088 2423 1240 2469 tamen
1270 2427 1363 2472 non
1398 2411 1512 2459 ficut
1535 2412 1582 2458 in
1607 2412 1796 2460 homine
1820 2411 2038 2460 Ecclesiae
2057 2414 2284 2470 Internae3
2321 2432 2429 2463 narn

430 2474 576 2522 homo
614 2474 831 2533 Ecclefiae
848 2476 1063 2524 Externa-3
1102 2478 1242 2541 usque
1265 2477 1426 2535 credit,
1461 2477 1590 2541 quod
1617 2478 1738 2527 bona
1758 2478 1983 2526 charitatis
2021 2477 2154 2527 faciat
2183 2496 2239 2527 ex
2270 2480 2425 2537 semet,

431 2557 568 2604 quare
607 2557 716 2588 cum
744 2543 894 2604 agitur
930 2542 986 2588 de
1032 2543 1216 2590 homine
1258 2543 1478 2602 Ecclefiae
1509 2544 1744 2603 Externae,
1782 2557 1893 2593 tunc
1916 2546 2148 2592 Dominus
2178 2547 2428 2610 appellatur

433 2608 592 2664 Drus,
628 2619 681 2654 ut
703 2609 750 2654 in
775 2606 984 2670 sequente
1006 2603 1135 2654 versu
1165 2609 1224 2666 de
1247 2609 1462 2671 japheto,
1506 2613 1541 2636 “
1575 2610 1731 2658 dilatet
1752 2612 1879 2670 Deus
1909 2611 2207 2672 Japhetum.”
2277 2613 2426 2676 Qlod

429 2690 568 2728 omne
600 2673 771 2721 bonurn
811 2674 897 2720 illis
926 2675 1006 2736 qui
1039 2673 1096 2720 ab
1118 2675 1300 2720 internis
1323 2673 1483 2721 colunt
1504 2675 1781 2732 Dominum,
1816 2675 2015 2723 constare
2037 2676 2184 2739 potest
2198 2677 2334 2724 etiarn
2368 2678 2426 2725 ab

431 2740 591 2787 ordine
623 2755 809 2794 rerum;
845 2739 918 2787 hic
933 2741 1057 2793 enim
1080 2740 1196 2787 ordo
1211 2738 1292 2796 est,
1327 2755 1352 2786 a
1386 2740 1595 2788 Domino
1617 2741 1681 2788 est
1718 2758 1856 2788 omne
1889 2741 2085 2798 coeleste,
2121 2759 2147 2789 a
2170 2742 2341 2791 coelesti
2363 2744 2427 2792 est

433 2821 569 2852 omne
586 2805 825 2869 spirituale,
860 2822 886 2852 a
902 2805 1114 2868 spirituali
1137 2805 1200 2852 est
1223 2822 1360 2853 omne
1383 2806 1595 2863 naturale,
1619 2807 1693 2854 hic
1717 2807 1778 2854 est
1795 2807 1911 2854 ordo
1933 2807 2178 2856 existentiae
2194 2810 2425 2868 omnium,

436 2871 541 2918 inde
563 2871 626 2918 est
657 2872 772 2918 ordo
803 2872 1032 2928 influxus;
1068 2872 1248 2919 coeleste
1288 2871 1353 2919 est
1390 2887 1520 2918 amor
1539 2875 1586 2919 in
1608 2874 1887 2930 Dominum,
1923 2875 1972 2920 &
1996 2889 2105 2937 erga
2138 2876 2423 2938 proximum,

436 2935 515 2982 ubi
538 2936 687 2984 nullus
712 2953 857 2994 amor,
893 2938 955 2984 ibi
969 2938 1133 3002 copula
1153 2938 1216 2985 est
1229 2951 1362 3002 rupta
1387 2939 1436 2984 δε
1460 2939 1691 2987 Dominus
1714 2956 1807 2987 non
1828 2940 2039 3003 praesenS,
2076 2941 2175 3005 Qi
2200 2942 2330 2990 unice
2353 2945 2421 2989 in-

438 3002 539 3047 fluit
576 3017 655 3065 per
699 3003 895 3056 coeleste,
930 3004 1018 3051 hoc
1053 3004 1132 3058 est,
1178 3021 1259 3068 per
1289 3020 1494 3059 amorem
1522 3027 1537 3060 3
1574 3022 1682 3053 cum
1709 3023 1800 3065 non
1840 3005 2035 3064 coeleste,
2071 3019 2182 3054 tunc
2222 3024 2304 3054 nec
2329 3009 2423 3055 dari

436 3066 578 3129 potest
607 3066 843 3128 spirituale,
878 3071 984 3130 quia
999 3086 1136 3117 omne
1167 3070 1391 3134 spirituale
1429 3070 1494 3129 est
1525 3088 1608 3135 per
1629 3072 1808 3120 coeleste
1825 3073 2089 3129 aDomino,
2125 3073 2346 3138 spirituale
2362 3074 2424 3119 est

438 3131 566 3187 fides,
602 3148 736 3194 quare
760 3133 881 3179 nulla
896 3134 1007 3181 fides
1032 3136 1109 3182 nisi
1135 3153 1216 3199 per
1238 3137 1499 3184 charitatem
1533 3137 1605 3186 seu
1629 3154 1830 3186 amorem
1855 3154 1880 3185 a
1903 3139 2129 3195 Domine,
2165 3139 2365 3185 fimiliter
2381 3138 2422 3184 se

436 3196 568 3244 habet
585 3213 693 3244 cum
711 3198 895 3245 naturali
911 3220 926 3253 ·‚
962 3199 1209 3274 secundum
1224 3203 1420 3250 eundem
1438 3202 1650 3251 ordinem
1671 3205 1868 3253 influunt
1883 3205 2037 3252 omnia
2052 3204 2169 3251 bona
2187 3227 2201 3259 3
2238 3203 2341 3248 inde
2359 3202 2421 3248 se-

1348 3270 1396 3315 A
1420 3284 1445 3314 a
1467 3285 1493 3315 a
1528 3285 1554 3317 2
2252 3269 2424 3329 quitur,
