2788 3736
385 278 461 330 12
474 284 511 329 2
916 258 979 325 G
1069 262 1131 326 E
1223 259 1310 324 N
1391 258 1454 323 E
1545 261 1596 326 S
1686 261 1732 328 Ι
1816 260 1880 328 S.

454 402 581 471 448.
619 399 862 472 Loquutus
888 406 1015 450 vcum
1052 397 1227 460 multis,
1276 394 1375 468 'qui
1396 396 1471 448 ,in
1514 396 1627 449 vita
1663 402 1822 450 eorum
1865 400 2070 470 corporis
2113 400 2236 467 mihi
2280 401 2381 453 noti

369 475 599 547 fuerunt,
640 475 704 535 &⁷
722 472 821 535 diu,
847 483 940 543 per
965 471 1130 543 mensts
1151 472 1208 524 &
1232 489 1424 533 annum,
1463 481 1564 522 tam
1589 470 1726 523 clara
1744 489 1880 534 voce,
1905 471 2007 542 fid*
2020 472 2227 542 interna,
2246 475 2390 545 stcut'

383 567 486 601 cum
510 546 755 611 amicisoin
793 544 960 598 mundo
981 571 996 609 ς
1033 564 1138 596 cum
1163 543 1328 615 quibus
1351 544 1516 614 aliqua
1541 544 1686 595 etiam
1723 543 2077 616 intercefferunt
2101 547 2379 599 commercia

365 620 597 692 sermonis
631 619 702 683 *de
729 618 872 688 statu
914 618 1109 671 hominis
1147 618 1247 687 post
1294 628 1521 679 mortem;
1572 617 1746 669 mirati
1790 617 1945 681 valde,
2007 619 2128 690 quod
2162 637 2308 672 nemo¹
2325 620 2378 674 in

382 693 586 763 corporis
628 692 757 763 vita
769 691 922 762 sciat,
967 692 1051 743 vel
1090 690 1270 759 credat,
1318 690 1441 761 quod
1458 690 1681 742 vic‘t'urus
1721 690 1796 742 ita
1826 691 1924 760 post
1959 692 2118 744 vitam
2155 694 2377 763 corporis,

381 785 485 819 cum
509 776 666 828 tamen
685 766 762 835 fit
802 765 1090 817 continuatio
1112 765 1251 827 vitae,
1297 765 1354 816 Εὖ)
1397 764 1511 816 talis
1555 775 1611 815 ut
1654 763 1869 835 transt’at
1909 784 1933 815 e
1957 765 2068 818 vita
2102 764 2293 836 obscura
2320 767 2379 819 'in

370 839 671 911 perspicuam
688 865 703 902 3
744 840 801 892 &
826 839 909 910 qui
932 838 1097 908 infide
1131 839 1183 889 in
1208 838 1489 900 Dominum,
1532 837 1585 888 in
1609 838 1763 908 magis
1788 837 2023 909 magisque
2037 838 2341 910 perspicuam
2360 859 2380 892 .-
2409 884 2412 888 ,

381 914 629 966 voluerunt
673 924 728 964 ut
773 912 974 964 dicerem
1015 912 1182 964 amicis
1217 931 1388 974 eorum,
1435 910 1557 982 quod
1575 911 1771 974 vivant,
1814 912 1871 963 &³
1897 911 2019 982 quod
2029 912 2294 983 scriberem
2319 913 2389 967 ad

381 1006 465 1049 eos,
517 986 601 1058 qui
642 1005 798 1038 eorum
819 985 982 1054 status
1009 986 1131 1053 stnt,
1179 984 1342 1056 quibus
1375 985 1521 1037 etiam
1546 984 1698 1054 plura
1741 987 1957 1037 narravi
2001 985 2057 1038 de
2069 985 2212 1056 statu
2255 987 2397 1039 anii-“

382 1078 541 1113 corum
579 1077 768 1122 eorum3
791 1059 886 1130 std
904 1059 1028 1122 dixi,
1049 1060 1107 1127 st
1134 1059 1353 1122 dicerem,
1398 1069 1497 1129 aut*
1511 1057 1792 1129 scriberem,
1843 1058 1966 1130 quod
1989 1078 2078 1111 non
2118 1059 2379 1125 crederent,

379 1144 606 1186 vocarent
645 1133 934 1204 phantafias,
981 1131 1264 1195 irriderent,
1300 1142 1520 1203 peterent
1544 1131 1682 1201 signa
1723 1142 1811 1184 aut
1848 1132 2090 1186 miracula
2127 1146 2379 1205 antequam

380 1206 595 1268 credant,
633 1207 711 1273 stc
759 1217 1014 1275 exponerer
1057 1224 1212 1258 eorum
1246 1204 1612 1277 subsannationi
1629 1226 1646 1256 .·
1709 1206 1766 1258 &
1806 1205 1927 1277 quod
1965 1207 2067 1259 haec
2109 1226 2232 1259 vera
2256 1210 2378 1274 uſjnt,

268 1266 284 1273 “
363 1280 508 1350 sorte
537 1279 689 1350 pauci
724 1279 977 1342 credituri,
1016 1298 1127 1332 nam
1152 1289 1328 1349 negant
1371 1278 1507 1331 corde
1543 1278 1666 1350 quod
1683 1280 1789 1349 sint
1809 1277 2054 1350 spiritu53
2094 1282 2150 1333 &³
2176 1281 2259 1352 qui
2288 1295 2380 1335 non

378 1364 571 1423 negant,
596 1352 752 1423 'usque
796 1352 924 1404 nihil
966 1352 1137 1405 audire
1174 1353 1364 1415 volunt,
1429 1351 1551 1423 quod
1589 1352 1763 1424 aliquis
1815 1372 1919 1404 cum
1946 1352 2209 1425 spiritibus
2248 1356 2381 1426 ‘loqui
2434 1411 2436 1413 ,

371 1427 516 1496 poſjit.
608 1422 741 1478 Talis
760 1426 888 1494 fides
924 1425 979 1478 de
1002 1425 1264 1497 spiritibus
1301 1425 1526 1497 nusquam
1547 1427 1670 1495 fuit
1703 1427 1915 1497 antiquis
1947 1427 2245 1498 temporibus,
2287 1431 2384 1500 sed

376 1499 523 1562 hodi-e,
564 1518 669 1551 cum
709 1519 768 1551 ex
808 1498 1036 1571 cerebroso
1069 1500 1322 1552 ratiocinio
1361 1500 1526 1551 volunt
1563 1500 1824 1571 explorare,
1864 1500 1985 1571 quid
1995 1501 2223 1572 spiritus,
2275 1522 2380 1574 quos

378 1573 503 1625 omni
522 1572 663 1643 stnfit
698 1574 912 1643 privant
947 1585 1040 1645 per
1077 1572 1364 1643 definitiones
1410 1574 1467 1626 ἔθ’
1495 1573 1854 1646 stepposttione53
1894 1575 1951 1628 &³
1975 1595 2060 1647 quo
2099 1574 2378 1632 eruditiores

379 1647 543 1715 volunt
566 1645 661 1719 effi,
703 1666 750 1698 eo
763 1647 889 1718 plus.
2020 1660 2023 1662 ·

1805 3006 2371 3061 GENESEOS.
