2788 3736
376 244 508 333 568
873 231 936 298 G
1029 229 1092 295 E
1183 228 1271 298 N
1333 225 1418 295 *E
1508 225 1873 305 Srzfs..

362 384 546 423 tantum
569 367 766 420 coelestia
789 365 954 414 amoris
978 363 1256 414 insinuantur
1279 361 1510 414 Exteriori
1533 362 1842 422 Hominis&
1864 364 1920 413 fit
1953 366 2380 435 correspondentiag'

360 440 464 489 haec
488 438 589 486 sunt
611 450 716 499 quae
739 433 1051 497 significantur
1074 447 1155 495 per
1178 430 1390 483 reducere
1407 446 1598 481 omnem
1614 431 1971 495 acquisitionem.
2039 435 2140 495 Qui
2154 449 2378 495 autumat,

365 506 496 570 quod
518 505 745 552 Externus
770 501 940 550 Homo
962 498 1098 563 poffit
1118 497 1275 550 reduci
1305 499 1352 546 in
1385 497 1831 561 correspondentiam
1863 498 2027 563 absque
2049 504 2218 566 pugnis
2240 516 2384 553 tenta-

367 575 566 627 tionum,
603 566 788 624 fallitur,
824 567 1096 614 tentationes
1125 564 1259 612 enim
1293 563 1396 612 sunt
1429 564 1580 613 media
1612 564 1848 630 dissipandi
1887 566 2010 614 mala
2048 568 2098 615 ὅτ
2123 566 2248 626 falsa,
2282 582 2386 618 tum

368 634 615 686 inducendi
649 634 769 694 bona
790 634 841 682 ὅτ
864 648 987 690 vera,
1024 632 1077 680 δε
1106 631 1351 680 reducendi
1376 630 1450 679 illa
1477 646 1584 695 quae
1609 631 1802 680 Externi
1825 632 2050 681 Hominis
2084 632 2188 682 sunt
2209 635 2256 682 in
2280 635 2387 684 obe-

369 704 604 759 dientiam,
638 712 692 749 ut
713 699 921 748 inserviat
933 698 1148 758 ,Interiori
1172 697 1245 745 seu
1270 697 1517 754 Rationali‚
1552 698 1709 762 &per
1731 698 1853 747 hunc
1870 700 2072 757 Interno,
2098 700 2186 750 hoc
2209 701 2274 749 est
2289 703 2395 751 Do*

374 771 502 819 mino
526 784 607 834 per
629 769 870 817 Internum
888 767 1153 816 Hominem
1176 766 1410 829 operanti:
1448 764 1579 829 quod
1610 779 1692 829 per
1719 766 1987 814 tentationes
2013 766 2089 815 illa
2122 769 2391 827 efficiantur,

375 853 515 886 nemo
539 836 646 884 scire
669 834 832 899 potest,
870 832 950 882 nifi
975 834 1055 896 qui
1080 833 1453 896 per-tentationes
1479 843 1764 895 regeneratus
1779 831 1877 889 est;
1913 846 1959 882 at
1981 834 2224 898 quomodo
2247 836 2296 883 id
2320 836 2395 893 fit,

375 904 458 951 vix
482 902 630 968 potest
653 901 806 966 quoad
845 900 1214 948 communissima
1246 898 1451 956 describi,
1488 914 1597 946 nam
1629 898 1700 956 fit,
1735 910 1899 964 praeter
1937 901 2067 965 quod
2106 900 2250 951 homo
2289 900 2394 950 sciat

378 969 499 1018 unde
523 971 575 1018 &
599 967 856 1034 quomodo,
891 965 956 1013 est
978 967 1101 1012 enim
1119 966 1290 1015 Divina
1305 965 1500 1014 Domini
1524 966 1740 1030 operatio.
1934 989 1939 992 ·

453 1040 593 1101 17¹8·
630 1035 695 1083 Et
718 1035 852 1081 etiarn
872 1031 1084 1080 Lothum
1109 1029 1297 1080 fratrem
1321 1031 1454 1088 suum
1475 1032 1527 1080 ὅτ
1552 1032 1892 1095 acquisitionem
1917 1032 2014 1099 ejus
2033 1034 2231 1092 reduxit,
2265 1035 2398 1099 quod

378 1103 604 1168 significet
642 1101 901 1150 Externum
936 1099 1217 1156 Hominem,
1254 1099 1304 1146 δι
1344 1099 1500 1146 omnia
1523 1113 1632 1162 quae
1656 1098 1791 1156 illius,
1828 1102 2001 1149 constat
2025 1118 2050 1149 a
2073 1101 2398 1166 significatione

381 1169 544 1224 Lothi‚
569 1167 707 1232 quod
733 1166 787 1214 fit
804 1167 1034 1214 Externus
1057 1165 1243 1221 Homo,
1286 1164 1343 1211 de
1370 1180 1465 1228 qua
1499 1164 1763 1227 aliquoties:
1801 1166 1916 1229 quid
1950 1167 2181 1216 Eicternus
2211 1169 2396 1226 Home,

379 1237 464 1284 vix
487 1234 619 1283 hodie
643 1231 855 1288 noscitur,
891 1241 1078 1294 putatur
1100 1230 1241 1286 enim,
1278 1229 1407 1292 quod
1430 1228 1505 1276 illa
1536 1245 1644 1292 quae
1667 1232 1871 1295 corporis
1904 1230 2023 1291 sunt,
2060 1232 2207 1281 solum
2233 1233 2399 1282 consti-

387 1313 517 1351 tuant
540 1300 798 1349 Externum
826 1296 1108 1354 Hominem,
1160 1295 1273 1344 ficut
1311 1293 1407 1360 ejus
1448 1293 1672 1354 sensualia,
1718 1312 1884 1360 nempe
1922 1299 2083 1356 tactus,
2119 1299 2295 1363 gustus,
2331 1300 2400 1348 ol·-

384 1367 551 1424 fa6tus‚
586 1365 766 1414 auditus
790 1364 840 1412 &
862 1362 999 1420 visus,
1036 1375 1138 1412 tum
1156 1363 1382 1427 appetitus
1405 1362 1455 1416 sc
1473 1362 1747 1426 voluptateS‚
1785 1362 1860 1412 sed
1884 1362 1984 1411 haec
2007 1363 2290 1412 constituunt
2302 1366 2403 1413 Ex-

384 1437 574 1490 timum,
622 1433 719 1496 qui.
749 1446 870 1478 mere
908 1445 1152 1494 corporeus
1192 1428 1286 1477 est:
1340 1429 1599 1483 Externum
1623 1430 1888 1480 Hominem
1913 1432 2096 1494 proprie
2120 1430 2404 1482 constituunt

388 1499 631 1549 scientifica
654 1513 760 1562 quae
785 1496 887 1545 sunt
912 1498 1164 1553 memoriae,
1203 1495 1253 1543 &
1293 1494 1548 1543 affectiones
1585 1510 1692 1559 quae
1723 1495 1825 1543 sunt
1860 1499 2046 1553 amoris,
2080 1513 2176 1560 quo
2199 1498 2408 1547 imbutus

386 1566 452 1617 est
467 1566 627 1622 homo,
649 1576 752 1614 tum
774 1562 982 1612 sensualia
1004 1579 1110 1627 quae
1133 1561 1235 1609 sunt
1251 1563 1435 1624 propria
1458 1560 1653 1624 spiritus,
1679 1577 1789 1609 cum
1806 1561 2120 1625 voluptatibus
2143 1578 2249 1627 quae
2267 1565 2404 1612 etiam

387 1634 512 1699 apud
536 1631 714 1696 spiritus
738 1629 872 1686 sunt-,
908 1629 1035 1693 quod
1072 1629 1170 1676 haec
1195 1629 1377 1692 proprie
1412 1626 1687 1675 constituant
1709 1628 1970 1676 Externum
2011 1628 2404 1687 vel-Exteriorem

391 1700 671 1752 Hominem,
719 1695 919 1745 constare
939 1694 1088 1759 potest
1109 1694 1165 1742 ab
1187 1692 1451 1742 hominibus
1476 1695 1523 1741 in
1548 1694 1683 1741 altera
1706 1694 1815 1751 vita,
1858 1690 1931 1741 seu
1953 1710 1978 1742 a
2001 1693 2243 1758 spiritibus,
2279 1695 2326 1743 hi
2349 1696 2406 1744 fi.

393 1766 560 1816 militer
578 1763 709 1812 illum
729 1762 910 1820 habent,
937 1764 986 1811 δε
1003 1761 1206 1810 fimiliter
1220 1761 1504 1818 interiorem,
1528 1760 1579 1808 ὅτ
1594 1758 1915 1823 consequenter
1931 1759 2168 1809 Internum
2189 1783 2205 1816 ·,
2241 1776 2408 1825 corpus

392 1831 457 1886 est
482 1832 624 1883 modo
648 1829 768 1895 quasi
793 1842 1116 1894 tegumentum
1155 1827 1227 1876 seu
1268 1828 1392 1892 quasi
1417 1826 1579 1885 crusta,
1613 1842 1721 1893 quae
1743 1826 2016 1886 dissolvitur,
2051 1840 2104 1879 ut
2136 1842 2241 1876 vere
2264 1827 2410 1878 homo

391 1901 536 1957 vivat,
571 1910 714 1962 utque
738 1898 893 1945 omnia
915 1893 1011 1960 ejus
1035 1895 1354 1944 excellentiora
1377 1895 1501 1943 fiant.

468 1983 607 2031 1719.
646 1964 864 2012 Mulieres
888 1963 938 2011 δε
962 1962 1206 2027 populum,
1242 1963 1372 2027 quod
1394 1962 1618 2026 significet
1641 1975 1738 2012 tam
1762 1962 1882 2012 bona
1896 1979 2036 2029 quam
2053 1979 2175 2023 vera,
2210 1962 2410 2012 constare

394 2031 543 2097 potest
575 2049 599 2078 a
622 2030 947 2092 significatione
963 2045 1159 2077 uxorum
1201 2030 1252 2077 ὅτ.
1276 2029 1493 2087 filiarum,
1529 2031 1656 2093 quod
1696 2030 1783 2080 smt
1806 2030 1940 2089 bona,
1977 2032 2035 2079 de
2067 2047 2160 2096 qua
2182 2031 2324 2094 prius,
2344 2045 2405 2078 n:

397 2104 514 2163 489.
552 2113 669 2161 490,
704 2112 824 2158 491,
870 2097 982 2159 568,
1003 2111 1113 2159 9¹5·
1149 2095 1221 2143 hic
1242 2112 1324 2160 pro
1344 2096 1562 2144 uxoribus
1579 2098 1628 2145 δε
1647 2097 1823 2145 filiabus
1842 2098 2050 2147 mulieres
2071 2120 2085 2154 ς
2122 2098 2173 2145 &
2196 2113 2251 2145 ex
2275 2097 2412 2159 figni-

398 2166 610 2214 ficatione
635 2163 817 2228 populi,
844 2163 971 2227 quod
996 2163 1050 2210 fit
1070 2178 1251 2220 verum,
1294 2162 1351 2211 de
1365 2179 1458 2227 qua
1480 2164 1615 2210 etiam
1632 2165 1775 2226 prius,
1817 2180 1879 2210 n:
1923 2181 2063 2226 1259.
2097 2159 2235 2210 1260.

418 2283 421 2286 ,
475 2249 613 2297 1720.
651 2228 791 2278 Vers:
840 2246 908 2294 17.
949 2230 1011 2276 Et
1035 2231 1175 2278 exivit
1190 2246 1264 2278 rex
1281 2230 1463 2277 Sodoma
1486 2229 1658 2276 obviam
1680 2228 1762 2283 illi,
1791 2227 2010 2291 postquam
2030 2227 2228 2289 reversus
2249 2226 2304 2285 est
2340 2226 2412 2274 ille

401 2317 430 2347 a
446 2297 717 2361 percutiendo
741 2296 1121 2354 Kedorlaomerum,
1157 2297 1214 2346 &
1231 2313 1347 2359 reges
1367 2298 1438 2361 qui
1460 2311 1554 2342 cum
1571 2294 1660 2351 illo,
1680 2292 1741 2340 ad
1751 2293 1906 2341 vallem
1930 2293 2143 2348 Schaveh,
2158 2291 2262 2339 ‘haec
2283 2292 2416 2340 vallis

401 2367 546 2440 regin·
596 2365 757 2439 Exivit
802 2379 879 2410 rex
919 2363 1139 2409 Sodomae
1178 2363 1364 2437 obviarn
1404 2361 1486 2418 illi,
1524 2360 1746 2436 significat
1764 2358 1938 2406 malum
1955 2359 2004 2406 δε
2028 2356 2187 2405 falsum
2225 2358 2354 2422 quod
2371 2357 2414 2406 se

399 2427 1395 2564 {gfflsssssnssffnsfsssgiissgffit‘15332323223122
1412 2425 1768 2540 3ῑὲἒῖἓᾶἳέῗὲἒὲ
1783 2425 2414 2555 ῗέἓὲἷὲῐῖῗὲἶὲξῖξὲξῗ

406 2563 663 2628 parentium
684 2582 695 2611 :
731 2562 786 2608 ad
822 2560 987 2608 vallem
1029 2560 1235 2619 schaveh,
1285 2560 1384 2608 haec
1423 2558 1553 2608 vallis
1598 2559 1731 2625 regis,
1768 2557 1990 2624 fignificat
2028 2556 2195 2611 statum
2221 2557 2417 2609 Externi

407 2629 634 2680 Hominis
653 2628 805 2693 quoad
825 2627 942 2675 bona
959 2628 1008 2675 δε
1032 2644 1139 2674 vera
1171 2639 1297 2675 tunc.
2143 2650 2145 2653 ⁴

478 2712 616 2761 1721.
653 2694 837 2744 Exivit.
859 2710 938 2741 rex
961 2694 1180 2742 Sodomae
1207 2694 1394 2743 obviam
1418 2694 1500 2752 illi,
1537 2695 1665 2758 quod
1691 2693 1912 2759 significet
1951 2694 2127 2744 malum
2167 2694 2216 2741 &
2249 2688 2412 2738 falsum

407 2763 534 2825 quod
550 2761 592 2809 se
616 2759 881 2818 submiserit,
918 2760 1091 2809 constat
1107 2778 1132 2808 a
1157 2761 1481 2824 significatione
1506 2763 1624 2824 regis
1642 2762 1877 2817 Sodomae,
1913 2761 2042 2825 quod
2077 2760 2132 2806 fit
2156 2756 2331 2804 malum
2362 2757 2412 2802 δε

407 2825 586 2883 falsum,
622 2840 778 2876 contra
793 2827 1231 2903 quod-pugnaturn,
1268 2829 1318 2876 &
1357 2843 1414 2875 ex
1437 2828 1764 2891 significatione
1804 2829 1923 2875 exire
1960 2826 2166 2879 obviam,
2204 2822 2332 2888 quod
2357 2822 2412 2868 fit

363 2933 365 2935 ,
406 2892 451 2939 se
469 2891 758 2941 submittere:
796 2895 903 2956 quia
925 2910 970 2943 1n
996 2894 1101 2942 serie
1125 2894 1204 2951 est,
1241 2894 1370 2957 quod
1395 2894 1577 2942 malum
1603 2896 1652 2941 &
1686 2892 1851 2942 falsum
1872 2892 1914 2938 se
1943 2888 2209 2946 submiserit,
2245 2889 2320 2935 hic
2354 2888 2413 2935 de

410 2973 516 3024 rege
539 2958 755 3006 Sodomae
770 2958 954 3015 dicitur,
1002 2959 1142 3008 sedin
1166 2961 1292 3007 vers:
1332 2977 1388 3010 21
1414 2979 1425 3007 ε
1469 2959 1543 3021 seq
1563 2977 1574 3006 ε
1612 2959 1668 3005 de
1693 2958 1773 3006 illo
1795 2958 1956 3018 agitur.

483 3039 621 3089 1722.
659 3022 905 3085 Postquam
931 3024 1134 3072 reversus
1157 3025 1220 3072 est
1256 3026 1331 3071 ille
1374 3041 1399 3071 a
1421 3023 1719 3086 percutiendo
1741 3022 2168 3078 Kedorlaomerum,
2205 3021 2256 3068 δε
2287 3035 2413 3082 reges

412 3091 494 3155 qui
517 3092 626 3138 'curn
650 3088 744 3144 illo,
781 3089 909 3151 quod
933 3089 1158 3152 significet
1179 3090 1492 3145 liberationem
1509 3089 1558 3134 &
1582 3087 1939 3134 vindicationem
1963 3088 2191 3135 bonorum
2215 3088 2264 3133 δε
2284 3084 2414 3132 vero-

319 3151 323 3154 *
410 3173 516 3206 rum
533 3155 864 3221 apparentium,
900 3154 1076 3201 constat
1099 3154 1153 3200 ab
1173 3155 1261 3201 illis
1285 3171 1391 3218 quae
1415 3153 1700 3216 praecedunt,
1739 3155 1788 3206 δε
1805 3170 1912 3218 quae
1928 3145 2060 3219 supra
2083 3154 2140 3202 de
2163 3152 2416 3201 Kedorlao-

406 3239 536 3275 mero
556 3225 602 3272 &
622 3220 803 3285 regibus
827 3220 1034 3286 quicum
1059 3218 1157 3278 illo,
1195 3219 1316 3268 dicta
1332 3219 1453 3268 sunt.
1532 3245 1534 3247 -
1987 3237 1992 3241 -
2393 3230 2395 3232 μ

2275 3300 2413 3349 1723.
