2788 3736
577 199 952 268 CAPUT
1000 210 1545 280 DECIMUM
1592 204 2130 309 QUINTUM.
2247 239 2379 322 585

442 328 768 407 Adqucffdam
791 350 908 394 tunc
921 344 1079 414 βω]
1095 342 1299 401 allatum
1323 349 1385 419 ss
1426 352 1650 421 Verbum,
1689 360 1776 431 qm·
1791 361 1923 427 nihil
1955 364 2164 441 ατε-βψ
2194 371 2382 432 interm

394 466 397 469 ,
440 406 596 461 Verbi
618 413 886 482 capiebant,
906 417 1004 488 sed
1025 419 1182 491 solum
1200 423 1257 476 de
1262 424 1407 497 sensu
1431 440 1624 483 externo
1630 432 1724 502 stu
1738 435 1941 504 literali,
1980 442 2147 515 quibus
2169 459 2378 521 appare-

339 512 341 514 >
441 479 531 533 bat
554 482 703 538 litera
736 488 912 543 nullius
934 493 1060 546 vitae
1077 516 1094 546 :
1136 497 1247 550 inde
1287 500 1541 572 constabat,
1578 508 1715 579 quale
1740 510 1965 580 Verbum,
2004 537 2111 571 cum
2134 522 2378 581 Dominus

437 556 671 627 vivificat
688 560 841 632 illud,
862 566 988 637 quod
998 569 1130 623 illius
1148 571 1450 647 ffcaciaefit
1469 589 1527 630 ut
1555 591 1778 650 penetret
1799 587 1870 639 ad
1903 590 2096 659 intima,
2137 597 2196 649 &
2238 603 2382 673 quale>

435 647 543 683 cum
568 651 660 686 non
681 628 927 708 vivificat,
967 643 1091 714 quod
1109 656 1226 699 tunc
1231 647 1388 718 solum
1412 651 1561 706 litera
1575 656 1668 725 stt,
1707 659 1800 712 vix
1825 663 1966 717 ullius
1989 669 2128 724 vitae.
2415 746 2420 747 ⁷

372 718 531 776 1772.
587 710 675 761 Ex
711 704 916 766 Di‘o'ina
950 717 1160 772 Domini
1198 724 1563 794 Ilffistricordia,
1621 731 1769 785 etiam
1810 738 1933 790 mihi
1979 746 2226 818 concfftm
2249 751 2371 822 fixit

414 777 651 852 stmiliter
673 785 843 839 videre
867 790 1075 844 Verbum
1099 795 1309 850 Domini
1327 799 1381 852 in
1410 803 1514 869 fica
1551 805 1914 876 pulchritudine
1931 814 2137 889 insensu
2158 823 2364 893 interno,

433 854 494 907 &
508 854 591 919 hoc
613 859 860 926 multoties,
900 883 989 917 non
992 867 1126 936 ficut
1144 869 1254 923 dum
1252 871 1466 946 fingulae
1484 896 1616 932 voces
1639 883 1796 952 quoad
1795 885 1987 956 sttfiem
2010 892 2254 951 internum
2277 920 2366 954 ex-

378 989 382 994 .
424 927 703 998 plicantur,
724 935 823 1005 ]ἒᾶ
836 940 994 992 omnia
1019 942 1077 994 &³
1095 944 1286 1015 fingula
1324 948 1364 1000 ‘n
1383 951 1627 1022 unastrie
1645 981 1662 1019 3
1702 958 1827 1029 quod
1854 961 1957 1014 dici
1967 968 2131 1039 potest,
2169 992 2230 1026 ex
2253 975 2365 1029 Pa·-

434 1002 595 1076 radisb
621 1003 861 1081 Terrcstri
883 1013 1052 1084 videre
1069 1019 1369 1092 Paradisum
1395 1026 1643 1095 Caelestem.
1787 1106 1792 1109 μ

364 1092 386 1127 1
391 1074 468 1148 77
473 1095 522 1148 3.
560 1081 792 1151 Spiritus,
829 1088 918 1156 qui
959 1089 1015 1140 in
1038 1091 1151 1144 vita
1175 1097 1398 1166 corporis,
1438 1099 1662 1156 deleblati
1674 1107 1799 1178 fimt
1830 1111 1982 1165 Verbo
2005 1116 2216 1174 Domini
2255 1143 2362 1180 cum

410 1151 741 1221 jucunditate,
781 1157 861 1210 illi
882 1160 936 1212 in
955 1162 1116 1218 altera
1139 1167 1254 1220 vita
1275 1170 1449 1224 habent
1471 1177 1685 1231 Calorem
1710 1184 1941 1252 quendam
1954 1188 2228 1259 jucundum
2265 1219 2361 1254 ειτ-

427 1224 595 1294 lestem,
634 1249 769 1300 quem
788 1253 963 1306 quoque
967 1237 1160 1308 sentire
1197 1242 1319 1295 mihi
1336 1245 1503 1300 datum
1536 1251 1612 1321 est.
1689 1257 1791 1326 Qi
1813 1259 2115 1332 aliquantum
2138 1269 2362 1334 delectati

406 1299 548 1370 sunt,
588 1305 733 1356 Calor
757 1325 916 1361 eorum
947 1330 1125 1366 mecum
1148 1334 1531 1388 communicatus,
1570 1339 1681 1380 erat
1684 1331 1819 1400 ficut
1834 1335 1969 1404 aestus
1998 1359 2190 1409 vernus,
2230 1348 2358 1403 inci-

411 1374 554 1444 piens
590 1396 624 1429 a
647 1380 838 1450 regione
860 1382 1111 1452 labiorum,
1151 1391 1209 1443 &³
1216 1392 1277 1463 st
1295 1393 1562 1465 diffundens
1586 1402 1770 1458 circum
1785 1426 1952 1477 genas,
1992 1413 2051 1465 ΘΞ
2089 1419 2199 1472 inde
2220 1423 2358 1497 usqae

420 1447 494 1500 ad
511 1469 668 1517 aures,
708 1455 1036 1527 &ascendens
1072 1482 1245 1536 quoque
1268 1468 1338 1519 ad
1376 1472 1536 1536 oculos,
1576 1475 1842 1546 descendens
1860 1486 2008 1539 etiam
2050 1494 2215 1563 versus
2256 1518 2355 1551 me·-

418 1521 553 1575 diam
567 1528 777 1596 peHoris
801 1532 1053 1603 regionem.
1130 1541 1234 1610 Qui
1267 1541 1422 1598 adhuc
1428 1546 1541 1617 plus
1564 1550 1862 1626 affi'cflifimt
1882 1558 2186 1621 delectatione
2204 1572 2354 1627 Verbi

420 1596 645 1664 Domini,
687 1603 745 1654 &³
776 1604 875 1673 ejus
901 1606 1226 1678 interioribus,
1265 1636 1373 1687 quae
1387 1622 1488 1692 Ipse
1513 1624 1755 1689 Dominus
1785 1631 2028 1700 docuerat,
2067 1660 2226 1698 eorum
2252 1651 2351 1702 Ca-

413 1670 488 1722 lor
506 1692 682 1727 mecum
704 1681 1071 1737 communicatus
1094 1686 1301 1742 interior
1323 1706 1450 1759 erat,
1488 1698 1754 1769 incipiendo
1767 1725 1802 1758 a
1827 1712 2035 1777 penore,
2073 1716 2351 1787 cfiendendo

383 1751 389 1755 ”
410 1744 524 1799 inde
541 1748 704 1820 versus
718 1765 939 1819 mentum,
967 1758 1038 1811 Β
1052 1760 1535 1842 defi-endendovetfics
1549 1773 1734 1830 lumbos.
1810 1784 1914 1853 Qi
1924 1786 2080 1841 adhuc
2092 1795 2248 1864 magis
2266 1797 2349 1850 de-

410 1818 583 1874 lectati
601 1825 659 1877 &²
682 1825 850 1897 affiffli
853 1830 993 1901 sunt,
1034 1835 1178 1888 Calor
1215 1859 1374 1909 eorum
1397 1846 1551 1900 adhuc
1579 1849 1786 1906 interius
1790 1855 2059 1925 jucundior
2098 1867 2157 1920 ὃ
2191 1874 2362 1943 magis-

406 1912 590 1950 vernus
605 1898 741 1970 fuit,
781 1903 840 1956 &³
863 1906 1048 1977 quidem
1066 1930 1100 1962 a
1117 1911 1286 1967 lumbis
1286 1916 1484 1990 sursum
1508 1924 1671 1994 versus
1684 1932 1867 1998 pectus,
1906 1935 1965 1987 &³
1989 1938 2100 1992 inde
2113 1953 2209 2012 per
2210 1947 2344 2015 fini-

390 1967 558 2039 strum
582 1971 832 2030 brachium
849 1979 921 2033 ad
938 2001 1106 2037 manus
1125 2008 1143 2038 .·
1183 1989 1453 2059 instruebar
1476 1997 1539 2049 ab
1563 2002 1783 2072 Angelis,
1822 2009 1947 2078 quod
1964 2012 2108 2084 ²²⁷²st
2131 2037 2208 2071 res
2251 2021 2341 2074 ha-

407 2042 533 2110 beat,
574 2050 632 2103 &³
655 2051 781 2122 quod
792 2056 1144 2125 approximatio
1168 2063 1358 2118 illorum
1381 2070 1500 2123 tales
1523 2074 1698 2128 calores
1701 2079 1860 2148 sstat,
1899 2090 2120 2156 quamvis
2152 2093 2232 2146 illi
2268 2117 2340 2151 eos

404 2119 743 2190 nonfintiant,
781 2130 899 2199 quia
922 2130 976 2184 in
999 2133 1098 2186 illis
1117 2136 1242 2207 fient
1257 2166 1273 2203 3
1291 2142 1428 2210 ficut
1451 2146 1859 2222 solemnisantes,
1887 2163 2053 2229 pueri,
2100 2167 2159 2219 δέ)
2183 2169 2338 2224 adole-

387 2191 589 2263 fientes,
628 2200 921 2273 nonstntire‘
930 2206 1080 2276 suum
1099 2211 1300 2267 calorem
1333 2237 1467 2289 quem
1496 2221 1669 2276 habent
1697 2239 1812 2298 prce
1837 2234 2016 2288 adultis
2042 2242 2100 2294 &³
2122 2241 2335 2312 senibus,

403 2268 520 2336 quia
537 2269 592 2322 in
615 2272 694 2326 illo
700 2275 840 2344 sunt.
887 2343 892 2347 .
916 2281 1061 2334 Calor
1106 2305 1278 2360 quoque
1308 2292 1521 2361 sentitus
1543 2318 1717 2366 eorum,
1756 2306 1842 2376 qui
1882 2310 2066 2381 quidem
2114 2315 2339 2374 delectati

386 2339 515 2410 sunt
540 2345 708 2411 Verbo,
729 2349 828 2417 sed
859 2353 918 2405 de
952 2357 1050 2425 ejus
1073 2359 1315 2418 intellectu
1347 2387 1438 2421 non
1444 2371 1652 2441 solliciti
1671 2377 1908 2448 fuerunt,
1947 2399 2058 2439 erat
2076 2390 2232 2459 solum
2280 2396 2335 2450 in

406 2413 607 2469 brachio
655 2419 839 2477 dextro.
915 2429 1055 2498 Qod
1075 2435 1289 2492 Calorem
1331 2445 1530 2510 attinet,
1559 2449 1749 2522 pofficnt
1791 2457 1941 2512 etiam
1977 2464 2100 2515 mali
2118 2466 2349 2546 spiritus¹
2388 2469 2390 2471 ’

399 2490 633 2562 artificiis
648 2496 750 2567 suis
763 2500 1029 2568 producere
1052 2507 1271 2575 calorem,
1309 2518 1394 2586 qui
1416 2523 1651 2575 mentitur
1667 2526 1959 2597 jucundum,
1996 2537 2055 2589 &³
2080 2559 2183 2592 eum
2224 2547 2347 2603 cum-³

399 2563 514 2617 aliis
531 2566 889 2638 communicare,
909 2575 1009 2646 std
1026 2579 1087 2649 est
1109 2583 1236 2636 modo
1260 2589 1390 2640 calor
1426 2605 1650 2649 externus
1673 2599 1840 2674 absque
1857 2608 2044 2678 origine
2076 2613 2138 2664 ab
2172 2617 2329 2670 inter-

348 2638 502 2703 mis}
540 2643 655 2695 talis
678 2646 810 2698 calor
856 2650 919 2719 est
941 2653 1026 2722 qui
1056 2658 1311 2730 putrestit,
1352 2659 1612 2739 &faceffl't
1655 2673 1710 2725 in
1753 2684 2177 2752 excrementitium,
2197 2691 2330 2759 sicut

395 2713 526 2766 calor
547 2716 890 2787 adulterorum,
930 2727 989 2779 &
1007 2728 1196 2784 illorum
1210 2737 1296 2806 qui
1315 2738 1513 2809 spurcis
1531 2745 1853 2817 voluptatibus
1877 2754 2084 2829 immersi
2102 2762 2242 2832 sunt.

331 2800 488 2856 1774.
526 2792 652 2844 Sunt
653 2793 883 2865 spiritus,
921 2802 1008 2873 qui
1042 2803 1098 2856 de
1121 2805 1432 2866 interioribus
1471 2818 1621 2871 Verbi
1654 2822 1784 2875 nihil
1820 2829 1992 2883 audire
2015 2834 2195 2902 volunt,
2235 2841 2336 2905 ima
2376 2828 2415 2862 Ὗ

351 2883 353 2885 ·
378 2866 615 2931 ,φπαηιυιζς
628 2865 813 2942 pofficnt
855 2874 1123 2948 intelligere
1166 2882 1303 2956 usque
1327 2889 1505 2956 nolunt,
1527 2892 1652 2964 sunt
1695 2897 1740 2949 ii
1761 2899 2002 2973 imprimis
2025 2909 2111 2979 qui
2143 2912 2197 2965 in
2221 2928 2328 2988 ope-

393 2933 530 2987 ribus'
542 2941 799 3009 posuerunt
822 2948 1077 3016 meritum,¹
1103 2955 1161 3007 &²
1194 2959 1280 3029 ‘qui
1301 2955 1402 3014 ideo
1420 2965 1536 3035 quia
1560 2966 1680 3023 bona
1704 2992 1763 3025 ex
1786 2995 1945 3032 amore
1944 2981 2033 3051 sici
2056 2985 2114 3039 δέ’
2139 2991 2323 3055 mundi,

375 3006 468 3078 st’u
492 3020 694 3085 propter
716 3018 1003 3095 dignitatem
1018 3039 1107 3080 aut
1119 3032 1404 3101 opulentiam
1407 3038 1511 3107 fibi
1526 3046 1882 3116 acquirendam,
1904 3059 1962 3110 &
1969 3056 2171 3126 famam
2195 3063 2320 3128 inde,

375 3081 627 3151 ficerunt,
663 3089 742 3144 ita
767 3089 856 3145 non
863 3104 1309 3176 propter'Regnum
1328 3112 1571 3181 Domini3
1608 3121 1727 3174 tales
1749 3122 1803 3176 in
1827 3127 1986 3183 altera
2010 3133 2120 3184 vita
2158 3136 2340 3188 volunt-

378 3165 493 3227 prae
517 3162 705 3215 caeteris
748 3164 942 3223 intrare
979 3192 1033 3226 tn
1057 3179 1236 3247 caelum,
1256 3184 1354 3255 fid
1366 3252 1369 3255 ῃ
1390 3199 1535 3241 extra
1574 3194 1740 3249 coelum
1778 3208 1984 3266 manent,
2022 3221 2135 3258 nam
2158 3209 2327 3267 nolunt.

1363 3261 1406 3312 F
1429 3264 1453 3314 f
1475 3263 1510 3315 f
1522 3265 1556 3317 f
2166 3281 2318 3338 imbui
