2788 3736
755 192 1206 308 cA-PUT.
1282 241 1979 326 SEPTIMUM.
2259 263 2392 335 203
2496 202 2503 203 i

382 387 419 412 “
452 380 584 430 suum
608 379 655 428 in
680 376 912 443 sanguine,
945 377 996 426 ὅτ
1034 375 1210 442 sparget
1248 374 1306 424 de
1335 375 1566 438 Sanguine
1605 377 1768 438 Septem
1800 368 1971 425 vicibus
2007 391 2160 425 coram
2185 377 2398 440 Jehovah
2500 350 2505 353 -

381 454 416 478 “
450 447 601 498 versus
640 446 798 493 velum
821 445 1022 501 Sancti?
1055 460 1135 493 Νι
1185 462 1228 500 1,
1269 452 1316 508 3,
1360 460 1408 506 5,
1451 442 1495 489 6.
1548 441 1630 506 ubi
1666 442 1872 491 fimiliter
1915 442 2087 507 septem
2133 443 2397 509 significant

382 511 604 572 sanctum,
639 514 751 578 quiav
774 512 830 560 de
848 513 1123 576 expiatione,
1156 526 1267 574 quae
1289 509 1423 558 solius
1444 506 1509 556 est
1531 507 1745 566 Domini,
1782 512 1844 557 ita
1874 509 1933 558 de
1964 511 2194 568 Domino,
2229 513 2393 578 agitur.

377 581 552 630 Similia
596 582 781 645 quoqffl:
820 579 1022 628 instituta
1059 576 1162 625 sunt
1199 577 1319 624 circa
1340 574 1689 623 mundationem
1712 575 1867 638 leprae,
1903 577 1961 624 de
1983 579 2141 641 quain
2158 578 2396 638 Levitico,

300 643 304 645 ’
378 655 413 678 “
447 648 525 696 Ex
546 649 746 695 volucris
768 645 1000 711 sanguine,
1033 644 1163 708 ligno
1185 641 1325 698 cedri,
1359 641 1411 689 δε
1441 641 1674 697 coccineo,
1707 641 1759 689 δι
1798 642 2005 707 hyssopo,
2042 643 2220 709 sparget
2255 644 2417 703 sacer-,

376 721 412 745 “
445 714 530 763 dos
553 713 683 780 super
707 712 1027 763 mundandum
1050 726 1076 757 a
1096 708 1220 772 lepra
1235 710 1396 772 Septem
1417 707 1600 764 vicibus,
1624 707 1675 755 &
1698 708 1920 756 mundabit
1942 726 2082 767 eum;
2108 712 2312 761 similiter
2332 713 2392 762 de

377 788 412 812 “
446 782 565 839 oleo,
590 781 721 846 quod
742 779 873 844 super
893 778 999 826 vola
1010 774 1107 841 ejus
1123 775 1310 832 smistra,
1329 776 1491 838 Septem
1513 774 1682 822 vicibus
1703 790 1859 822 coram
1882 776 2107 836 Jehovah.
2176 780 2401 829 Similiter

380 855 415 879 “
450 850 497 896 in
522 849 717 896 domum
741 847 822 894 ubi
844 846 986 909 lepra,
1020 860 1078 891 ex
1100 842 1231 907 ligno
1254 842 1397 899 cedri,
1433 843 1483 890 δε
1508 842 1715 906 hyssope,
1750 842 1802 889 δτ-
1841 843 2073 901 coccineo,
2109 844 2160 892 δι
2183 844 2397 910 fimgujne

380 922 415 945 “
449 915 648 964 volucris
683 914 862 978 sparget
884 914 1045 974 Septem
1083 906 1300 966 v'icibus,”
1331 925 1449 956 xxv:
1492 909 1541 966 6,
1570 925 1616 973 7,
1645 925 1724 973 27,
1753 927 1830 972 51.
1887 908 1968 956 ubi
2007 909 2197 974 quisque
2239 913 2397 963 videre

378 982 542 1050 potest,
575 980 706 1046 quod
726 980 841 1028 nihil
863 977 1043 1043 prorsus
1065 977 1119 1025 fit
1140 979 1190 1023 in
1211 976 1342 1040 ligno
1365 974 1507 1032 cedri,
1540 975 1771 1032 coccine0‚
1796 975 2004 1041 hyffopo,
2038 977 2158 1033 oleo,
2182 976 2398 1043 sanguine

289 1095 291 1097 .
379 1050 596 1106 voluens,
631 1051 695 1096 ita
713 1063 797 1095 nec
820 1048 867 1094 in
891 1045 1079 1109 septem,
1114 1042 1196 1091 nifi
1219 1043 1341 1100 inde,
1381 1042 1511 1106 quod
1549 1058 1632 1106 per
1668 1042 1746 1089 illa
1778 1043 2181 1108 representarentur
2219 1045 2363 1095 saneta
2378 1069 2397 1105 ·,

377 1117 412 1165 fi
436 1116 580 1164 sanCta
602 1114 706 1162 inde
726 1111 956 1168 abstrahis,
992 1123 1146 1159 manet
1169 1122 1409 1158 mortuum
1431 1109 1562 1173 quid,
1597 1122 1677 1157 aut
1698 1110 1987 1174 prophanum
2019 1110 2394 1172 idololatricum;

377 1183 454 1232 sed
476 1198 585 1232 cum
609 1181 921 1246 significantur
943 1178 1105 1236 sancta,
1140 1189 1253 1225 tunc
1283 1176 1434 1225 cultus
1466 1175 1579 1223 inibi
1616 1175 1680 1224 est
1700 1177 1917 1234 Divinus,
1952 1179 2035 1241 qui
2072 1178 2137 1226 est
2177 1180 2399 1240 internus,

377 1251 428 1299 ὅτ
451 1248 595 1298 modo
626 1246 965 1312 repraesentatur
996 1262 1077 1310 per
1100 1256 1310 1292 externa:
1345 1260 1439 1291 non
1462 1242 1652 1307 quidem
1676 1247 1927 1307 potueru‘nt
1947 1243 2057 1292 scire
2080 1246 2253 1306 Judaei,
2278 1249 2399 1312 quid

378 1316 697 1381 fignificarent,
732 1314 793 1362 fic
828 1330 912 1362 nec
954 1311 1198 1378 quisquam
1235 1310 1391 1367 hodie,
1443 1310 1559 1375 quid
1598 1310 1782 1374 lignum
1822 1311 1963 1369 cedri,
2005 1313 2117 1375 quid
2163 1314 2400 1378 hyffopus,

377 1384 491 1449 quid
509 1384 809 1445 coccineum,
845 1379 960 1443 quid
981 1382 1093 1436 avis,
1128 1376 1268 1442 usque
1291 1377 1326 1425 fi
1351 1377 1498 1426 modo
1519 1377 1760 1425 voluiffent
1783 1378 1984 1443 cogitare
2006 1380 2135 1442 quod
2159 1380 2304 1431 saneta
2326 1383 2396 1430 in-

376 1450 638 1507 volverent,
673 1465 781 1510 quae
814 1445 1053 1503 nescirent,
1089 1446 1141 1494 &
1174 1445 1234 1493 fic
1274 1444 1508 1493 coluifl‘ent
1542 1445 1824 1500 Dominum,
1872 1443 1946 1492 scu
1979 1446 2191 1495 Meffiam
2232 1460 2399 1497 ventu·

379 1534 502 1575 rum,
545 1517 646 1582 Qi
684 1514 850 1564 sanaret
875 1530 952 1562 eos
991 1513 1049 1561 ab
1070 1528 1233 1560 eorum
1263 1511 1404 1577 lepra,
1440 1510 1529 1560 hoc
1558 1510 1641 1569 est,
1678 1527 1705 1558 a
1734 1510 2091 1576 prophanatione
2123 1512 2279 1572 sanffi,
2315 1515 2398 1564 sal·

376 1583 474 1632 vari
521 1583 798 1647 potuissent3
834 1586 942 1630 nam
965 1580 1134 1644 qui.ita
1156 1580 1361 1643 cogitant
1399 1579 1449 1626 &
1474 1578 1683 1636 credunt,
1718 1579 1766 1626 in
1805 1579 1942 1627 altera
1980 1580 2078 1628 vita
2113 1581 2403 1631 instruuntur

380 1651 521 1708 illico,
556 1650 591 1701 fi
615 1649 884 1706 desiderant,
936 1647 1049 1712 quid
1088 1648 1244 1696 omnia
1281 1646 1332 1694 ὃν,
1371 1645 1548 1710 singula
1582 1645 2012 1710 repraesentaverint.
2082 1648 2304 1698 Similiter
2340 1649 2401 1700 de

376 1719 530 1766 Vacca
567 1714 682 1774 rufa,
735 1722 771 1744 “
796 1715 944 1780 Qiod
979 1716 1200 1778 acciperet
1233 1713 1448 1761 Sacerdos
1487 1712 1545 1759 de
1567 1712 1783 1774 sanguine
1802 1712 1964 1775 ⁴digito
1994 1713 2089 1771 suo,
2125 1715 2176 1762 δι
2215 1715 2396 1780 sparge-

381 1790 416 1812 “
452 1796 520 1831 ret
551 1783 703 1830 versus
751 1781 886 1830 facies
934 1782 1145 1828 Tentorii
1171 1791 1436 1827 >conventus
1479 1778 1536 1825 de
1582 1777 1797 1842 sanguine
1842 1777 1939 1842 ejus
1978 1781 2140 1842 Septem
2176 1783 2398 1842 vicibus,”
2463 1838 2471 1845 ⁴

381 1851 546 1898 Num:
569 1865 679 1897 xix:
715 1867 763 1910 4.
815 1848 942 1912 Qia
970 1848 1204 1912 Septimus
1227 1847 1341 1894 Dies
1373 1844 1448 1892 seu
1478 1844 1760 1894 Sabbathum
1799 1844 2079 1909 significabat
2112 1849 2394 1909 Dominum,

379 1918 430 1964 δε
463 1916 520 1964 ab
558 1915 661 1980 Ipso
685 1913 908 1962 caelestem
931 1914 1185 1969 hominem,
1220 1911 1443 1975 &ipsum
1468 1911 1666 1968 coeleste,
1702 1913 1933 1976 Septimus
1969 1913 2081 1962 Dies
2113 1915 2161 1961 in
2192 1915 2398 1966 Ecclesia

379 1983 586 2046 Judaica‚
621 1995 734 2045 pne*
744 1980 960 2029 omnibus
983 1979 1143 2028 ritibus
1166 1979 1461 2027 sanCliffimus
1483 1991 1593 2036 erat,
1629 1978 1734 2026 inde
1773 1978 2040 2027 sabbathum
2078 1980 2276 2030 sabbathi
2299 1983 2398 2032 An«

378 2067 430 2098 no
469 2050 667 2111 Septimo,
703 2048 821 2096 Lev.
841 2063 937 2094 xxv
948 2066 963 2109 ,²
989 2065 1035 2108 4.
1073 2059 1175 2094 tum
1211 2045 1486 2108 Jubilaeum,
1521 2045 1650 2110 quod
1690 2046 2045 2109 proclamaretur
2087 2047 2190 2112 post
2230 2051 2396 2111 Septem

381 2116 601 2165 Sabbatha
625 2131 867 2172 annorum,
902 2113 977 2162 seu
1011 2113 1112 2178 post
1151 2116 1313 2175 Septem
1353 2129 1494 2160 annos
1528 2122 1688 2175 §eptem
1727 2113 1909 2169 vicibus,
1935 2113 2066 2161 Lev:
2108 2130 2236 2163 xxv:
2277 2121 2322 2174 8,
2346 2135 2396 2183 9.

382 2183 528 2249 Qod
567 2183 817 2247 Septenum
857 2183 905 2229 in
945 2180 1158 2244 supremo
1199 2178 1322 2227 sensu
1367 2179 1593 2243 significet
1630 2181 1912 2236 Dominum,
1946 2181 1997 2228 ὅτ
2034 2180 2141 2228 inde
2177 2183 2394 2232 Sanctum

382 2251 564 2307 amoriS,
601 2249 800 2297 constare
822 2247 969 2312 potest
992 2248 1129 2295 etiam
1155 2263 1181 2294 a
1204 2246 1486 2298 Candelabro
1508 2245 1660 2303 auree,
1696 2247 1745 2297 &
1771 2249 1934 2310 Septem
1972 2245 2069 2311 ejus
2106 2248 2303 2307 lucernis,
2337 2250 2398 2300 de

383 2316 566 2380 quibuS,
601 2316 769 2364 Exod:
796 2331 919 2364 xxv:
948 2333 1029 2379 31,
1057 2331 1136 2379 32,
1165 2331 1244 2377 33,
1273 2331 1348 2379 37.
1389 2314 1519 2377 Cap:
1553 2329 1760 2363 xxxvu:
1809 2330 1884 2378 17,
1918 2318 1992 2371 18,
2025 2332 2099 2380 19,
2126 2332 2203 2379 23.
2239 2317 2393 2365 Num.

376 2399 510 2430 vni:
540 2399 585 2439 2,
612 2399 656 2446 3.
691 2382 881 2430 Sachar:
914 2398 996 2429 iv:
1025 2399 1069 2430 2.
1105 2382 1162 2430 ‘de
1185 2381 1354 2445 quibus
1386 2382 1448 2428 ita
1470 2380 1590 2445 apud
1616 2379 1895 2442 Johannem,
1932 2383 2093 2443 Septem
2116 2382 2396 2433 Candelabra

383 2454 418 2476 ‘⁸
453 2465 582 2496 aurea
597 2471 613 2504 ·,
634 2450 681 2496 in
699 2449 854 2496 medio
869 2450 1030 2511 Septem
1045 2447 1434 2496 Candelabrorum
1455 2446 1608 2494 similis
1628 2448 1749 2495 Filio
1766 2447 2014 2503 hominis,’'
2040 2450 2207 2513 Apoc:
2236 2468 2251 2498 1
2271 2469 2283 2499 ε
2316 2468 2393 2509 12,

389 2533 460 2577 13.
497 2515 578 2565 ubi
601 2515 835 2562 clariffime
857 2515 1046 2572 constat,
1080 2514 1207 2577 quod
1231 2514 1566 2562 Candelabrum
1596 2530 1705 2562 cum
1743 2512 1914 2579 septem
1953 2514 2148 2562 lucernis
2170 2516 2396 2580 significet

381 2583 659 2639 Dominum,
694 2583 744 2629 δε
768 2581 895 2645 quod
920 2581 1148 2628 Lucernae
1170 2580 1258 2628 fint
1294 2581 1438 2628 sancta
1473 2581 1655 2637 amoris,
1706 2579 1779 2628 seu
1817 2580 2029 2638 coelestia,
2078 2598 2214 2645 quare
2251 2585 2389 2632 etiam

381 2649 552 2713 septem
574 2647 792 2703 fuerunt;
827 2648 878 2695 ὅτ
902 2647 1026 2711 apud
1050 2646 1287 2710 Eundem,
1324 2653 1359 2674 “
1382 2648 1426 2694 E
1450 2648 1646 2695 Throno
1674 2647 1858 2695 exibant
1885 2651 2043 2708 Septem
2065 2649 2297 2713 lampades
2322 2652 2394 2715 ig-

383 2722 418 2743 “
453 2718 521 2764 nis
545 2715 747 2763 ardentes
769 2730 923 2763 coram
947 2716 994 2761 T
996 2714 1158 2769 hrono,
1194 2728 1299 2776 quae
1323 2712 1424 2760 sunt
1448 2716 1608 2775 Septem
1633 2713 1812 2776 spiritus
1837 2715 1977 2768 Dei,”
2011 2715 2151 2778 Apoc
2172 2734 2183 2763 :
2228 2732 2308 2765 iv:
2343 2736 2389 2781 5.

382 2781 456 2830 hic
479 2781 650 2846 septem
674 2781 902 2845 lampades
925 2797 1031 2844 quae
1054 2781 1302 2827 exiverunt*
1317 2796 1341 2826 e
1363 2779 1558 2827 Throno
1578 2780 1804 2845 Domini,
1828 2779 1928 2827 sunt
1951 2779 2120 2843 septem
2145 2772 2388 2846 Lucernae.
2416 2807 2421 2811 *

384 2847 600 2897 Similiter
623 2849 665 2896 le
688 2847 820 2896 habet
843 2847 922 2895 ubi
945 2847 1217 2911 septenarius
1250 2862 1469 2894 numerus
1493 2846 1691 2894 occurrit
1729 2846 1852 2910 apud
1876 2846 2140 2909 Prophetas,
2174 2862 2229 2897 ut
2266 2853 2390 2915 apud

386 2913 581 2972 Esaiam,
632 2921 665 2943 “
691 2915 794 2962 Erit
815 2915 893 2962 lux
918 2915 1071 2962 Lunae
1094 2914 1209 2961 ficut
1230 2913 1311 2960 lux
1328 2913 1460 2969 Solis,
1497 2914 1545 2961 δε
1571 2913 1648 2960 lux
1673 2911 1788 2959 Solis
1811 2913 1895 2960 erit
1919 2914 2136 2975 Septupla‚
2172 2915 2287 2965 ficut
2310 2919 2394 2966 lux

385 2984 421 3008 “
456 2981 615 3042 Septem
636 2982 816 3038 dierum,
850 2982 898 3028 in
921 2981 994 3029 die
1017 2996 1113 3046 quo
1136 2979 1358 3042 obligabit
1381 2980 1590 3041 Jehovah
1627 2977 1871 3027 fracturam
1908 2980 2070 3043 populi
2108 2981 2224 3039 sui,”
2264 3001 2388 3036 xxx:

387 3047 464 3094 26.
516 3046 596 3094 ubi
618 3047 698 3094 lux
720 3047 938 3112 septupla,
972 3047 1087 3095 ficut
1108 3047 1190 3094 lux
1213 3045 1382 3110 septem
1407 3048 1603 3104 dierum,
1628 3044 1848 3110 nusquam
1871 3046 2095 3110 fignificat
2109 3047 2391 3114 septuplum,

387 3112 459 3161 sed
485 3111 686 3160 sanCtum
709 3115 874 3160 amoris
897 3114 1135 3177 significati
1158 3130 1239 3177 per
1262 3113 1414 3161 solem.
1486 3115 1739 3161 Videantur
1777 3115 1931 3170 etiam,
1967 3114 2095 3177 quod
2116 3115 2173 3161 de
2195 3115 2394 3180 septena-
2422 3112 2425 3114 ’

387 3182 454 3230 rio
493 3194 686 3227 numero
721 3181 849 3243 prius
887 3179 1066 3228 dictum
1103 3181 1154 3230 &
1175 3179 1420 3239 ostensum,
1446 3181 1573 3246 Cap:
1599 3197 1677 3231 iv:
1712 3179 1837 3228 vers:
1870 3195 1943 3244 15·
2016 3180 2092 3228 Ex
2114 3180 2184 3228 his
2206 3199 2394 3244 quorun
2422 3202 2428 3206 ·

2161 3262 2207 3294 m
