2788 3736
367 294 447 362 92
916 275 978 338 G
1072 276 1130 338 E
1224 273 1306 334 N
1389 273 1453 335 ῐΕ
1518 265 1882 338 <is-³1³5..

368 413 561 468 firmare,
614 408 684 458 sed
721 409 855 472 usque
888 407 972 454 sint
1007 406 1137 461 haec,
1174 422 1278 469 quae
1320 405 1441 468 apud
1458 404 1654 462 Esaiam,
1693 411 1727 433 “
1752 408 1988 466 Dominus·
2007 407 2130 458 dabit
2155 411 2359 474 pluviam

373 483 406 505 “
441 476 614 525 seminis
639 477 719 531 tui,
754 490 846 537 quo
870 472 1054 519 seminas
1090 471 1299 528 humum,
1340 473 1389 519 ὅτ
1413 487 1577 535 panem
1603 485 1850 533 proventus
1874 473 2018 529 humi,
2046 477 2191 539 pascet
2207 489 2361 538 pecora

375 549 425 574 “·
443 556 519 590 tua
541 545 587 589 in
611 542 682 588 die
703 540 798 596 illo,
834 551 964 603 prato
989 538 1130 594 lat0,”
1155 551 1266 585 xxx:
1295 555 1369 600 23.
1404 537 1484 584 ubi
1509 537 1633 601 panis
1658 549 1905 601 proventus
1924 538 2054 586 humi
2077 541 2142 588 est
2155 542 2360 589 charitas.

370 609 517 673 Apud
541 607 771 663 Eundem,
830 612 863 632 “
902 606 1132 652 Dominus
1157 604 1370 664 Jehovffi,
1407 602 1518 650 ficut
1559 603 1707 663 Pastor
1747 604 1922 664 Gregem
1952 603 2087 651 suum
2117 608 2278 670 pascet,
2315 611 2362 654 in

369 680 404 701 “
441 673 671 720 brachium
697 671 826 718 suum
846 670 1032 732 colliget
1053 684 1210 731 agnos,
1245 671 1293 716 &
1318 671 1363 715 in
1402 670 1580 730 gremio
1602 668 1681 714 suo
1702 669 1915 732 portabit,
1952 667 2083 717 foetas
2106 671 2359 721 leniter'du-

377 744 410 765 “
447 741 556 785 cet.'’
581 754 638 785 xi„
660 756 670 785 :
694 755 751 784 11.
812 737 954 800 Apud
982 735 1231 790 Davidem,
1268 741 1300 760 “
1325 735 1478 795 Pastor
1499 733 1663 781 Israelis
1687 733 1899 790 ausculta,
1935 735 2097 792 ducens,
2134 733 2246 784 sicut
2261 746 2360 800 gre'-

374 810 406 831 “
432 816 544 867 gem,
596 803 880 867 Josephum3
932 802 1120 853 inficiens
1150 801 1388 855 Cherubis,
1440 800 1660 862 effulge,³'
1693 800 1873 847 Psalm:
1911 815 2062 847 Lxxx:
2107 818 2147 850 2.
2219 805 2365 866 Apud

372 870 634 930 Jeremiam,
675 877 707 896 ‘⁸
742 867 973 916 Formosae
996 869 1045 914 &
1079 867 1285 914 delicatae
1324 866 1556 913 assimilavi
1593 865 1733 912 filiam
1760 865 1934 922 Zionis,
1971 867 2025 912 ad
2050 883 2149 914 eam
2185 870 2364 916 venient

373 942 407 963 “
433 935 636 998 pastores,
671 935 734 982 δι’
748 950 894 996 greges
931 949 1090 980 corum
1130 933 1273 994 figent
1307 927 1450 996 prope
1486 947 1586 978 eam
1617 933 1803 978 tentoria
1847 933 2159 988 circumcirca,
2189 935 2363 997 pascent

371 1007 404 1027 ‘²
441 1000 626 1065 quisque
663 1000 853 1063 spatium
894 998 1074 1060 suurn,'’
1099 1013 1184 1044 vi:
1214 1016 1255 1046 2.
1285 1016 1327 1061 3.
1399 997 1543 1060 Apud
1575 996 1881 1053 Ezechielem,
1921 1003 1954 1024 “
1975 999 2110 1045 Dixit
2131 1000 2363 1047 Dominus

369 1072 402 1093 “
438 1067 652 1127 Jehovih,
690 1064 1006 1128 multiplicabo
1027 1081 1103 1111 eos
1126 1064 1238 1110 sicut
1257 1080 1424 1126 gregem
1448 1064 1644 1118 hominis,
1682 1063 1794 1110 sicut
1811 1079 1980 1125 gregem
2004 1063 2368 1121 ‚sanetificatum,'

369 1138 400 1159 “
437 1133 549 1179 sicut
580 1148 746 1194 gregem
771 1129 1123 1192 Hierosolymae,
1165 1131 1210 1176 in
1248 1129 1528 1192 temporibus
1561 1127 1678 1175 statis
1711 1127 1823 1190 ejus,
1876 1129 1936 1175 fic
1972 1142 2105 1176 erunt
2128 1132 2259 1177 urbes
2282 1131 2360 1178 de-

324 1206 328 1213 “
367 1205 399 1224 “
435 1197 560 1245 sertae
584 1199 731 1261 plenae
746 1213 874 1260 grege
892 1197 1118 1251 hominis‚'’
1143 1211 1293 1242 xxxvi
1315 1212 1324 1240 :
1353 1210 1430 1259 37,
1464 1199 1538 1257 38.
1582 1195 1728 1257 Apud
1752 1193 1948 1250 Esaiam,
2004 1201 2037 1221 “
2072 1198 2239 1243 Omnis
2253 1213 2361 1259 grex

369 1269 403 1290 “
440 1263 623 1311 Arabiae
653 1261 1047 1325 congregabuntur
1083 1260 1184 1318 tibi,
1219 1263 1371 1307 arietes
1406 1258 1636 1307 Nebaioth
1669 1259 1989 1308 ministrabunt
2026 1260 2160 1317 tibi,”
2186 1277 2278 1308 Lx:
2316 1278 2357 1326 7.

368 1329 466 1392 Qi
501 1345 696 1392 gregem
730 1330 903 1374 ducunt
942 1326 1208 1374 adsbonum
1240 1326 1478 1382 charitatis,
1516 1325 1615 1372 sunt
1646 1327 1725 1388 qui
1752 1337 2032 1390 congregant
2056 1342 2279 1390 gregem;
2317 1337 2362 1375 at

367 1410 494 1451 ver0,
538 1399 618 1459 qui
649 1411 739 1441 non
777 1394 833 1441 ad
857 1393 1030 1440 bonum
1075 1393 1314 1447 charitatis,
1355 1390 1456 1439 sunt
1478 1393 1557 1454 qui
1581 1391 1876 1454 dispergunt3
1916 1407 2022 1438 nam
2058 1393 2208 1439 omnis
2248 1409 2358 1445 con„—

367 1461 570 1523 gregatio
594 1463 642 1507 ὅτ
665 1461 774 1507 unio
796 1476 851 1506 ex
881 1459 1107 1515 charitate,
1143 1459 1191 1505 &
1215 1458 1363 1504 omnis
1389 1455 1599 1521 dispersio
1621 1457 1671 1503 δῑ
1695 1456 1872 1504 disunio
1895 1468 1951 1505 ex
1974 1472 2067 1520 nonj
2085 1458 2307 1522 charitate.
2339 1468 2343 1471 ’

295 1583 297 1585 q
363 1555 369 1561 τ
438 1543 548 1588 344.
585 1527 716 1590 Qid
755 1524 863 1572 facit
890 1524 1016 1580 fides,
1053 1523 1124 1571 seu
1161 1523 1355 1579 scientia,
1392 1524 1617 1586 cognitiO,
1650 1524 1698 1568 &
1731 1523 1936 1569 doctrina
1974 1524 2098 1579 fidei,
2135 1521 2274 1586 quarn
2310 1538 2359 1572 ut

371 1589 512 1638 homo
533 1592 594 1638 ita
616 1591 695 1638 fiat
717 1591 830 1637 sicut
847 1591 996 1646 docet,
1021 1591 1306 1652 primarium,
1330 1589 1455 1651 quod
1481 1589 1631 1642 docet,
1656 1587 1719 1633 est
1742 1587 1945 1644 charitas,
1981 1590 2115 1635 Marc
2137 1605 2238 1637 :xu
2261 1611 2271 1639 ε
2300 1597 2357 1640 28

326 1652 329 1655 ’
369 1655 425 1701 ad
446 1673 524 1718 35,
551 1657 705 1703 Math:
732 1672 838 1703 xxii
860 1674 870 1702 :
900 1672 963 1718 34
986 1655 1042 1701 ad
1070 1671 1147 1718 39,
1181 1653 1278 1700 haec
1296 1654 1359 1700 est
1377 1655 1478 1701 finis
1504 1654 1730 1710 omnium,
1754 1669 1849 1716 quo
1873 1653 2065 1719 spectat3
2092 1655 2124 1701 s1
2150 1672 2240 1703 non
2266 1657 2358 1713 fiat,

370 1723 483 1782 quid
508 1721 687 1768 scientia
718 1721 789 1767 seu
814 1721 1031 1776 doctrina,
1067 1720 1146 1766 nisi
1179 1719 1411 1782 quoddam
1434 1720 1565 1765 nihil.
1920 1779 1923 1783 .
1988 1753 1991 1755 -
2103 1752 2105 1754 -

438 1805 546 1849 345.
583 1786 728 1846 Quod
752 1785 901 1833 colens
922 1786 1136 1841 humum,
1161 1785 1230 1840 sit,
1269 1785 1350 1847 qui
1375 1783 1538 1846 absque
1573 1783 1801 1841 charitate,
1841 1796 2073 1849 utcunque
2094 1802 2167 1833 ex·
2182 1787 2271 1836 fide
2291 1788 2356 1835 *se-

369 1851 596 1914 parata-ab
614 1867 781 1908 amore,
806 1867 911 1914 quae
935 1849 1055 1897 nulla
1083 1849 1214 1906 fides,
1246 1849 1444 1896 constare
1466 1847 1692 1912 potest-‘ab
1715 1851 1784 1907 iis,
1810 1866 1917 1913 quae
1940 1849 2202 1913 sequuntur,
2227 1855 2359 1917 quod

373 1918 580 1976 Jehovah
612 1934 704 1964 non
726 1917 895 1979 aspexit
925 1917 981 1962 ad
1006 1931 1173 1962 munus
1194 1913 1305 1978 ejuS,
1345 1916 1395 1961 ὅτ.
1431 1915 1556 1978 quod
1581 1912 1762 1962 fratrem
1787 1915 1918 1962 suum
1946 1917 2133 1973 occidit,
2169 1918 2257 1965 hoc
2274 1920 2355 1975 est,

367 1983 495 2043 quod
530 1983 787 2029 charitatem
827 1998 909 2043 per
929 1981 1156 2027 Habelem
1190 1979 1486 2042 significatam
1511 1979 1740 2026 destruxit.
1811 1981 1973 2028 Colere
1997 1980 2195 2029 humum
2237 1984 2358 2031 dice—

368 2047 546 2103 bantur,
581 2049 660 2111 qui
683 2062 896 2109 corporea
915 2047 966 2093 ὅτ
989 2045 1204 2092 terrestria
1223 2044 1432 2106 spectant,
1469 2044 1580 2091 sicut
1603 2044 1774 2092 constat
1796 2045 1853 2092 ab
1875 2047 1943 2101 iis,
1979 2062 2084 2109 quae
2107 2047 2224 2095 dicta
2257 2049 2359 2097 sunt

330 2127 335 2133 ·
375 2112 431 2158 ad
456 2114 581 2176 Cap:
615 2130 680 2159 ιιι
704 2111 826 2159 vers:
859 2129 930 2178 19·
957 2127 1033 2173 23.
1072 2109 1150 2157 ubi
1173 2111 1355 2166 dicitur,
1390 2110 1518 2174 quod
1547 2109 1689 2157 homo
1711 2111 1887 2158 emissus
1917 2126 1973 2157 ex
1995 2111 2275 2162 hortoEden
2300 2115 2357 2163 ad

372 2177 613 2225 colendum
638 2178 847 2224 humum.
883 2197 885 2199 ’
1683 2182 1686 2186 ”
1940 2207 1943 2210 -
2062 2208 2066 2211 ,

366 2265 370 2269 ·
441 2244 549 2306 346.
585 2241 705 2289 Vers
715 2261 725 2288 z
756 2259 796 2304 3.
852 2244 914 2290 Et
941 2242 1111 2304 fadum
1150 2258 1178 2287 a
1212 2241 1303 2300 fine
1333 2243 1507 2297 dierum,
1546 2242 1600 2290 &
1638 2242 1792 2292 attulit,
1811 2243 1919 2289 Cain
1946 2242 2008 2291 *de
2027 2239 2354 2305 fruflu'humi,

377 2324 523 2355 munus
562 2309 754 2370 Jehovae.
839 2309 927 2354 Per
948 2308 1102 2363 ,finem
1153 2307 1331 2354 dierum
1370 2307 1638 2371 intelligitur
1682 2307 1935 2371 progressus
1973 2313 2222 2372 temporis:
2279 2327 2358 2376 per

368 2371 572 2419 -fruCtum
595 2374 741 2428 humi,
760 2388 893 2435 opera
909 2373 1014 2418 fidei
1038 2371 1200 2434 absque
1221 2373 1461 2428 charitate3
1493 2387 1572 2437 per
1597 2389 1763 2419 munus
1787 2374 1993 2433 jehovae,
2031 2376 2179 2423 cultus
2201 2378 2321 2425 inde.

443 2454 549 2501 347.
587 2439 733 2503 Qod
766 2454 847 2501 per
883 2438 1019 2483 finem
1039 2437 1220 2484 dierum
1254 2438 1545 2501 intelligatur,
1566 2438 1816 2500 progressus
1856 2442 2092 2502 temporiS,
2133 2443 2356 2492 unicuivis

373 2504 570 2550 constare
594 2503 768 2566 potest;
808 2503 1024 2549 Doc'trina
1045 2502 1160 2558 haec,
1195 2519 1301 2565 quae
1324 2504 1489 2550 Cainus
1513 2516 1715 2559 vocatur,
1757 2506 1803 2550 in
1827 2503 1905 2550 suo
1938 2506 2207 2567 primordio,
2248 2525 2358 2566 cum

371 2568 518 2618 adhuc
552 2569 810 2630 simplicitas
840 2571 994 2624 inerat,
1033 2583 1124 2614 non
1147 2569 1207 2614 ita
1229 2569 1402 2631 ingrata
1440 2566 1564 2615 fuisse
1587 2582 1781 2632 apparet,
1817 2585 1867 2616 ac
1891 2570 2056 2632 postea,
2094 2573 2225 2635 quod*
2244 2589 2355 2622 con-

374 2633 456 2679 stat
478 2649 535 2680 ex
555 2651 626 2689 eo,
666 2634 792 2696 quod
814 2634 1132 2696 appellaverint
1161 2634 1336 2696 prolem
1366 2633 1632 2697 acquisitum
1657 2636 1824 2680 Virum
1846 2634 2087 2695 Jehovam,
2122 2640 2182 2684 ita
2203 2631 2284 2685 nec
2307 2642 2355 2686 in
2385 2636 2390 2642 ’

374 2700 626 2760 primordio
648 2699 759 2745 fides
784 2702 845 2745 ita
876 2699 1068 2761 separata
1089 2697 1174 2745 fuit
1204 2699 1258 2745 ab
1282 2701 1474 2754 Amore,
1510 2716 1560 2747 ac
1584 2701 1631 2746 in
1664 2700 1754 2746 fine
1789 2701 1983 2757 dierum,
2007 2700 2095 2762 ‘seu
2125 2705 2356 2767 progressu

312 2798 317 2805 .
372 2767 607 2825 temporis,
646 2764 757 2812 ficut
780 2764 887 2811 solet
909 2765 1057 2810 omnis
1074 2764 1275 2811 doctrina
1294 2781 1414 2812 verae
1438 2764 1558 2811 fidei.
2148 2769 2149 2772 ’
2184 2780 2187 2783 ’

447 2835 554 2887 348.
595 2830 739 2892 Qod
761 2845 838 2891 per
874 2828 1073 2879 frutit'um
1112 2828 1240 2877 humi
1280 2830 1584 2891 intelligantur
1615 2845 1749 2892 opera
1783 2829 1889 2876 fidei
1934 2829 2099 2893 absque
2128 2831 2354 2892 charitate,

376 2908 434 2939 ex
458 2891 736 2955 sequentibus
757 2896 891 2941 etiam
914 2906 1065 2957 patet;
1101 2895 1236 2957 opera
1257 2897 1379 2941 enim
1403 2894 1510 2940 fidei
1532 2893 1694 2955 absque
1717 2894 1926 2942 charitate
1967 2894 2066 2942 sunt
2098 2914 2234 2961 opera
2255 2901 2357 2947 nul-

377 2958 463 3004 lius
486 2959 608 3014 fidei,
649 2961 694 3004 in
718 2959 758 3005 se
781 2971 976 3015 mortua,
1013 2976 1115 3006 nam
1142 2960 1240 3006 sunt
1262 2958 1405 3006 solum
1430 2959 1816 3004 externihominis
1836 2980 1851 3012 ·‚
1885 2959 1942 3004 de
1964 2961 2128 3022 quibus
2151 2965 2213 3011 ita
2231 2969 2357 3028 apud

374 3026 643 3087 -Jeremiam,
696 3030 730 3052 ‘⁶
755 3026 909 3086 Qare
939 3025 1015 3070 via
1035 3025 1283 3086 impiorum
1315 3022 1611 3087 prosperatur,
1648 3022 1849 3085 plantasti
1883 3039 1975 3082 eos,
2014 3028 2147 3075 etiam
2177 3030 2360 3081 radicati

377 3099 411 3118 “
446 3087 562 3145 sunt,
602 3090 795 3145 iverunt,
835 3090 968 3135 etiam
1005 3087 1173 3136 faciunt
1193 3090 1405 3151 frustum,
1458 3090 1739 3151 propinquus
1775 3102 1824 3144 tu
1858 3089 1904 3136 in
1942 3107 2019 3138 ore
2056 3109 2233 3152 eorum,
2280 3097 2356 3146 sed

323 3207 325 3209 ¹
381 3162 415 3183 “
451 3153 726 3217 longinquus
764 3172 790 3202 a
811 3153 986 3200 renibus
1010 3169 1186 3210 eorum,
1220 3152 1452 3217 quousque
1475 3154 1647 3216 lugebit
1675 3166 1805 3210 terra,
1839 3156 1889 3202 ὅτ
1924 3156 2057 3206 herba
2088 3164 2355 3226 omnisagri

382 3228 414 3249 “
447 3220 680 3277 exarescet,
698 3235 808 3269 xlx:
843 3237 884 3277 1,
914 3235 967 3276 2,
992 3236 1038 3280 4.
1075 3221 1369 3283 propinquus.
1392 3220 1437 3265 in
1474 3234 1565 3276 ore,
1602 3218 1675 3267 sed
1697 3220 1975 3285 longinquus
2004 3234 2032 3270 'a
2054 3225 2231 3274 renibus
2253 3228 2353 3279 sunt

2268 3301 2349 3360 qui
