2788 3736
668 231 1099 326 CAPUT
1191 229 2055 299 DuoDEmMUM.
2248 239 2384 325 465

353 385 441 420 „ex
462 384 558 434 quo
580 383 694 432 gens
717 366 774 415 de
791 359 987 414 Ismaelis
1011 363 1298 429 generatione
1338 362 1626 426 praedicatur.
1698 362 1845 425 Qiod
1884 378 1996 427 gens
2029 361 2253 427 significet
2291 379 2388 411 coe-

379 435 506 483 lestia
529 436 712 491 amoris,
749 432 921 481 constat
943 430 1067 495 apud
1090 429 1272 486 Mosen,
1310 434 1344 456 “
1378 429 1426 475 Si
1459 428 1684 476 audiendo
1722 429 1983 477 audiveritis
2018 446 2182 477 vocem
2218 445 2389 485 meam,

384 507 424 529 “
460 503 510 549 &
533 501 863 549 custodiveritis
886 497 1041 546 foedus
1064 511 1239 553 meum,
1263 496 1314 544 δε
1337 495 1459 542 eritis
1482 495 1606 541 Mihi
1631 495 1860 558 peculium
1885 512 1943 543 ex
1958 496 2171 544 omnibus
2184 495 2388 561 populis,

388 572 428 595 “
461 569 512 615 ὅτ
540 585 624 615 vos
649 568 770 615 eritis
787 566 911 614 Mihi
934 567 1128 628 Regnum
1153 562 1439 618 Sacerdotum,
1476 562 1525 608 &
1550 562 1664 609 Gens
1678 563 1884 625 sanda?
1923 563 2061 611 Exod
2083 583 2093 612 :
2120 580 2239 611 xlx:
2268 582 2316 626 5,
2342 563 2388 610 6.

382 634 464 683 ubi
490 636 711 698 Regnum
751 632 1052 688 sacerdotum,
1103 629 1232 693 quod
1276 628 1340 675 est
1378 629 1598 692 Regnum
1621 628 1815 674 Domini
1854 629 1901 675 in
1945 630 2077 677 coelis
2117 631 2167 678 &
2205 631 2252 677 in·
2298 641 2388 677 ter-

382 702 444 748 ris
468 717 524 747 ex
546 699 804 748 coelestibus
829 697 996 746 amoris
1019 695 1337 760 praedicatum,
1372 693 1622 758 appellatur
1657 692 1886 741 manifeste
1909 711 2020 758 gens
2045 695 2223 752 saneta3
2258 697 2388 760 Reg-

384 783 501 814 num
525 779 676 814 autem
697 767 896 814 Domini
918 780 977 812 ex
1011 763 1164 826 Regio
1187 761 1330 826 lpfius
1364 761 1668 825 praedicatum
1692 759 1756 807 est
1778 777 1836 807 ex
1860 760 2160 823 spiritualibus
2193 765 2381 820 amoriS,

383 834 435 881 &
459 834 709 898 appellatur
734 831 933 896 populus
957 828 1147 887 sanc'tus,
1179 845 1320 892 quare
1344 843 1470 891 reges
1494 844 1552 875 ex
1575 825 1761 883 lumbis,
1798 839 1850 873 ut
1871 826 2017 891 supra,
2053 829 2154 876 sunt
2185 829 2390 892 spiritua-

385 899 456 947 lia.
528 900 674 964 Apud
698 899 963 961 Jeremiarn,
1003 901 1036 924 “
1061 897 1108 944 Si
1147 895 1398 943 recefferint
1421 893 1582 941 statuta
1618 893 1718 941 haec
1747 909 1773 940 a
1795 909 1949 940 coram
1973 895 2075 952 Me,
2111 896 2287 942 dictum
2311 897 2394 956 Je-⁴

385 971 421 993 “
457 966 610 1022 hovae,
645 967 780 1013 etiam
811 965 961 1012 semen
985 961 1151 1011 Israelis
1180 961 1422 1017 cessabunt,
1459 972 1512 1007 ut
1535 977 1627 1007 non
1649 959 1703 1007 fit
1727 961 1838 1007 Gens
1878 975 2031 1007 coram
2065 962 2152 1009 Me
2173 961 2391 1009 omnibus

384 1037 420 1060 “
456 1032 665 1090 diebus,''
689 1047 835 1080 xxxl:
873 1031 950 1095 36.
1001 1028 1154 1076 semen
1176 1026 1342 1075 Israelis
1365 1042 1451 1090 pro
1474 1025 1645 1074 coelesti
1670 1026 1911 1084 charitatis,
1946 1040 2043 1090 qua¹
2075 1028 2260 1075 cessante
2297 1044 2392 1075 non

383 1099 583 1164 amplius
605 1098 668 1146 est
688 1114 800 1161 gens
839 1111 992 1143 coram
1015 1095 1240 1153 Domino,
1310 1093 1459 1156 Apud
1483 1093 1680 1150 Esaiam,
1719 1097 1753 1120 “
1780 1093 1987 1156 Populus
2018 1094 2301 1142 ambulantes
2342 1096 2389 1141 in

383 1165 577 1213 tenebris
616 1163 828 1211 viderunt
868 1161 1020 1209 lucem
1058 1175 1291 1224 magnam,
1328 1158 1635 1223 multiplicasti
1660 1161 1883 1216 Gentem,’'
1926 1176 2004 1208 rx:
2044 1178 2091 1218 2,
2120 1180 2162 1226 3.
2203 1162 2277 1208 De
2300 1161 2395 1208 Ec-

386 1231 514 1279 clefia
533 1231 744 1295 gentium
769 1230 815 1276 in
839 1227 1000 1293 specie,
1037 1228 1083 1274 in
1105 1243 1267 1290 genere
1291 1226 1348 1273 de
1372 1226 1585 1272 omnibus
1610 1228 1690 1290 qui
1730 1228 1777 1274 in
1818 1229 2074 1290 ignorantia
2113 1227 2215 1275 sunt
2253 1228 2303 1275 &
2343 1229 2394 1274 in

385 1297 598 1345 charitate
631 1298 814 1353 vivunt,
846 1296 927 1358 qui
951 1293 1053 1341 sunt
1075 1293 1202 1340 Gens
1223 1293 1331 1356 quia
1354 1293 1507 1356 Regni
1530 1293 1734 1340 Domini.
1807 1293 1953 1356 Apud
1969 1294 2219 1352 Davidem,
2260 1299 2294 1321 “
2319 1295 2396 1341 Ut

381 1370 416 1391 “
452 1365 634 1412 videam
659 1363 836 1410 bonum
859 1360 1106 1408 eleetorum
1130 1371 1338 1417 tuorum,
1375 1371 1427 1407 ut
1451 1358 1577 1406 laeter
1601 1359 1663 1413 in,
1684 1359 1841 1406 laetitia
1865 1362 2014 1408 Gentis
2052 1373 2163 1418 tuae,
2200 1372 2254 1408 ut
2289 1360 2393 1425 glo-

383 1435 421 1458 “
457 1432 542 1478 rier
571 1431 618 1478 in
651 1428 909 1488 haereditate
943 1427 1072 1482 tua,”
1108 1425 1286 1473 Psalm:
1322 1440 1438 1472 ew:
1469 1442 1513 1487 5.
1566 1424 1635 1472 ibi'
1673 1423 1901 1473 manifeste
1933 1426 2060 1473 Gens
2099 1443 2184 1491 pro
2223 1428 2395 1491 Regno

380 1498 591 1545 Domini.
661 1494 946 1559 Significatio
978 1491 1143 1557 gentiS‚
1177 1490 1307 1558 quod
1343 1490 1396 1539 fit
1437 1490 1618 1538 coeleste
1659 1493 1825 1539 amoris
1865 1494 1916 1540 δε
1961 1492 2136 1540 bonum
2179 1494 2300 1550 inde,
2334 1509 2393 1541 ex

382 1564 651 1628 perceptivo
673 1561 753 1610 illo
776 1572 932 1609 ortum
955 1559 1037 1618 est,
1061 1558 1187 1623 quod
1213 1558 1558 1622 Antiquiffimae
1582 1557 1797 1606 Ecclefiae
1811 1558 2018 1606 homines
2035 1559 2232 1608 distincti
2255 1561 2397 1621 essent

382 1631 431 1678 in
452 1629 634 1687 domos,
669 1626 860 1676 familias
883 1628 933 1675 &
970 1637 1142 1689 gentes,
1179 1625 1229 1672 &
1266 1624 1326 1672 sic
1354 1623 1665 1688 percipiebant
1698 1626 1920 1689 Regnum
1957 1626 2168 1683 Domini,
2204 1627 2255 1674 &
2290 1628 2397 1690 quia

385 1697 607 1760 Regnum
629 1695 841 1755 Domini,
877 1692 1185 1758 percipiebant
1217 1690 1367 1754 ipsum
1400 1689 1597 1747 coeleste,
1633 1707 1691 1737 ex
1714 1694 1980 1756 perceptivo
2018 1693 2099 1740 illo
2133 1705 2291 1741 ortum
2330 1691 2396 1741 est

382 1763 757 1826 significativum,
793 1776 852 1808 ex
871 1760 961 1808 hoc
986 1756 1414 1821 repraesentativum.

461 1845 542 1889 14¹
558 1844 600 1893 7.
636 1826 783 1892 Quod
808 1842 918 1890 gens
944 1840 1112 1889 magna
1133 1823 1308 1871 dicatur
1330 1840 1355 1871 a
1370 1822 1627 1871 coelestibus
1649 1824 1699 1872 &
1724 1823 1872 1882 bonis,
1897 1824 2072 1882 constat
2093 1842 2151 1888 ex
2175 1824 2262 1877 illis
2286 1842 2396 1893 que

386 1911 509 1944 nunc
530 1894 652 1942 dieta
673 1895 723 1942 δε
747 1891 916 1941 ostensa
937 1891 1056 1949 sunt,
1091 1903 1194 1938 tum
1218 1906 1275 1937 ex
1298 1889 1385 1938 illis
1406 1906 1512 1955 quae
1535 1893 1661 1955 prius
1693 1907 1752 1939 n:
1779 1907 1901 1956 1259
1922 1910 1932 1938 :
1969 1891 2076 1944 inde
2101 1892 2201 1940 sciri
2225 1891 2391 1958 potest,

385 1961 500 2026 quid
522 1960 722 2014 Ecclesia
744 1961 952 2024 gentium
978 1959 1024 2007 in
1049 1957 1234 2023 proprio
1257 1955 1394 2005 sensu.
1466 1966 1476 1971 “
2174 1972 2179 1975 ·

460 2032 599 2088 1418.
638 2027 701 2074 Et
733 2026 997 2074 benedicam
1034 2023 1134 2081 tibi,
1185 2023 1314 2088 quod
1354 2023 1575 2088 significet
1613 2023 1868 2072 coelestium
1909 2023 2305 2073 frueiificationem
2340 2026 2394 2074 δε

391 2093 692 2158 spiritualium
717 2092 1166 2157 multiplicationem,
1202 2089 1400 2139 constare
1431 2089 1579 2156 potest
1610 2107 1636 2139 a
1673 2091 1996 2155 fignificatione
2036 2092 2307 2140 Benedicere
2347 2092 2396 2141 in

387 2159 561 2218 Verbo,
598 2160 655 2208 de
678 2176 769 2224 qua
792 2161 838 2206 in
864 2175 976 2207 mox
999 2157 1297 2221 sequentibus.
1439 2207 1441 2210 ,
1642 2162 1646 2167 ”
1807 2169 1810 2172 ’

397 2283 401 2286 ,
461 2245 599 2292 1419.
637 2227 701 2274 Et
735 2242 958 2290 magnum
983 2222 1146 2272 faciam
1187 2240 1356 2272 nomen
1396 2235 1550 2281 tuum,
1602 2225 1730 2289 quod
1769 2224 1991 2290 significet
2030 2225 2243 2289 gloriam,
2284 2242 2395 2274 con·

387 2293 498 2341 stare
521 2292 668 2358 potest
691 2292 855 2356 absque
877 2291 1209 2357 explicatione:
1249 2292 1296 2338 in
1320 2290 1442 2338 sensu
1473 2304 1660 2358 externo
1698 2308 1780 2358 per
1819 2291 1965 2339 facere
2005 2308 2190 2350 nomen,
2225 2293 2275 2339 δε
2349 2308 2396 2340 er

387 2359 600 2423 gloriam,
656 2357 933 2423 sxgnificatur
984 2358 1273 2406 mundanum
1310 2357 1563 2422 quoddam,
1611 2358 1685 2406 sed
1727 2360 1774 2406 in
1814 2357 1936 2406 sensu
1968 2360 2145 2407 interno
2178 2309 2395 2414 coelepr

389 2424 571 2473 coeleste
611 2424 697 2472 hoc
736 2441 828 2472 non
867 2423 932 2471 est
976 2436 1029 2472 ut
1067 2426 1294 2473 maximus
1340 2423 1509 2472 ambiat
1540 2425 1639 2483 effe,
1690 2424 1763 2473 sed
1810 2438 1862 2473 ut
1896 2426 2131 2483 minimus,
2183 2426 2397 2473 omnibus

388 2491 643 2548 serviendo,
674 2491 789 2538 ficut
825 2490 1058 2540 Dominus
1095 2490 1193 2554 Ipse
1233 2491 1351 2538 dixit
1389 2491 1513 2555 apud
1554 2491 1851 2550 Matthaeum,
1905 2496 1939 2519 “
1973 2493 2086 2540 Non
2119 2492 2178 2540 fic
2210 2494 2293 2539 erit
2327 2493 2397 2540 in-

388 2564 423 2586 “
460 2570 674 2614 tervos,
734 2555 823 2619 sed*
860 2556 1081 2620 >quisquis
1126 2556 1324 2621 voluerit
1361 2557 1478 2605 inter
1532 2574 1631 2622 vosv
1673 2575 1871 2622 magnus
1909 2558 2030 2615 fieri,
2088 2559 2171 2606 effe
2214 2558 2398 2609 debebit

389 2630 426 2652 “
462 2624 605 2673 vester
629 2623 858 2671 minister:
894 2624 945 2670 ὅτ
977 2620 1178 2685 quisquis
1211 2622 1407 2670 voluerit
1444 2622 1527 2670 effe
1566 2625 1758 2686 primus,
1795 2624 1878 2670 effe
1915 2623 2097 2672 debebit
2134 2624 2278 2672 vester
2312 2623 2397 2671 ser-

392 2696 432 2718 “
465 2706 579 2739 vus:
617 2690 731 2738 ficut
755 2690 898 2738 Filius
915 2689 1138 2736 Hominis
1162 2704 1254 2750 non
1277 2689 1403 2736 venit
1425 2701 1477 2735 ut
1500 2689 1586 2752 Ipfi
1622 2690 1912 2747 ministretur,
1954 2689 2031 2740 sed
2071 2703 2124 2737 ut
2156 2689 2395 2748 ministret,

393 2763 430 2785 “
465 2758 515 2805 &
531 2757 610 2805 det
632 2759 832 2806 animam
854 2756 981 2803 suam
1005 2755 1369 2819 redemptionem
1394 2771 1479 2818 pro
1498 2754 1704 2811 multis,’'
1728 2771 1818 2803 xx:
1847 2757 1924 2810 26,
1945 2771 2025 2820 27,
2051 2761 2128 2806 28.
2165 2757 2327 2803 Marc:
2348 2772 2402 2804 x:

382 2829 474 2885 '44,
498 2842 578 2888 45.
649 2822 1034 2872 Coeleste-amoris
1058 2821 1106 2868 id
1129 2820 1209 2880 est,
1245 2832 1297 2870 ut
1319 2836 1410 2868 non
1442 2821 1555 2870 velit
1593 2821 1675 2868 effe
1711 2821 1794 2877 sui,
1843 2821 1917 2868 sed
1962 2823 2191 2880 omniurn,
2243 2823 2304 2874 fic
2343 2835 2398 2872 ut

390 2892 495 2938 dare
531 2890 642 2939 velit
674 2891 830 2939 omnia
851 2887 1057 2954 quae'sua
1079 2888 1190 2951 aliis,
1225 2887 1403 2935 effentia
1424 2888 1590 2935 amoris
1611 2886 1803 2937 coelestis
1827 2888 1874 2940 in
1896 2905 1952 2936 eo
1971 2889 2167 2936 consistit
2187 2912 2202 2946 3
2226 2891 2397 2940 Domi-

391 2972 492 3012 nus,
523 2957 628 3019 quia
655 2955 720 3003 est
742 2955 840 3020 Ipse
856 2957 1028 3012 Amor,
1069 2953 1141 3001 seu
1172 2954 1350 3001 effentia
1372 2954 1421 3001 ssc
1446 2954 1543 3001 vita
1573 2956 1738 3002 amoris
1772 2956 1983 3006 omnium
2018 2957 2064 3004 in
2105 2957 2250 3011 coelis,
2292 2973 2396 3004 om·

391 3023 464 3069 nia
486 3037 591 3085 quae
615 3021 758 3084 Ipfius
781 3021 898 3079 sunt,
934 3022 1036 3070 dare
1059 3020 1162 3068 vult
1185 3022 1339 3084 generi
1362 3019 1580 3077 humano,
1616 3021 1743 3084 quod
1766 3021 2043 3085 significatur
2075 3039 2155 3087 per
2194 3023 2267 3070 illa
2289 3039 2397 3086 quae

390 3088 507 3136 dixit
540 3087 788 3143 Do·minuS‚
826 3088 952 3148 quod
975 3087 1116 3134 Filius
1140 3087 1363 3137 Hominis
1387 3087 1576 3143 venerit,
1613 3100 1665 3134 ut
1701 3088 1780 3134 det
1817 3089 2016 3136 animam
2057 3089 2181 3136 suam
2217 3089 2395 3136 redem-

358 3171 367 3177 ·
393 3155 598 3218 ptionem
616 3167 700 3216 pro
717 3152 900 3217 multis:
937 3146 1047 3217 inde
1066 3145 1252 3218 constat}
1277 3153 1404 3218 quod
1426 3169 1596 3206 nomen
1619 3155 1668 3201 δε
1686 3153 1830 3224 gloria
1853 3156 1899 3202 in
1922 3154 2045 3202 sensu
2069 3156 2244 3202 interno
2267 3170 2395 3218 pror-

389 3221 460 3268 sus
484 3218 606 3267 aliud
632 3218 686 3279 sit
702 3233 844 3288 quam
860 3219 907 3264 in
930 3217 1053 3270 ‚sensu
1077 3215 1262 3268 externo
1282 3242 1297 3276 3
1333 3236 1471 3284 quare
1494 3235 1653 3267 omnes
1678 3223 1724 3271 in
1749 3221 1889 3278 coelo,
1925 3222 2004 3284 qui
2028 3223 2197 3288 magni*
2221 3221 2271 3271 δι
2297 3235 2395 3267 ma·

386 3287 503 3356 primi
537 3285 634 3334 fieri
669 3285 877 3351 cupiunt,
912 3280 1193 3349 rejiciuntur,
1227 3287 1335 3353 quia
1357 3286 1421 3337 est
1438 3298 1595 3333 contra
1618 3287 1847 3337 effentiam
1871 3288 1921 3337 ὅτ
1944 3288 2087 3336 vitam
2111 3287 2396 3403 amorislcgis

1451 3353 1498 3400 O
1525 3367 1554 3401 ο
1577 3368 1607 3402 o
2298 3368 2316 3399 e
2360 3352 2369 3361 ‘
