2788 3736
579 200 955 267 CAPUT
1004 197 1556 263 DECIMUM
1605 196 2136 285 QUINTUM.
2252 201 2379 261 601

370 340 598 396 universo,
645 339 840 405 proinde
886 355 985 386 non
1025 348 1078 385 ut
1115 336 1344 383 maximus
1379 335 1506 382 fieret
1555 333 1601 380 in
1643 334 1782 389 coelO,
1842 350 1949 381 nam
1986 333 2075 381 hoc
2109 336 2386 384 contrarium

370 408 435 456 est
484 403 657 456 Amori
712 408 906 462 Divino,
975 406 1058 452 vix
1115 416 1169 452 ut
1243 403 1481 456 minimus,
1551 400 1695 447 modo
1746 417 1905 448 omnes
1958 402 2033 448 alii
2089 401 2249 450 fierent
2305 404 2382 450 ali-

369 474 482 538 quid
509 476 556 522 &
592 473 901 528 salvarentur,
937 484 990 519 ut
1027 486 1213 535 quoque
1236 467 1335 533 Ipse
1377 467 1506 522 dicit,
1541 466 1664 531 apud
1698 467 1932 525 Marcum,
1973 472 2006 495 ‘⁴
2030 470 2261 516 Dixerunt
2290 469 2394 516 duo*

370 545 405 570 “
442 540 658 588 Zebedaei
681 541 780 598 filii,
818 539 876 586 da
898 538 1046 594 nobis,
1082 550 1135 584 ut
1157 551 1276 583 unus
1294 539 1324 582 'e
1347 534 1517 587 dextris
1543 533 1649 588 tuis,
1676 532 1725 579 δε
1749 533 1859 580 alter
1880 551 1906 580 a
1929 534 2108 582 finistris
2133 538 2221 583 tuis
2239 537 2383 584 sedea-

369 612 405 634 “
441 622 543 654 mus
567 609 614 654 in
639 607 783 670 gloria
806 618 913 652 tua:
951 604 1079 666 Jesus
1113 604 1251 658 dixit,
1287 600 1490 664 quisquis
1529 599 1726 646 voluerit
1765 600 1848 646 effe
1890 617 2085 664 magnus
2126 604 2240 649 inter
2280 619 2381 661 vos,

346 680 405 726 .‘?
439 676 523 721 erit
563 674 762 722 minister
799 671 974 726 vester;
1011 671 1061 718 ὅτ
1101 665 1364 734 quicunque
1387 668 1583 715 voluerit
1606 665 1806 712 vestrum
1835 667 1917 713 effe
1940 669 2135 730 primuS,
2172 672 2256 717 erit
2278 687 2381 717 om-

369 745 402 768 “
440 737 569 788 nium
594 740 766 796 servus;
799 754 905 786 nam
930 739 1066 785 etiam
1090 736 1232 785 Filius
1255 735 1480 784 Hominis
1503 750 1596 782 non
1619 734 1746 780 v‘enit
1784 745 1837 780 ut
1871 734 2146 782 ministretur
2162 737 2267 799 Ips1,
2306 737 2384 785 sed

370 801 419 836 ‘s
441 820 492 855 ut
539 807 774 863 ministret,
827 806 878 853 ὅτ
924 804 1002 851 det
1047 805 1246 851 animam
1291 801 1417 849 suam
1464 802 1664 866 pretium
1713 800 2038 864 redemptionis
2062 818 2147 866 pro
2171 803 2381 860 multis,”

310 928 314 931 .
367 875 428 922 x':
458 891 536 940 37,
573 890 656 934 44,
691 890 771 936 45.
808 872 882 919 hic
901 887 1045 930 amor,
1082 870 1156 918 seu
1186 870 1285 918 haec
1310 868 1422 916 fides
1449 868 1528 925 est,
1566 884 1623 916 ex
1646 883 1736 931 qua
1758 869 1986 931 pugnavit
1999 870 2247 926 Dominus,
2274 888 2379 934 quae

366 942 636 1005 intelligitur
661 939 733 987 hic
757 955 837 1004 per
861 939 1039 986 credere
1070 939 1115 984 in
1141 934 1381 998 Jehov'am.

438 1026 453 1056 ι
467 1012 574 1071 813.
613 1006 764 1072 Qod·
783 1007 1028 1069 imputavit
1050 1003 1164 1051 illud
1182 1003 1264 1067 ipfi
1281 1004 1327 1068 in
1342 1000 1582 1067 justitiam,
1607 1001 1832 1066 significet
1844 1002 1970 1066 quod
1985 1003 2216 1051 Dominus
2239 1004 2378 1065 Justi-

367 1076 431 1122 tia
447 1075 497 1130 in
522 1074 609 1121 hoc
629 1075 833 1136 primum
859 1071 1017 1133 factus,
1054 1069 1253 1120 constare
1268 1085 1453 1133 quoque
1469 1068 1615 1132 potest
1644 1084 1702 1120 ex
1720 1068 1825 1116 serie
1850 1082 2000 1116 rerum
2026 1071 2071 1116 in
2096 1069 2217 1117 sensu
2243 1074 2378 1119 inter·-

369 1157 447 1197 no,
484 1142 529 1188 in
550 1156 644 1204 quo
662 1140 718 1186 de
736 1139 944 1186 Domino
962 1138 1112 1202 agitur
1131 1156 1141 1184 :
1177 1137 1303 1200 quod
1327 1137 1567 1183 Dominus
1585 1135 1718 1201 Solus
1736 1136 1916 1196 Justitia
1938 1133 2082 1184 fac‘tus
2096 1154 2182 1201 pro
2200 1141 2379 1185 univer·

370 1207 416 1254 so
439 1213 601 1270 genere
625 1206 840 1263 humano,
877 1204 1074 1251 constare
1111 1204 1260 1266 potest
1295 1219 1352 1249 ex
1383 1202 1479 1259 illo,
1515 1202 1642 1266 quod
1666 1201 1763 1265 Ipse
1787 1202 1917 1249 Solus
1957 1206 2183 1267 pugnavit
2214 1221 2270 1252 ex
2291 1206 2378 1252 Di-

314 1289 319 1294 ·
367 1274 479 1320 vino
490 1274 685 1329 Amore,
712 1287 875 1335 nempe
902 1287 958 1318 ex
977 1273 1155 1318 Amore
1179 1271 1285 1333 erga
1299 1267 1559 1316 universum
1576 1284 1720 1332 genus
1744 1267 2017 1326 humanum,
2044 1268 2170 1334 cujus
2194 1270 2380 1320 salutem

369 1341 416 1387 in
442 1340 611 1404 pugnis
634 1337 722 1386 suis
745 1341 877 1385 unice
901 1337 1183 1392 desideravit,
1220 1339 1269 1384 &
1303 1337 1525 1400 flagravit.
1586 1336 1829 1382 Dominus
1853 1352 1945 1382 non
1967 1349 2096 1384 natus
2120 1338 2183 1385 est
2198 1338 2380 1400 Justitia

369 1407 522 1469 quoad
546 1403 818 1453 Humanam
844 1404 1107 1467 Ess'emiam,
1144 1402 1217 1449 sed
1243 1400 1385 1449 faetus
1410 1401 1474 1449 est
1493 1401 1674 1464 Justitia
1696 1417 1776 1465 per
1798 1418 1977 1466 pugnas
2000 1406 2302 1452 tentationum
2327 1407 2378 1455 ὅτ

366 1469 596 1530 victorias,
621 1473 670 1520 δε
694 1471 783 1519 hoc
800 1487 855 1518 ex
878 1471 1061 1534 propria
1071 1469 1304 1535 potentia·,
1333 1469 1582 1533 &quoties
1599 1470 1826 1533 pugnavit
1848 1470 1902 1535 &³
1915 1470 2042 1527 vicit,
2079 1471 2168 1535 Ipfi
2186 1471 2272 1519 hoc
2291 1474 2382 1519 im-

367 1535 586 1603 putatum
604 1537 668 1586 est
690 1539 735 1585 in
751 1536 992 1599 justitiam,
1011 1537 1098 1583 hoc
1122 1535 1202 1593 est,
1228 1536 1439 1582 additum
1459 1533 1686 1601 Justitiae,
1701 1538 1816 1598 ‚quae
1831 1534 1974 1593 fieret,
2011 1538 2223 1585 continue
2241 1551 2292 1585 ut
2310 1541 2378 1587 in-

368 1617 672 1662 crementum,
710 1603 847 1668 usque
874 1604 988 1650 dum
1013 1619 1125 1666 pura
1147 1601 1331 1663 Justitia
1351 1599 1535 1648 faetus*
1577 1602 1748 1648 Homo
1776 1603 1856 1665 qui
1880 1619 1905 1650 a
1926 1615 2051 1666 patre
2075 1600 2277 1666 homine,
2302 1606 2375 1654 seu

367 1671 583 1730 a‚semine
599 1671 798 1719 hominis
821 1672 962 1735 patris
986 1668 1192 1726 nascitur,
1228 1667 1448 1732 nusquam
1471 1683 1527 1715 ex
1549 1667 1637 1714 alio
1660 1682 1814 1715 amore
1837 1684 2040 1732 pugnare
2063 1672 2227 1734 potest,
2261 1673 2378 1720 dum

365 1754 423 1786 ex
446 1738 504 1796 se,
540 1755 682 1802 quam
705 1753 762 1784 ex
784 1753 937 1785 amore
973 1735 1038 1784 sui
1063 1737 1112 1784 &
1137 1735 1318 1792 mundi,
1354 1736 1416 1782 ita
1447 1751 1556 1782 non‘
1572 1750 1628 1783 ex
1662 1750 1814 1782 amore
1838 1735 2029 1793 coelesti,
2066 1736 2138 1784 sed
2161 1755 2218 1785 ex
2242 1738 2377 1787 infer-

368 1804 475 1862 nali,
512 1821 619 1852 nam
641 1805 879 1869 proprium
906 1801 1003 1868 ejus
1043 1818 1070 1849 a
1091 1815 1233 1867 patre,
1258 1813 1426 1866 praeter
1446 1803 1687 1865 proprium
1711 1817 1736 1848 a
1759 1801 1800 1848 se
1823 1801 2054 1850 a&ualiter
2085 1805 2375 1868 acquisitum,

368 1867 458 1933 tale
481 1871 574 1928 est,
610 1887 746 1936 quare
770 1871 851 1935 qui
874 1882 1004 1935 putat
1026 1885 1083 1917 ex
1106 1869 1147 1917 se
1178 1884 1382 1934 pugnare
1422 1866 1579 1916 contra
1603 1867 1857 1926 diabolum,
1894 1870 2139 1917 enormiter
2172 1869 2342 1919 fallitur
2362 1896 2375 1928 ;

368 1937 571 1985 similiter
593 1939 676 2002 qui
700 1937 741 1985 se
756 1935 933 2002 justum
958 1935 1101 1984 facere
1124 1930 1226 1984 vul’t
1249 1932 1657 2000 propriis‘viribus,
1693 1935 1781 1982 hoc
1797 1935 1876 2004 est,
1898 1936 2235 2001 'credere-quod
2260 1939 2378 1988 bona

369 2004 594 2052 charitatis
623 2005 797 2052 &vera
818 2004 925 2051 fidei
949 2004 1035 2051 sint
1066 2019 1123 2051 ex
1145 2002 1302 2060 semet,
1337 2002 1660 2067 consequenter
1692 2018 1773 2067 per
1812 2002 1889 2049 illa
1919 2005 2078 2052 mereri
2109 2005 2301 2063 coelum,
2340 2010 2377 2054 is

370 2084 528 2119 contra
556 2071 730 2120 bonum
754 2071 805 2119 ὅτ
830 2087 995 2118 verum
1019 2070 1126 2118 fidei
1158 2071 1254 2134 agit
1278 2071 1327 2118 &
1353 2071 1539 2133 cogitat,
1575 2085 1682 2116 nam
1705 2085 1868 2116 verum
1893 2070 2018 2127 fidei,
2054 2072 2141 2118 hoc
2165 2071 2243 2129 est,
2285 2073 2377 2137 ipsa

369 2138 533 2198 veritas
557 2136 637 2194 est,
673 2138 800 2201 quod
823 2138 1056 2185 Dominus
1078 2148 1255 2200 pugnet
1276 2158 1290 2192 ;
1326 2137 1386 2183 fic
1409 2140 1517 2200 quia
1538 2147 1695 2199 contra
1718 2151 1878 2183 verum
1920 2137 2028 2184 fidei
2052 2151 2163 2186 tunc
2198 2142 2292 2203 agit
2326 2141 2376 2188 δε

370 2206 557 2267 cogitat,
591 2205 804 2253 Domino
826 2203 1017 2267 derogat
1040 2205 1168 2267 quod
1191 2203 1336 2267 Ipsius
1358 2202 1437 2260 est,
1474 2203 1524 2251 &
1547 2203 1673 2267 quod
1691 2203 1889 2251 Domini
1908 2203 1972 2250 est
1995 2203 2124 2251 suum
2151 2203 2272 2263 facit,
2300 2221 2377 2254 aut

369 2270 498 2333 quod
520 2269 642 2316 idem
666 2269 746 2326 est,
770 2269 910 2318 semet
931 2271 1035 2318 loco
1046 2262 1242 2318 Domini
1265 2269 1504 2327 substituit,
1542 2271 1602 2317 ita
1625 2270 1672 2316 id
1697 2269 1818 2335 apud
1843 2269 1884 2316 se
1901 2270 2028 2333 quod
2052 2269 2262 2319 infernale
2279 2273 2373 2330 est3

370 2336 476 2383 inde
498 2334 578 2393 est,
623 2336 751 2399 quod
768 2336 912 2384 velint
937 2339 1092 2402 magni
1116 2336 1190 2384 seu
1213 2338 1405 2384 maximi
1428 2337 1526 2384 fieri
1550 2337 1595 2384 in
1614 2336 1738 2384 coelo
1759 2359 1772 2392 ;
1810 2337 1860 2383 ὅτ
1884 2337 1989 2384 inde
2005 2337 2084 2394 est,
2120 2340 2248 2402 quod
2274 2338 2378 2388 false

371 2403 570 2459 credant,
606 2402 735 2466 quod
757 2403 991 2450 Dominus
1026 2405 1299 2466 pugnaverit
1322 2415 1481 2452 contra
1519 2401 1705 2460 inferna,
1743 2414 1797 2450 ut
1836 2405 2066 2451 maximus
2089 2406 2225 2462 esset,
2268 2423 2375 2469 pro-

370 2470 526 2533 prium
567 2468 822 2517 humanum
854 2468 1005 2516 secum
1028 2469 1162 2516 habet
1185 2470 1293 2516 tales
1317 2469 1601 2533 phantasias„
1617 2486 1723 2533 quae
1746 2483 1966 2533 apparent
1989 2483 2204 2535 tanquam
2228 2471 2376 2521 forent

369 2538 598 2592 veritate3‚
634 2533 709 2583 sed
731 2535 911 2599 prorsus
934 2536 1212 2599 contrarium
1235 2534 1318 2582 est.v
1384 2536 1531 2599 Qod
1554 2537 1786 2582 Dominus
1823 2537 1871 2582 in
1909 2538 2137 2585 mundum
2185 2541 2375 2597 venerit,

348 2652 349 2655 ,
369 2615 423 2650 ut
445 2602 571 2650 fieret
589 2602 786 2663 Justitia,
822 2602 873 2650 ὅτ
895 2602 1024 2666 quod
1048 2601 1102 2649 fit
1123 2602 1256 2649 Solus
1280 2601 1475 2662 Justitia‚
1510 2603 1644 2649 etiam
1668 2617 1694 2648 a
1710 2601 1948 2665 Prophetis
1971 2603 2243 2666 praedietum
2278 2604 2372 2662 est;

369 2668 433 2718 ita
455 2669 542 2717 hoc
566 2680 730 2716 notum
755 2669 908 2733 potuit
945 2668 1029 2716 effe
1063 2679 1165 2716 ante
1188 2668 1438 2715 adventum
1463 2667 1604 2731 Ipsius
1626 2690 1639 2724 3
1675 2679 1778 2715 tum
1802 2668 1924 2731 quod
1942 2669 2067 2716 aliter
2081 2670 2261 2732 Justitia
2284 2688 2377 2720 non

360 2731 466 2799 fieri
490 2737 705 2800 potuerit,
741 2751 880 2800 quam
914 2750 995 2798 per
1010 2736 1304 2782 Tentationes
1329 2736 1377 2782 ὅτ
1402 2734 1632 2795 ἲῙίξὶοιήεις)>
1651 2733 1780 2798 super
1802 2736 1955 2783 omnia
1978 2736 2114 2792 mala,
2150 2737 2200 2784 ὅτ
2224 2740 2378 2786 omnia

372 2800 577 2858 inferna3
629 2814 683 2849 ut
718 2802 841 2865 apud
865 2803 1129 2863 Jeremiam,
1169 2806 1203 2828 “
1227 2801 1281 2848 In
1318 2800 1476 2848 diebus
1500 2800 1643 2865 Ipfius
1682 2800 1924 2848 salvabitur
1947 2802 2139 2863 Jehuda,
2175 2806 2224 2852 δι
2249 2804 2378 2853 Israel

374 2873 409 2896 ‘⁶
444 2867 660 2916 habitabit
683 2868 984 2926 confidenter,
1019 2869 1070 2916 δε
1094 2868 1181 2916 hoc
1205 2884 1347 2915 nomen
1369 2867 1518 2929 Ipsius,
1555 2866 1662 2932 quod
1681 2867 1954 2929 appellabunt
1977 2870 2134 2933 Ipsum,
2171 2872 2378 2934 Jehovah

357 2934 410 2962 ’“
444 2933 627 2996 Justitia
650 2935 838 2992 nostra,”
886 2950 1016 2983 xx111
1040 2953 1050 2982 :
1078 2933 1122 2982 6.
1161 2934 1281 2998 apud
1305 2934 1539 2990 Eundem,
1579 2939 1613 2961 ‘⁶
1638 2935 1691 2981 In
1709 2933 1867 2981 diebus
1890 2934 1992 2991 illis,
2027 2936 2078 2983 δε
2102 2936 2149 2982 in
2173 2951 2377 3001 tempore

362 2995 410 3029 '“
445 2999 540 3055 illo,
577 3002 829 3063 germinare
863 2999 1026 3049 faciam
1043 3000 1219 3048 Davidi'
1242 3002 1420 3048 Germen
1442 3000 1648 3064 Justitiae,
1685 3001 1735 3047 δε
1768 2998 1902 3048 faciet
1917 2999 2147 3065 judicium
2173 3005 2223 3050 &
2240 3005 2377 3066 Justi-

310 3079 313 3081 ’
363 3073 408 3095 ·“
443 3067 552 3114 tiam
584 3067 631 3112 in
670 3077 812 3120 terra:
855 3067 903 3113 in
927 3067 1087 3115 diebus
1125 3067 1214 3115 illis
1229 3066 1478 3115 salvabitur
1502 3067 1698 3128 Jehuda,
1734 3068 1783 3114 &
1806 3066 2130 3131 Hierosolyma
2163 3069 2380 3118 habitabit

373 3138 409 3161 “
443 3132 758 3187 confidentem
815 3132 894 3179 hoc
919 3135 1074 3180 'autem
1107 3134 1218 3199 quod
1248 3134 1523 3196 appellabunt
1565 3133 1705 3190 Illum,
1742 3135 1946 3198 Jehovah
1969 3135 2152 3197 Justitia
2190 3135 2378 3195 nostra,”

372 3214 571 3247 xxxnr:
606 3215 680 3262 15,
714 3198 784 3247 16.
822 3190 946 3262 apud
975 3198 1170 3257 Esaiam,
1210 3205 1244 3229 “
1267 3200 1502 3313 {iidilnhsslc
1528 3216 1620 3249 non
1651 3202 1738 3259 vir,
1774 3203 1822 3250 &
1854 3200 2102 3265 obstupuit,
2138 3201 2262 3276 quod
2287 3219 2376 3250 non

848 3285 852 3287 ’
1309 3284 1311 3286 V
1485 3285 1500 3314 'l
2245 3282 2372 3315 mter·
