2788 3736
395 254 563 341 ,386
742 210 1946 315 ‘'GENESIS.

429 389 560 437 nium
590 387 820 436 ritualium
857 383 1007 433 cultus
1028 383 1237 441 externi;
1272 382 1306 431 si
1346 399 1439 431 non
1463 381 1739 437 charitatem
1777 383 1957 444 habent,
1993 386 2094 436 sunt
2129 388 2212 438 filii
2237 389 2434 448 Chami3
2508 404 2509 408 ¹

426 446 552 520 quod
573 454 678 502 tales
694 453 794 508 sint,
819 452 901 516 qui
916 463 1140 500 vocantur
1159 450 1243 498 filii
1257 450 1440 508 Chami,
1465 449 1644 499 constat
1663 465 1720 497 ex
1741 450 1972 513 gentibus,
1997 453 2055 501 de
2077 455 2243 518 quibus
2265 473 2402 506 nunc.

469 566 474 570 ,
506 539 521 569 1
539 523 643 582 163.
684 518 828 579 Qiod
855 517 1025 576 Kusch,
1060 518 1299 574 Mizraim,
1335 516 1476 574 Puth,
1511 517 1562 564 ὅτ
1602 517 1797 574 Canaan,
1833 514 2002 565 fuerint
2036 521 2231 570 totidem
2262 537 2438 588 gentes,

432 603 512 651 per
535 602 647 649 quas
671 586 717 632 in
742 583 865 632 s'ensu
901 586 1078 632 interno
1099 584 1409 647 significantur
1447 584 1748 646 cognitioneS‚
1787 581 2001 641 scientiae,
2036 585 2086 633 &
2109 586 2299 646 ritualia,
2332 607 2439 654 quae

434 653 534 701 funt
557 652 665 699 fidei
695 651 905 715 separatae
927 668 953 699 a
975 651 1202 708 charitate,
1238 650 1436 698 constare
1471 649 1618 714 potest
1654 665 1712 697 ex
1733 649 1907 706 Verb0,
1943 649 2022 697 ubi
2046 651 2217 702 Gentes
2247 655 2321 712 hae
2343 659 2438 722 pas·'

436 719 520 765 sim
546 719 854 775 nominantur,
894 717 958 764 ibi
990 718 1113 764 enim
1149 733 1230 780 per
1256 734 1327 764 eas
1365 716 1674 780 significantur
1709 715 1844 772 talia;
1880 731 2048 780 nempe
2079 733 2160 781 per
2182 720 2334 770 Kusch
2365 724 2437 773 seu

438 785 721 848 AEthiopiam
746 786 1029 847 cognitiones
1053 785 1280 830 interiores
1303 784 1463 841 Verbi,
1500 798 1580 846 per
1618 799 1730 847 quas
1758 781 2032 843 confirmant
2054 786 2274 850 principia
2306 786 2443 848 falsa;

436 866 517 914 per
542 852 758 898 Mizraim
789 850 865 908 seu
888 851 1170 914 AEgyptum,
1207 849 1400 897 scientiae
1442 849 1515 896 seu
1544 851 1666 897 varia
1689 848 1943 906 scientifica,
1979 866 2062 913 per
2083 866 2190 916 quae
2212 853 2442 917 explorare

439 916 606 964 volunt
627 933 781 966 arcana
803 916 929 973 fidei,
964 919 1014 964 ὅτ
1036 917 1256 980 principia
1278 915 1374 964 falfi
1407 916 1512 963 inde
1535 916 1806 964 confirmant
1826 938 1840 971 3
1874 932 1955 979 per
1975 917 2099 965 Puth
2122 917 2194 966 seu
2226 919 2443 983 Lybiam‚
2471 962 2473 965 .

404 1019 408 1022 .
440 983 724 1046 cognitiones
740 999 796 1030 ex
820 981 942 1030 sensu
966 983 1122 1031 literali
1138 983 1295 1040 Verbi,
1321 991 1400 1047 per
1422 999 1532 1046 quas
1555 983 1757 1030 similiter
1777 983 1998 1046 principia
2019 981 2122 1032 falsa
2141 986 2444 1049 confirmant5

441 1065 523 1111 per
555 1051 733 1097 Canaan
757 1049 829 1096 seu
853 1051 1113 1097 Canaanitas
1147 1049 1455 1112 significantur
1479 1049 1651 1096 ritualia
1672 1048 1745 1095 seu
1783 1050 1953 1096 externi
1990 1049 2140 1099 cultus
2186 1050 2368 1117 separati
2391 1056 2449 1106 ab
2487 1060 2495 1070 '

443 1117 619 1164 interno
639 1139 653 1172 ς
690 1117 844 1163 omnia
866 1116 965 1162 haec
990 1132 1100 1165 cum
1124 1115 1314 1179 separata
1336 1114 1438 1162 sunt
1463 1130 1487 1161 a
1509 1114 1734 1172 charitate,
1770 1127 1991 1161 vocantur
2012 1116 2093 1163 filii
2112 1118 2289 1167 Chami.
2360 1123 2449 1171 Per

440 1181 615 1229 easdem
651 1194 805 1245 gentes
840 1182 1149 1244 significantur
1190 1183 1328 1228 etiam
1374 1180 1635 1244 simpliciter
1670 1181 1969 1243 Cognitiones
2003 1181 2055 1230 ὅτ
2094 1184 2322 1244 Scientiae,
2369 1203 2451 1252 per

439 1240 594 1310 Kusch
617 1248 914 1310 Cognitiones
937 1247 1165 1294 interiores
1189 1246 1344 1302 Verbi,
1379 1262 1460 1309 per
1475 1247 1742 1310 AEgyptum
1764 1247 1992 1304 Scientiae,
2024 1263 2108 1312 per
2129 1250 2254 1298 Puth
2274 1254 2451 1317 Cogni-

440 1314 586 1361 tiones
614 1329 670 1361 ex
693 1312 816 1361 sensu
849 1313 1006 1374 literali
1029 1312 1171 1360 Verbi
1191 1335 1206 1368 0,
1242 1329 1350 1376 quae
1375 1311 1501 1360 causa
1523 1312 1603 1369 est,
1639 1312 1765 1374 quod
1788 1313 1835 1359 in
1869 1324 2061 1377 utroque
2085 1313 2208 1364 sensu
2229 1320 2450 1383 accipian-

441 1390 534 1437 tur,
570 1392 663 1428 tam
689 1381 737 1439 in
760 1379 881 1427 malo
901 1396 1039 1443 quam
1064 1381 1110 1427 in
1135 1379 1273 1436 bono,
1309 1390 1362 1426 ut
1394 1377 1594 1426 constare
1629 1377 1774 1442 potest
1797 1395 1822 1426 a
1845 1378 2129 1442 sequentibus
2152 1381 2278 1432 locis.

518 1463 534 1492 1
554 1447 657 1507 164.
695 1446 840 1511 Qod
873 1461 955 1509 per
976 1445 1133 1494 Kusch
1164 1444 1237 1493 seu
1257 1445 1543 1509 AEthiopiam
1567 1444 1875 1508 fignificentur
1899 1446 2197 1509 Cognitiones
2221 1450 2450 1501 interiores

443 1511 603 1569 Verbi,
629 1528 709 1576 per
730 1529 839 1576 quas
863 1512 1136 1561 confirmant
1158 1513 1380 1576 principia
1401 1509 1521 1568 falsa,
1545 1510 1717 1559 constat
1738 1511 1861 1576 apud
1878 1509 2141 1572 Jererhiam,
2178 1519 2214 1542 ‘⁶
2236 1519 2453 1580 AEgyptus

446 1582 481 1604 ‘⁴
515 1577 629 1625 ficut
673 1579 847 1625 flumen
894 1577 1106 1635 ascendit,
1164 1580 1214 1625 &
1255 1578 1368 1625 ficut
1402 1579 1591 1630 flumina
1620 1589 1972 1626 commoventur
2009 1594 2159 1642 aquae,
2217 1582 2268 1630 ὅτ
2314 1584 2449 1643 dixit,

446 1647 482 1670 “
515 1643 764 1700 ascendam,
801 1636 1014 1708 obtegam
1041 1648 1222 1700 terram,
1258 1643 1447 1707 perdam
1481 1643 1729 1700 civitatem,
1764 1643 1814 1690 ὅτ
1838 1642 2084 1692 habitantes
2115 1647 2162 1693 in
2184 1663 2268 1704 ea;
2303 1649 2451 1698 ascen-

444 1714 479 1736 “
514 1709 606 1757 dite
643 1712 763 1774 equi,
799 1711 849 1758 ὅτ
871 1709 1052 1757 insanite
1075 1725 1248 1767 currus,
1283 1710 1333 1756 ὅτ
1365 1709 1653 1772 egrediantur
1691 1707 1828 1756 fortes
1851 1709 1991 1772 Kusch
2028 1710 2080 1758 ὅτ
2111 1713 2254 1771 Puth,
2292 1731 2451 1779 appre-

444 1780 478 1803 “
513 1776 755 1824 hendentes
778 1774 1007 1834 scutum,”
1042 1792 1159 1823 xrvi
1183 1793 1193 1822 :
1221 1780 1263 1825 8.
1299 1775 1374 1824 hic
1390 1776 1628 1840 AEgyptus
1652 1791 1737 1839 pro
1760 1775 1813 1822 iis
1835 1776 1916 1839 qui
1939 1775 2050 1823 nihil
2073 1777 2264 1827 credunt
2285 1781 2369 1829 nisi
2392 1798 2449 1831 ex

441 1840 699 1903 scient-ificis
740 1841 814 1889 illa
839 1841 1041 1907 capiant,
1086 1842 1190 1889 inde
1228 1843 1382 1889 omnia
1421 1841 1686 1899 dubitativa,
1722 1842 1932 1904 negativa
1968 1842 2019 1890 ὅτ
2055 1840 2174 1900 falsa,
2220 1847 2348 1909 quod
2386 1847 2452 1896 est

441 1907 689 1966 ascendere,
726 1909 939 1973 obtegere
962 1922 1144 1965 terram,
1181 1910 1229 1956 ὅτ
1256 1909 1441 1972 perdere
1464 1909 1728 1957 civitatem:
1765 1907 1918 1956 Kusch
1942 1907 2022 1965 ibi,
2045 1925 2144 1973 ,pro
2179 1913 2455 1974 cognitioni-

442 1972 526 2020 bus
559 1975 946 2023 universalioribus
978 1977 1026 2022 ὅτ
1066 1975 1349 2022 interioribus
1371 1974 1530 2031 Verbi,
1567 1974 1732 2038 quibus
1763 1986 1894 2039 capta
1923 1975 2145 2038 principia
2166 1974 2261 2024 falfi
2284 1979 2453 2027 confir·

446 2053 573 2087 mant
595 2063 608 2097 ·,
644 2041 765 2088 Puth
791 2055 876 2105 pro
898 2041 1236 2104 cognitionibus
1258 2057 1315 2088 ex
1348 2040 1470 2088 sensu
1493 2040 1650 2088 literali
1674 2039 1815 2088 Verbi
1837 2046 1943 2103 quae
1966 2040 2068 2087 sunt
2089 2039 2335 2091 secundum
2357 2043 2451 2092 sen-

446 2104 577 2152 suum
619 2108 921 2170 apparentias:
970 2107 1090 2170 apud
1127 2106 1436 2164 Ezechielem,
1473 2112 1509 2140 “
1530 2107 1696 2154 Veniet
1730 2106 1908 2169 gladius
1937 2106 1983 2153 in
2001 2108 2252 2170 AEgyptum‚
2286 2109 2337 2156 ὅτ
2373 2115 2457 2160 erit

449 2176 490 2200 “⁵
519 2172 649 2219 dolor
673 2175 718 2219 in
742 2173 899 2237 Kusch,
935 2190 1044 2220 curn
1069 2173 1197 2221 cadet
1220 2171 1445 2220 confossus
1478 2174 1525 2220 in
1548 2175 1754 2234 AEgyptO,
1790 2173 1841 2220 ὅτ
1864 2173 2086 2235 accipient
2123 2173 2307 2221 turbam
2333 2174 2451 2238 ejus,

448 2242 481 2264 “
518 2239 567 2284 ὅτ
594 2238 873 2286 destruentur
895 2237 1190 2286 fundamenta
1214 2237 1325 2302 ejus,
1362 2239 1502 2301 Kusch
1539 2239 1590 2285 ὅτ
1613 2237 1753 2294 Puth,
1789 2239 1839 2284 ὅτ
1872 2237 2000 2294 Lud,
2036 2238 2088 2285 ὅτ
2127 2250 2222 2302 tota
2245 2241 2367 2289 Ereb
2400 2244 2450 2290 ὅτ

447 2307 481 2330 “
515 2304 641 2360 Kub,
678 2306 727 2352 ὅτ
752 2305 832 2352 filii
856 2318 986 2352 terrae
1010 2304 1194 2352 foederis
1217 2320 1324 2352 cum
1352 2305 1405 2350 iis
1428 2304 1585 2367 gladio
1606 2303 1818 2358 cadent‚”
1852 2319 1973 2351 xxx:
2000 2321 2049 2364 4,
2078 2320 2124 2366 5,
2152 2302 2201 2352 6,·
2232 2305 2331 2353 baec
2352 2309 2454 2356 nus-

443 2384 581 2432 quam
605 2371 765 2434 aliquis
788 2370 930 2427 sciret,
966 2371 1080 2433 quid
1103 2371 1222 2427 effet,
1257 2369 1337 2416 n-ifi
1365 2386 1422 2416 ex
1462 2369 1584 2416 sensu
1617 2371 1812 2424 intern03
1846 2369 1896 2416 ὅτ
1920 2369 1998 2416 nisi
2025 2371 2212 2418 nomina
2233 2372 2455 2436 significa—

445 2447 543 2482 rent
565 2451 647 2493 res,
684 2453 822 2500 poene
843 2436 994 2483 nullus
1016 2435 1159 2483 sensus
1183 2434 1299 2483 foret
1319 2458 1333 2491 ;
1370 2434 1443 2482 sed
1482 2436 1556 2483 hic
1581 2451 1661 2498 per
1684 2436 1952 2499 AEgyptum
1985 2435 2294 2499 fignificantur
2316 2438 2453 2488 scien-

446 2502 540 2557 tiae,
576 2519 658 2565 per
685 2519 794 2565 quas
818 2503 978 2549 intrare
1002 2502 1167 2549 volunt
1192 2503 1237 2548 in
1273 2501 1480 2565 mysteria
1514 2502 1622 2548 fidei
1645 2523 1660 2557 ·,
1696 2502 1851 2548 Kusch
1876 2502 1926 2548 ὅτ
1950 2502 2075 2549 Puth
2106 2516 2328 2551 vocantur
2349 2504 2455 2552 fun·

446 2567 654 2615 (lamenta
677 2567 786 2634 ejus,
822 2570 929 2632 quia
960 2568 1062 2615 sunt
1097 2569 1379 2632 cognitiones
1401 2584 1458 2615 ex
1485 2567 1642 2615 Verbo
1665 2585 1676 2614 :
1713 2567 1834 2630 apud
1858 2567 2092 2624 Eundem,
2130 2574 2164 2595 “
2197 2569 2252 2616 In
2273 2570 2348 2618 die
2375 2571 2457 2618 illo

448 2638 482 2659 ‘⁶
517 2634 704 2681 exibunt
729 2636 873 2682 nuntii
910 2652 935 2681 a
955 2651 1126 2682 :coram
1152 2636 1237 2682 Me
1268 2636 1314 2680 in
1348 2634 1537 2681 navibus
1569 2634 1627 2681 ad
1662 2633 1922 2689 terrendum
1946 2634 2088 2696 Kusch
2126 2633 2451 2693 confidentem,

448 2704 480 2725 “
517 2700 565 2746 ὅτ
595 2702 677 2747 erit
701 2701 834 2748 dolor
867 2703 913 2748 in
938 2702 990 2747 iis
1016 2700 1146 2765 juxta
1170 2701 1292 2748 diem
1307 2702 1541 2763 AEgypti‚''
1575 2714 1700 2747 xxx:
1729 2718 1773 2764 9.
1810 2699 1965 2746 Kusch
1994 2714 2081 2761 pro
2120 2700 2456 2762 cognitionibus

444 2781 501 2810 ex
524 2767 678 2813 Verbo
702 2767 1074 2825 confirmantibus
1104 2766 1208 2814 falsa
1240 2784 1297 2814 ex
1321 2765 1572 2819 scientificis
1602 2764 1806 2812 exclusa:
1843 2764 1964 2826 apud
1987 2763 2224 2821 Eundem,
2260 2770 2296 2793 “
2318 2768 2454 2816 Dabo

448 2835 480 2854 “
517 2843 679 2878 terram
705 2836 887 2895 AEgypti
910 2834 956 2882 in
980 2834 1218 2889 vastitates,
1254 2832 1508 2881 vastitatem
1537 2829 1816 2878 desolationis
1841 2845 1866 2875 a
1888 2829 1999 2874 turri
2021 2829 2207 2886 Sevene,
2243 2831 2294 2878 ὅτ
2317 2833 2457 2897 usque

446 2900 482 2959 *ξ
515 2897 571 2942 ad
611 2901 858 2945 terminum
883 2900 1074 2961 Kusch,”
1109 2914 1255 2946 xxxx:
1289 2916 1361 2946 10.
1399 2898 1462 2954 ibi
1484 2898 1721 2959 AEgyptus
1765 2910 1851 2957 pro
1889 2892 2155 2951 scientificiS,
2191 2896 2347 2946 Kusch
2369 2916 2458 2963 pro

443 2963 780 3024 cognitionibus
799 2965 1064 3011 interiorum
1091 2964 1250 3019 Verbi,
1285 2979 1391 3025 quae
1415 2962 1517 3008 sunt
1539 2960 1737 3016 termini,
1773 2959 2010 3023 quousque
2032 2961 2208 3023 vadunt
2233 2961 2454 3014 scientiae:

440 3028 563 3088 apud
587 3026 780 3084 Esaiam,
836 3033 870 3055 “
905 3031 1058 3076 Ducet
1097 3044 1175 3075 rex
1216 3028 1433 3074 Aschuris
1466 3026 1775 3088 caPtivitatem
1809 3027 2010 3087 AEgypti,
2057 3026 2456 3092 &captivitatem
2515 3044 2519 3047 ’

443 3098 476 3118 “
511 3094 684 3155 Kuschi,
721 3110 883 3156 pueros
907 3095 956 3140 ὅτ
981 3094 1119 3150 senes,
1156 3093 1335 3140 nudum
1361 3094 1410 3138 ὅτ
1446 3090 1775 3147 discalceatum,
1811 3091 1861 3136 &
1899 3092 2098 3138 detectos
2123 3106 2241 3150 nate,
2275 3095 2456 3145 nudita-

441 3164 474 3187 “
511 3171 607 3206 tem
629 3160 846 3222 AEgypti,
883 3159 932 3206 ὅτ
957 3158 1359 3206 consternabuntur
1381 3158 1431 3204 &
1461 3156 1717 3204 erubescent
1737 3156 1798 3203 ob
1821 3158 2033 3220 Kuschum
2056 3157 2180 3220 spem
2203 3175 2379 3217 eorum,
2403 3164 2453 3211 ὅτ

442 3219 475 3252 “
511 3225 572 3274 ob
588 3227 823 3289 AEgyptum
849 3225 985 3272 decus
1002 3226 1210 3274 eorum.”
1246 3240 1337 3272 xx:
1364 3240 1414 3284 4,
1449 3239 1492 3285 5.
1533 3223 1594 3271 ibi
1617 3222 1772 3270 Kusch
1794 3238 1880 3287 pro
1904 3224 2239 3287 cognitionibus
2261 3241 2317 3272 ex
2340 3227 2454 3275 Ver-

2369 3292 2444 3352 bo,
