2788 3736
406 312 544 392 184
941 301 1005 369 G
1097 301 1160 367 E
1251 300 1339 367 N
1412 257 1486 366 *E
1577 299 1630 367 s
1717 301 1950 379 rs...

388 448 451 497 ,δι
473 446 662 502 Ninive,
701 441 883 495 Aschur
916 457 1003 506 pro
1034 440 1283 499 intellesiu,
1319 439 1392 489 hic
1416 438 1616 497 vastat0;
1652 455 1747 489 vox
1784 451 1968 490 cantans
2002 439 2049 491 in
2085 439 2285 493 fenestris
2323 450 2433 512 pro'

389 513 641 563 ratiociniis
662 526 719 558 ex
733 509 992 574 phantasiis.
2092 515 2097 517 “

470 576 581 642 656.
618 577 766 642 Qod
805 591 886 640 per
916 574 1104 641 januam
1139 590 1166 623 a
1204 574 1336 623 latere
1374 572 1653 639 significetur
1674 572 1866 631 auditi0,
1923 573 2029 622 inde
2059 590 2181 627 nunc
2213 577 2413 628 constare

435 644 563 702 otest,
596 659 681 691 nec
705 659 822 708 opus
843 641 909 690 est
929 653 982 689 ut
1004 641 1302 690 confirmetur
1324 657 1406 706 per
1441 640 1602 688 similia
1638 656 1696 688 ex
1730 639 1918 690 Verbo:
1968 640 2172 692 similiter
2208 646 2332 693 enim
2371 645 2414 694 se

391 663 534 760 {abet
556 711 674 759 auris
696 711 754 758 ad
775 724 947 773 organa
969 706 1156 757 sensoria
1177 710 1367 765 interna,
1392 707 1506 756 ficut
1518 704 1658 770 janua
1681 723 1705 754 a
1720 706 1871 764 latere,
1891 706 1949 755 ad
1962 704 2198 757 fenestram
2211 705 2414 775 superne,

403 778 478 826 seu
512 777 641 843 quod
664 777 788 825 idem
810 775 892 835 est,
926 774 1099 823 auditio
1120 790 1227 839 quae
1250 773 1314 822 est
1337 775 1471 832 auris,
1506 773 1565 822 ad
1586 773 1881 823 inteneetuale
1914 774 2042 839 quod
2065 774 2129 824 est
2150 774 2324 827 sensorii
2346 779 2416 827 in-

394 856 545 895 xermv
1258 873 1273 879 ·

473 911 586 976 657.
625 909 772 974 Qod
793 924 877 974 per
899 907 1095 967 infimaS,
1132 906 1401 958 secundanas
1423 907 1475 956 ὅτ
1497 908 1704 970 tertianas
1727 906 2039 972 significentur
2060 907 2331 973 scientifica,¹
2351 926 2419 959 ra-

393 976 588 1027 tionalia
609 976 659 1025 δε
681 975 1012 1033 intellectualia,
1044 975 1153 1023 inde
1175 990 1360 1039 quoque
1383 973 1608 1038 sequitur:
1661 974 1764 1022 sunt
1795 988 1888 1026 tres
1921 975 2088 1038 gradus
2128 977 2417 1025 Intellectua-

395 1045 522 1093 ‚lium
563 1043 611 1091 in
649 1041 852 1100 homine,
892 1039 986 1106 ejus
1011 1041 1228 1090 infimum
1269 1039 1334 1090 est
1373 1039 1690 1098 scientificum,
1727 1041 1936 1089 medium
1979 1041 2045 1089 est
2082 1043 2311 1102 rationale,
2345 1042 2417 1092 su·

403 1126 624 1176 premurn
646 1108 711 1158 est
733 1107 1028 1158 intellefluale
1049 1130 1064 1165 3
1098 1108 1199 1156 haec
1223 1108 1286 1156 ita
1308 1105 1514 1165 distincta
1538 1107 1643 1156 sunt
1666 1109 1781 1156 inter
1809 1106 1868 1165 se,
1904 1119 1958 1155 ut
1980 1107 2202 1173 nusquam
2226 1107 2419 1159 confun-

394 1174 593 1234 dantur,
641 1174 718 1224 sed
740 1175 868 1239 quod
889 1174 1032 1223 homo
1060 1175 1148 1224 hoc
1188 1174 1343 1232 nescit,
1377 1173 1505 1222 causa
1527 1174 1607 1232 est,
1641 1174 1770 1239 quod
1809 1175 1856 1222 in
1895 1173 2077 1224 sensuali
2100 1177 2151 1224 &
2168 1176 2421 1226 scientifico
2491 1213 2494 1216 -

403 1242 555 1293 solum
577 1243 721 1290 vitam
746 1242 876 1305 ponit
896 1262 911 1296 3
946 1241 997 1289 δε
1020 1256 1130 1289 cum
1152 1241 1194 1288 ei
1217 1239 1423 1297 inhaeren
1447 1240 1717 1304 nequidem
1740 1239 1848 1289 scire
1872 1240 2034 1304 potest,
2058 1243 2186 1306 quod
2209 1244 2422 1292 rationale

405 1307 502 1375 ejus
524 1309 579 1357 fit
601 1325 627 1356 a
650 1307 894 1356 scientifico
917 1305 1202 1370 distinctum,
1239 1307 1391 1355 minus
1414 1318 1544 1363 tunc,
1579 1307 1709 1371 quod
1747 1306 2073 1364 intelle6tuale3
2125 1305 2235 1357 cum
2271 1321 2423 1359 tamen

404 1377 473 1424 ita
495 1374 536 1423 se
559 1391 627 1423 res
650 1373 801 1431 habet,
835 1372 964 1438 quod
986 1374 1218 1422 Dominus
1241 1388 1324 1438 per
1346 1371 1641 1421 intelleewale
1674 1372 1798 1437 apud
1818 1373 2055 1421 hominem
2078 1375 2237 1423 influat
2257 1375 2305 1423 in
2327 1375 2424 1440 ejus

400 1441 636 1498 rationale,
671 1441 723 1489 ὅτ
745 1456 826 1505 per
848 1439 1057 1488 rationale
1083 1441 1129 1491 in
1164 1438 1463 1487 scientificum
1488 1440 1741 1496 memoriae,
1778 1440 1884 1488 inde
1925 1441 2022 1487 vita
2042 1439 2268 1498 sensuum,
2303 1441 2427 1490 visus

405 1509 459 1558 ac
483 1508 662 1557 auditus
682 1529 697 1564 ς
733 1507 806 1555 hic
828 1505 892 1554 est
917 1521 1048 1555 verus
1068 1506 1282 1563 influxus,
1319 1507 1370 1554 δε
1391 1506 1480 1554 hoc
1502 1505 1567 1554 est
1589 1522 1751 1554 verum
1774 1507 2107 1555 commercium
2131 1507 2297 1555 animae
2313 1523 2424 1558 curn

396 1590 626 1640 corpore:
664 1571 828 1638 absque
868 1572 1046 1622 influxu
1081 1573 1205 1634 vitae·
1229 1572 1424 1621 Domini
1460 1574 1508 1620 in
1542 1572 1853 1620 intellectualia
1888 1573 2010 1636 apud
2050 1573 2304 1632 hominem,
2346 1574 2420 1622 seu

402 1643 565 1707 potius
588 1642 636 1689 in
659 1639 930 1697 voluntaria,
964 1640 1016 1687 δε
1039 1653 1120 1703 per
1141 1638 1395 1687 voluntaria
1429 1639 1478 1686 in
1513 1638 1843 1695 intellfflualim
1895 1639 1946 1687 &
1986 1656 2068 1703 per
2112 1640 2425 1689 intellectualia

404 1709 457 1757 in
493 1706 740 1764 rationalia,
775 1706 826 1754 &
848 1721 929 1770 per
951 1704 1179 1754 rationalia
1200 1705 1247 1754 in
1270 1702 1366 1768 ejus
1389 1703 1646 1762 scientifica,
1671 1720 1778 1768 quae
1802 1703 1904 1752 sunt
1921 1705 2173 1763 mem'oriae,
2204 1706 2426 1771 nusquam
2476 1755 2479 1760 ,

409 1773 512 1826 dari
533 1773 681 1839 potest
702 1774 798 1820 vita
819 1771 946 1837 a'pud
967 1771 1231 1820 hominem:
1268 1771 1318 1819 δε
1342 1771 1519 1819 tametsi
1537 1770 1691 1819 homo
1714 1773 1761 1817 in
1795 1768 1912 1818 falsis
1942 1770 2006 1818 est
2029 1771 2078 1819 ὅτ,
2105 1772 2252 1830 malis,
2276 1771 2426 1837 ‚usque

413 1852 569 1889 tamen
591 1838 656 1889 est
676 1839 877 1888 influxus
899 1839 1009 1886 vitae
1025 1838 1220 1887 Domini
1241 1853 1325 1903 per
1346 1837 1604 1887 voluntaria
1642 1836 1693 1889 ὅτ
1718 1835 2049 1895 intellectualia,
2088 1835 2166 1885 sed
2198 1839 2426 1903 recipiun-

411 1919 489 1956 tur
520 1907 612 1964 illa,
647 1922 754 1974 quae
789 1906 1003 1963 influunt,
1039 1905 1087 1954 in
1113 1916 1242 1971 parte
1270 1903 1480 1955 rationali
1509 1902 1762 1953 secundum
1783 1901 1880 1968 ojus
1905 1901 2102 1953 formam
2116 1926 2134 1960 ς
2166 1903 2221 1953 &
2243 1903 2352 1953 facit
2373 1917 2427 1954 ut

407 1974 558 2036 homo
580 1976 714 2038 poffit
725 1972 1005 2029 ratiocinari,
1039 1974 1174 2036 poffit
1205 1971 1445 2029 refle&ere,
1480 1971 1616 2034 poffit
1650 1969 1897 2033 intelligere
1926 1969 2041 2033 quid
2072 1984 2233 2018 verum
2269 1971 2321 2018 δι
2345 1971 2427 2019 bo-

407 2055 561 2096 num·,
613 2038 690 2087 sed
734 2039 793 2086 de
829 2039 913 2096 his,
949 2054 1007 2088 ex
1040 2039 1213 2094 Divina
1246 2037 1441 2087 Domini
1479 2034 1833 2095 Misericordias
1868 2035 1916 2085 in
1950 2033 2274 2099 sequentibus;
2325 2048 2428 2085 tum

405 2105 653 2170 quomodo
676 2103 717 2153 se
739 2104 873 2153 habet
894 2106 989 2152 vita
1010 2104 1133 2170 apud
1155 2104 1298 2152 bruta.
1654 2112 1670 2148 ἵ
1768 2126 1771 2127 ⁷

417 2172 421 2176 ’
485 2173 598 2236 658.
633 2172 751 2220 Tres
796 2171 861 2219 illi
900 2170 1086 2236 graduS,
1135 2173 1217 2236 qui
1247 2173 1298 2219 in
1335 2186 1500 2236 genere
1537 2182 1762 2220 vocantur
1803 2168 2172 2219 intellectualium
2210 2169 2426 2229 hominis,

413 2255 587 2303 nempe
622 2237 891 2296 intelleetus,
929 2239 1044 2286 ratio
1077 2237 1133 2286 &
1170 2237 1364 2295 scientia,
1402 2238 1642 2302 significati
1680 2253 1864 2302 quoque
1901 2236 2019 2294 sunt,
2058 2250 2112 2284 ut
2129 2236 2330 2294 dictum,
2378 2239 2427 2287 in

414 2305 627 2371 Templo
649 2303 990 2368 Hierosolymae
1023 2320 1106 2369 per
1141 2302 1348 2352 fenestras
1386 2307 1530 2352 trium
1563 2303 1928 2360 sustruetionum,
1984 2322 2002 2352 1
2033 2304 2169 2367 Reg:
2194 2319 2280 2350 v1:
2304 2301 2429 2364 4,’6,

422 2376 468 2423 8.
517 2383 620 2419 tum
659 2372 797 2419 etiam
843 2371 967 2435 prius
1002 2387 1084 2435 per
1106 2371 1311 2428 Fluvios,
1353 2372 1434 2434 qui
1472 2370 1658 2419 exibant
1695 2387 1752 2418 ex
1774 2370 1908 2418 horto
1933 2369 2103 2417 Edenis
2142 2368 2199 2417 ab
2222 2370 2428 2427 Oriente,

422 2437 501 2485 ubi
525 2438 689 2485 Oriens
711 2437 934 2501 fignificat
949 2438 1228 2494 Dominum,
1264 2437 1398 2485 Eden
1422 2438 1652 2496 Amorem
1685 2437 1765 2502 qui
1788 2437 1852 2483 est
1874 2435 2137 2492 voluntatis,
2178 2435 2336 2483 hortus
2360 2438 2431 2483 in-

418 2503 717 2568 telligentiam
742 2503 864 2560 inde,
881 2505 1011 2552 fluvii
1034 2503 1310 2568 sapientiam,
1329 2505 1565 2561 rationem,
1583 2504 1632 2551 &
1657 2501 1904 2560 scientiam,
1923 2502 1980 2550 de
2003 2501 2170 2566 quibus
2192 2502 2432 2551 videantur

424 2587 533 2636 quae
556 2571 676 2618 dicta
700 2568 800 2618 sunt
822 2571 879 2618 ad
901 2572 1028 2635 Cap:
1061 2582 1141 2618 112*
1158 2569 1285 2618 vers:
1320 2586 1391 2627 10,
1423 2588 1497 2627 11,
1530 2588 1603 2627 12,
1636 2587 1711 2631 13,
1742 2587 1816 2629 14.
2336 2572 2339 2575 ’

490 2638 603 2703 659.
638 2635 779 2684 Vers:
823 2653 895 2701 17.
939 2639 1006 2685 Et
1028 2639 1139 2700 Ego,
1175 2653 1262 2685 ecce
1284 2639 1366 2685 Me
1399 2637 1605 2684 adducens
1627 2635 1835 2684 diluvium
1861 2640 2069 2701 aquaru'm
2092 2634 2224 2699 su'per
2251 2645 2429 2692 terram,

426 2703 491 2754 ad
516 2700 772 2768 perde'ndum
811 2710 967 2753 omnem
991 2720 1173 2760 carnem,
1208 2706 1253 2750 in
1276 2720 1359 2768 qua
1374 2704 1559 2767 spiritus
1597 2703 1811 2759 vitarum,
1845 2703 1895 2750 de
1921 2703 2008 2765 sub
2030 2702 2154 2757 caelis,
2190 2717 2304 2748 omne
2324 2701 2435 2765 quqd

422 2772 472 2817 in
510 2780 650 2827 terra,
690 2769 934 2833 exspirabit.
1005 2771 1093 2819 Per
1110 2769 1340 2817 diluvium
1377 2769 1656 2833 significatur
1695 2768 1933 2816 inundatio
1964 2767 2071 2814 mali
2105 2767 2156 2813 &
2189 2764 2319 2814 falfi:
2373 2766 2433 2814 ad

424 2836 714 2903 perdendum
754 2852 942 2885 omnem
982 2853 1179 2893 carnem,
1216 2838 1263 2883 in
1286 2852 1375 2899 qua
1398 2835 1577 2899 spiritus
1599 2837 1818 2890 vitarum,
1858 2833 1937 2893 de,
1959 2831 2040 2879 sub
2078 2831 2224 2889 coelis,
2258 2832 2431 2895 signifi·-

422 2912 546 2958 cant‚
603 2902 729 2964 quod
781 2901 822 2950 se
867 2903 1074 2968 perderet
1118 2905 1269 2956 omnis
1315 2901 1545 2965 posteritas
1592 2899 1805 2947 Ecclefiae
1844 2898 2217 2960 Antiquiffimae:
2274 2900 2430 2947 Omne

418 2968 550 3087 >{sluod
581 2968 628 3016 in
664 2979 778 3015 terra
813 2968 1069 3033 exspirabit,
1117 2968 1338 3033 significat
1373 2982 1467 3023 eos,
1515 2967 1595 3029 qui
1631 2965 1687 3012 ab
1723 2962 1922 3012 Ecclesia
1961 2963 2052 3021 illa,
2094 2963 2144 3012 &
2184 2964 2292 3014 tales
2326 2963 2431 3014 facti

443 3045 540 3082 unt.
2403 3056 2407 3061 ·

489 3101 601 3154 660.
635 3098 786 3164 Qod
822 3114 903 3163 per
948 3100 1179 3160 diluvium
1223 3098 1501 3162 significetur
1537 3096 1776 3155 ¹inundatio
1800 3094 1979 3144 mali&
2012 3094 2122 3154 falfi,
2161 3096 2333 3149 constat
2372 3112 2432 3147 ex

421 3166 528 3225 inis,
569 3181 674 3230 quae
697 3167 822 3230 prius
859 3165 977 3213 dieta
1010 3166 1111 3212 sunt
1134 3167 1192 3212 de
1222 3164 1475 3230 posteritate
1498 3162 1713 3210 Ecclefiae
1739 3163 2096 3226 Antiquiffimae,
2133 3164 2260 3226 quod
2291 3160 2430 3210 foedis

416 3228 747 3309 cupiditatibus
767 3232 941 3304 poffeffi
966 3230 1152 3289 fuerint,
1201 3231 1250 3281 &
1283 3230 1410 3296 quod
1448 3231 1502 3292 iis
1535 3229 1836 3289 immerserint
1869 3229 2131 3283 ,doctrinalia
2151 3230 2277 3286 fidei,
2321 3228 2428 3343 irfiie

2339 3313 2353 3344 1
2390 3310 2426 3345 is
