2788 3736
654 227 998 332 CAPUT
1066 254 1564 321 DEmMUM-
1606 253 2112 322 TERTIUM.
2274 278 2406 340 517

394 393 536 465 quam
556 390 757 464 perdidit
780 395 991 460 Jehovah
1013 395 1265 445 Sodomam
1283 393 1334 444 ὅτ
1358 389 1602 450 Amoram,
1639 394 1859 459 fignificat
1896 385 2137 458 hominem
2163 396 2418 443 externum

392 466 744 532 cupiditatibus
769 466 876 511 mali
900 465 967 524 ¹&
1008 462 1364 527 persuasionibus
1400 460 1496 509 falfi
1535 461 1841 510 destructum:
1879 462 1992 510 ficut
2013 462 2170 510 hortus
2195 457 2411 523 Jehovae,

394 534 619 597 fignificat
666 531 762 596 ejus
787 531 1013 579 rationalia
1031 549 1060 593 :¹
1079 530 1192 577 ficut
1215 542 1330 577 terra
1353 529 1554 594 AEgypti
1587 529 1811 575 veniendo
1851 530 1990 586 Zoar,
2026 529 2247 593 fignificat
2270 524 2414 572 scien-'

338 604 341 610 '
395 601 523 648 tifica
546 600 603 647 ab
627 599 940 647 affectionibus
964 597 1085 644 boni.
1147 597 1271 643 Haec
1286 596 1557 660 significant,
1575 595 1703 658 quod
1728 598 1982 659 apparuerit
1997 597 2208 643 Domino
2229 590 2401 640 Exter-

394 683 479 715 nus
504 668 689 723 Homo,
725 665 950 730 qualisest
980 665 1035 727 -ifl,
1053 661 1129 710 sua
1153 662 1505 726 pulchritudine,
1541 676 1651 708 curn
1675 662 1859 721 Interno
1883 661 2166 728 conjuneffls.
2270 689 2274 692 ·

470 727 608 796 1584}
647 733 793 795 Qod
818 727 993 778 sustulit
1015 729 1146 777 Loth
1169 730 1337 777 oculos·
1362 728 1479 786 suos,
1515 727 1739 792 fignificet
1755 736 1757 738 ’
1775 729 1902 791 quod
1925 730 2154 777 Externus
2187 730 2330 781 homo
2353 733 2413 800 il-¹

389 801 637 853 luminatus
660 800 718 846 ab
738 800 937 854 Interno,
974 797 1147 844 constat
1182 813 1208 844 a
1248 795 1580 861 significatione
1602 793 1761 842 tollere
1785 795 1959 852 oculos,
1995 797 2122 859 quod
2146 797 2210 844 est
2232 801 2405 856 videre,

396 869 442 914 in
468 866 592 914 sensu
615 868 796 914 interno
820 866 1068 929 percipere,
1103 863 1178 910 hic
1221 863 1484 918 illuminari,
1518 864 1628 924 quia
1655 861 1930 924 praedicatur
1952 862 2009 908 de
2032 863 2191 911 Lotho
2214 864 2287 913 seu
2309 862 2407 914 Exss

392 947 525 980 terno
546 934 773 988 Homine,
792 933 872 995 qui
897 947 1005 978 cum
1029 931 1223 994 percipit
1242 929 1387 992 qualis
1409 929 1639 975 Externus
1662 927 1807 975 homo
1829 926 1894 973 est'
1916 944 2024 974 cum
2050 929 2316 993 conjunetus
2330 934 2406 980 In·

392 1012 539 1056 terno,
576 998 651 1046 seu
675 999 822 1062 qualis
841 999 889 1045 in
914 998 990 1045 sua
1010 992 1368 1060 pulchritudine,
1403 1007 1515 1042 tunc
1544 994 1609 1042 est
1631 993 1913 1041 illuminatus
1937 994 1993 1041 ab
2015 995 2216 1053 Interno‚
2252 998 2406 1063 estque

392 1080 503 1114 tunc
529 1066 777 1114 in·Vifione
799 1066 1003 1119 Divina,
1025 1063 1084 1108 de
1122 1076 1218 1124 qua
1253 1063 1327 1108 hic
1350 1062 1531 1126 agitur;
1568 1077 1652 1108 nec
1676 1059 1872 1110 dubitari
1906 1061 2069 1125 potest,
2106 1065 2217 1126 quin
2240 1065 2408 1113 Domi-

393 1149 479 1180 nus
505 1147 614 1180 cum
639 1146 769 1194 puer,
791 1129 955 1192 -quoad
973 1128 1235 1176 Externum
1252 1129 1514 1175 Hominem
1539 1125 1773 1175 multoties
1805 1129 1852 1174 in
1877 1128 1952 1175 tali
1975 1130 2153 1176 Divino
2181 1130 2278 1177 visu
2310 1130 2407 1181 fue-

393 1202 470 1256 rit,
489 1199 613 1262 quia
634 1191 734 1261 Ipse
750 1195 882 1243 Solus
907 1193 1207 1258 conjungeret
1229 1195 1488 1241 Externum
1510 1195 1773 1241 Hominem
1796 1195 1980 1243 Interno
1997 1218 2012 1250 3
2029 1248 2033 1251 ,
2048 1196 2276 1248 Externos
2300 1199 2408 1247 Ho-

363 1260 365 1262 ’
393 1281 475 1312 mo
498 1262 586 1311 fuit
610 1264 835 1311 Humana
851 1261 995 1326 Ipsius
1018 1261 1230 1316 Effentia,
1265 1261 1472 1307 Internus
1497 1270 1650 1307 autem
1667 1261 1854 1308 Divina.

467 1335 607 1394 1585.
648 1330 714 1377 Et
735 1329 856 1376 vidit
878 1343 1068 1375 omnem
1090 1326 1328 1391 planitiem
1345 1328 1582 1389 Jardenis,
1606 1326 1734 1390 quod
1761 1328 1985 1390 significet
2009 1327 2085 1376 illa
2106 1329 2224 1378 bona
2245 1332 2296 1380 ὅτ
2326 1344 2413 1380 ve<

389 1414 454 1454 ra,
489 1413 596 1461 quae
612 1396 734 1460 apud
753 1393 1291 1450 Externumhominem,
1327 1393 1500 1443 constat
1531 1410 1557 1441 a
1594 1394 1922 1457 significatione
1943 1395 2144 1458 planitiei
2168 1399 2217 1445 δι·
2242 1399 2408 1460 Jorda—

392 1466 479 1521 nis,
514 1464 721 1528 planities
754 1465 872 1510 circa
893 1460 1147 1522 Jordanem
1185 1461 1233 1507 in
1267 1459 1391 1506 sensu
1429 1462 1606 1521 interno
1644 1460 1868 1523 fignificat
1891 1462 2147 1509 Externum
2171 1464 2409 1514 hominem

393 1527 545 1595 quoad
567 1531 723 1577 omnia
745 1527 844 1593 ejus>
863 1526 982 1575 bona
1006 1529 1054 1574 δε
1079 1541 1215 1575 vera:
1250 1526 1380 1590 quod
1418 1526 1624 1590 planities
1647 1527 1860 1588 Jordanis
1898 1528 1997 1575 haec
2030 1529 2270 1593 significet,
2303 1533 2409 1580 inde

392 1597 472 1653 est,
508 1598 618 1660 quia
640 1595 870 1656 Jordanes
902 1605 997 1641 erat
1034 1595 1259 1640 terminus
1302 1606 1434 1640 terrae
1470 1595 1689 1641 Canaanis
1710 1615 1725 1650 ·,
1781 1595 1928 1642 Terra
1963 1596 2159 1654 Canaan,
2195 1610 2250 1645 ut
2284 1600 2409 1663 prius

393 1664 571 1711 dietum
595 1663 659 1710 est
681 1660 908 1708 ostensum
931 1659 1011 1715 est,
1048 1657 1271 1722 fignificat
1292 1660 1515 1724 Regnum
1538 1661 1588 1707 ὅτ
1612 1660 1862 1708 Ecclesiam
1886 1662 2099 1720 Domini,
2134 1663 2185 1711 ὅτ
2217 1666 2410 1730 quidem

391 1729 594 1779 coelestia·
613 1730 663 1776 &
687 1727 930 1792 spiritualia
964 1725 1078 1790 ejus,
1113 1740 1250 1788 quare
1273 1727 1408 1792 etiam
1431 1726 1653 1790 appellata
1683 1726 1747 1774 est
1768 1727 1913 1775 Terra
1932 1729 2110 1783 Sancta,
2145 1731 2196 1777 ὅτ
2228 1730 2409 1782 Canaart

388 1796 632 1851 coeiestis·;
666 1796 717 1843 δι
733 1797 846 1858 quia
863 1791 1155 1856 Regnum&
1176 1793 1427 1841 Ecclesiam
1449 1794 1663 1850 Domini,
1699 1793 1923 1857 fignificat
1954 1796 2002 1842 in
2026 1794 2148 1843 sensu
2192 1795 2409 1862 supremo

397 1861 555 1925 Ipsum
578 1863 857 1918 Dominum,
892 1860 996 1923 Qi
1019 1857 1090 1906 est
1105 1862 1307 1907 omne-in
1324 1859 1540 1908 omnibus
1562 1859 1628 1907 sui
1652 1861 1806 1924 Regni
1827 1862 1878 1909 δε
1900 1861 1992 1909 suae
2015 1861 2262 1920 Ecclefiae3
2300 1866 2413 1914 inde

388 1932 564 1985 omnia,
600 1943 708 1993 quae
739 1930 787 1976 in
807 1940 923 1976 terra
947 1927 1171 1982 Canaane,
1207 1926 1570 1991 repraesentativa
1602 1923 1818 1984 fuerunt3
1854 1944 1961 1992 quae
1994 1930 2040 1975 in
2067 1930 2224 1978 medio
2256 1943 2406 1989 terrae,

391 1995 465 2042 seu
490 2010 596 2059 quae
619 1996 781 2043 intima
800 1993 1001 2050 fuerunt,
1038 1992 1414 2056 repraesentabant
1438 1995 1676 2042 Internum
1699 1995 1845 2058 Ipsius
1868 1996 2148 2052 Hominem,
2185 2009 2238 2045 ut
2262 1999 2407 2046 Mons

394 2062 554 2115 Zionis
590 2064 638 2110 δι
656 2059 995 2124 Hierosolyma,
1031 2059 1106 2106 ille
1129 2060 1344 2118 coelestia,
1369 2061 1468 2109 haec
1486 2060 1727 2125 spiritualia
1746 2083 1761 2118 3
1797 2077 1905 2126 quae
1928 2062 2035 2120 inde
2059 2062 2282 2112 distabant
2305 2065 2411 2113 lon-‘

390 2130 496 2191 gius
520 2127 895 2193 repraesentabant
917 2127 1161 2174 remotiora
1182 2128 1240 2174 ab
1262 2128 1447 2176 internis
1467 2150 1481 2184 ;
1518 2141 1626 2191 quae
1642 2128 1804 2176 ultima
1825 2141 1953 2177 erant
1975 2128 2047 2176 seu
2071 2145 2178 2193 quae
2203 2133 2408 2189 termini,

388 2194 773 2258 repraesentabant
794 2195 1050 2241 Externum
1066 2193 1342 2251 hominem-3
1377 2195 1561 2243 termini
1585 2196 1804 2243 Canaanis
1835 2194 2021 2243 fuerunt
2046 2197 2215 2260 plures,
2253 2198 2300 2244 in
2323 2215 2406 2263 ge-

389 2276 495 2308 nere
519 2261 617 2323 bini
634 2263 769 2309 fluvii
791 2260 1051 2325 Euphrates
1073 2260 1124 2307 ὅτ
1149 2261 1389 2322 Jordanes,
1416 2275 1520 2309 tum
1545 2277 1730 2325 quoque
1750 2263 1900 2317 Mare,
1936 2263 2042 2311 inde
2075 2264 2329 2328 Euphrates
2355 2267 2406 2313 &

389 2327 613 2388 jordanes
635 2326 1008 2391 repraesentabant
1031 2326 1266 2384 Externa3
1302 2329 1375 2376 hic
1408 2330 1514 2390 ideo
1535 2328 1742 2392 planities
1765 2330 1977 2392 Jordanis
2016 2329 2255 2394 fignificat,
2293 2332 2406 2380 ficut

394 2391 693 2456 repraesentat,
729 2394 889 2441 omnia
914 2406 1022 2456 quae
1050 2395 1175 2456 apud
1210 2396 1470 2444 Externum
1500 2395 1768 2453 hominem}
1805 2396 2008 2444 similiter
2030 2397 2072 2444 se
2107 2397 2258 2453 habet,
2295 2415 2405 2448 cum

396 2460 541 2507 Terra
562 2461 740 2507 Canaan
762 2459 1037 2523 praedicatur
1059 2459 1115 2507 de
1138 2462 1308 2525 Regno
1330 2464 1526 2510 Domini
1549 2464 1596 2509 in
1612 2463 1775 2520 Caelis,
1811 2463 2016 2511 {imiliter
2037 2480 2147 2512 cum
2171 2465 2227 2511 de
2244 2466 2404 2513 Eccle-

394 2526 455 2574 fia
477 2527 673 2574 Domini
696 2528 743 2574 in
766 2527 911 2581 terris,
923 2524 1125 2572 fimiliter
1141 2541 1251 2574 cum
1264 2528 1322 2575 de
1339 2531 1551 2576 Homine
1574 2531 1729 2592 Regni
1746 2529 1820 2576 seu
1829 2530 2062 2588 Ecclesiae,
2075 2531 2278 2578 {imiliter
2293 2547 2404 2578 cum

396 2592 612 2641 abstracte
635 2593 691 2640 de
715 2592 972 2641 coelestibus
987 2593 1172 2652 amoris,
1191 2609 1243 2640 ac
1266 2595 1330 2640 ita
1345 2610 1484 2658 porro
1503 2592 1518 2641 Ξ
1550 2595 1656 2640 inde
1672 2595 1751 2652 est,
1770 2595 1899 2658 quod
1922 2612 2054 2659 paene
2067 2614 2226 2644 omnes
2250 2597 2400 2654 urbes,

396 2661 495 2708 imo
513 2676 674 2708 omnes
698 2671 892 2717 montes,
909 2656 1063 2715 colles,
1082 2659 1238 2717 valles,
1249 2661 1395 2714 fluvii,
1414 2662 1464 2707 δε
1482 2659 1581 2717 alia,
1599 2661 1646 2706 in
1669 2673 1783 2708 terra
1795 2662 2000 2710 Canaane
2015 2663 2401 2726 repraesentarent:

395 2727 524 2790 quod
548 2728 720 2775 fluvius
734 2726 1006 2791 Euphrates,
1030 2728 1137 2788 quia
1153 2739 1245 2774 erat
1261 2728 1500 2784 terminus,
1529 2726 1844 2790 representaret
1859 2728 2066 2776 sensualia
2081 2731 2132 2777 δε
2145 2729 2400 2788 scientifica,

392 2808 503 2856 quae·
517 2793 621 2841 sunt
630 2794 823 2842 Externi
839 2794 1056 2850 hominis,
1067 2791 1292 2841 ostensum
1310 2793 1374 2841 est
1388 2795 1532 2857 prius,
1556 2810 1586 2840 n
1604 2813 1613 2841 :
1658 2812 1748 2844 120
1766 2816 1781 2849 ·,
1806 2795 1935 2858 quod
1952 2796 2087 2842 etiam
2104 2796 2341 2858 Jordane3‚
2352 2801 2408 2848 &⁸

392 2858 606 2921 planities
622 2861 850 2922 JordaniS,
867 2877 925 2908 ex
944 2861 1012 2910 his
1028 2861 1142 2911 locis
1162 2860 1361 2909 constare
1383 2859 1531 2924 potest
1550 2884 1564 2917 3
1600 2861 1721 2925 apud
1734 2862 1986 2919 Davidem,
2024 2867 2059 2891 “
2080 2863 2208 2911 Deus
2231 2865 2316 2922 mi,
2333 2862 2403 2912 su·-

397 2929 434 2958 “·-
465 2941 548 2988 per
571 2942 645 2973 me
661 2929 810 2976 anima
826 2944 927 2976 mea
956 2931 1166 2979 incurvat
1190 2927 1248 2982 se,
1284 2940 1523 2992 propterea
1545 2928 1816 2975 recordabor
1849 2929 1943 2975 Tui
1967 2946 1991 2976 e
2014 2928 2151 2977 Terra
2173 2931 2399 2994 Jordanis‚

394 2995 432 3018 “
467 2991 518 3038 &
540 2992 840 3042 Chermonim
877 3009 1100 3045 e'monte
1122 2995 1434 3058 exiguitati3,”
1467 2992 1646 3043 Psalm:
1683 3011 1824 3043 XLII:
1866 3010 1908 3060 7.
1942 2996 2023 3053 subi
2041 3008 2157 3044 terra
2189 2997 2401 3059 Jordanis

396 3073 483 3120 pro
498 3057 578 3105 illo
599 3059 727 3122 quod
749 3059 1026 3122 esthumile,
1062 3065 1112 3111 δε
1132 3062 1191 3110 fic
1216 3063 1343 3126 quod
1367 3060 1498 3109 distat
1522 3078 1546 3109 a
1568 3061 1756 3119 coelesti,
1792 3062 1906 3109 ficut
1929 3075 2113 3110 externa
2125 3063 2321 3110 hominis
2343 3063 2399 3110 ab

397 3124 597 3172 internis.
668 3125 816 3188 Qod
838 3126 1112 3177 filiiIsraelis
1133 3130 1367 3187 transirent
1383 3129 1634 3190 Jordanem
1659 3144 1770 3176 cum
1793 3130 2077 3177 intrarentin
2101 3130 2291 3176 Terram
2310 3129 2396 3174 Ca-

397 3206 604 3245 naanem,
643 3192 692 3238 &
717 3191 845 3254 quod
867 3204 977 3240 tunc
1012 3194 1185 3243 divisus
1224 3197 1346 3252 esset,
1382 3193 1725 3260 repraesentabat
1760 3212 1944 3260 quoque
1967 3197 2142 3242 aditum
2173 3194 2230 3241 ad
2254 3195 2397 3240 lnter-
2458 3221 2466 3228 «

395 3273 511 3304 num
537 3258 797 3305 Hominem
838 3273 920 3320 per
940 3259 1216 3318 Externum,
1251 3262 1609 3310 etiam'hominis
1646 3265 1693 3310 in
1728 3263 1958 3324 Regnum*
1985 3262 2195 3316 Domini,
2232 3271 2401 3321 praeter

395 3323 543 3387 plura,
579 3324 689 3388 Jos:
727 3340 792 3373 111
815 3342 827 3372 :
870 3343 930 3385 14
947 3326 1002 3373 ad
1027 3324 1059 3375 f.
1086 3327 1187 3390 Cap
1207 3345 1218 3374 ι
1256 3320 1312 3375 1'v
1333 3345 1345 3375 :
1387 3346 1406 3377 1
1434 3329 1490 3375 ad
1506 3327 1538 3375 f.
1616 3329 1681 3376 Et
1703 3329 1809 3391 quia
1840 3328 2067 3378 Externus
2107 3327 2250 3373 homo
2287 3341 2397 3400 eon-

2273 3404 2402 3440 nnuc
