2788 3736
636 212 1564 324 CAPUTDECssMUM
1612 215 2122 305 TERTIUM.
2188 244 2363 316 ,529

351 364 523 432 pientia
543 361 818 419 coelestium,
854 377 904 410 ac
927 360 1028 408 haec
1051 360 1143 424 ipsa
1166 376 1351 426 quoque
1374 359 1607 418 coelestia;
1644 363 1858 411 continue
1897 361 1958 409 fic
1997 363 2054 410 ad
2076 360 2276 410 coelestia
2299 364 2366 409 in-

353 433 510 485 fantie
532 431 766 495 perrexit3
803 445 927 485 nam,
964 439 1017 475 ut
1038 428 1164 492 prius
1187 428 1382 484 dictum,
1417 427 1638 484 coelestia,-
1670 445 1778 493 quae
1801 429 1903 477 fiint
1925 429 2109 485 amoriS,
2145 429 2368 476 insinuan—

352 512 428 549 tur
444 515 473 546 a
495 499 647 562 prima
670 494 857 542 infantia
879 494 1020 557 ustiue
1058 494 1116 541 ad
1137 494 1395 557 pueritiam,
1428 493 1565 540 etiam
1583 515 1585 517 ·
1605 494 1660 541 ad
1686 495 2047 552 adolestentiam,
2074 494 2199 543 ,ficut
2224 493 2373 543 homo.

346 564 442 622 est,
478 577 589 612 tunc
621 565 671 611 δε
705 561 855 626 postea
869 561 1093 608 imbuitur
1126 560 1319 606 scientiis
1357 561 1407 607 &
1440 560 1813 623 cognitionibus;
1842 562 1893 608 ,fi
1924 561 2068 609 homo
2090 561 2190 609 talis
2220 560 2284 609 est
2315 574 2370 608 ut

347 631 604 699 regenerari
642 631 795 694 poffit,
853 627 1050 675 scientiae
1099 626 1192 673 511ae
1231 627 1290 675 &-
1333 627 1615 690 cognitiones
1662 628 1912 740 imglentur
1943 627 2219 685 coelestibus,
2261 642 2372 692 quae

353 698 459 756 sunt,
485 694 655 744 amoris
685 695 735 744 δε
768 693 1010 751 charitatis,
1048 693 1097 741 &
1136 692 1196 741 fic
1241 691 1569 757 implantantur
1600 693 1719 740 coele
1760 694 1859 742 ibus
1891 694 2056 759 quibus
2094 694 2150 742 ab
2182 691 2370 742 infantia

348 765 409 812 ad
442 756 699 828 pueritiam'
724 762 774 809 δε
805 759 1151 808 adolescentiam
1185 759 1380 808 donatus
1409 756 1491 818 est,
1528 776 1580 808 ac
1607 760 1670 807 ita
1700 758 1996 824 conjungitur
2018 762 2248 809 Externus
2271 760 2377 825 ejus*

353 831 523 878 Homo
539 831 723 877 Interno
742 849 758 884 3
783 827 991 891 primum
1015 826 1343 891 implantantur
1364 826 1621 874 coelestibus
1644 825 1812 889 quibus
1836 827 2027 874 donatus
2050 829 2098 874 in
2115 826 2366 882 adolescen-

348 899 431 954 tia,
467 897 573 944 dein
599 895 765 959 quibus
796 894 846 941 in
869 895 1075 957 pueritia,
1094 893 1286 940 demum
1299 892 1468 957 quibus
1492 894 1540 940 in
1563 891 1766 949 infantia,
1791 904 1902 940 tunc
1920 894 1983 940 est
2005 892 2171 950 Infans,
2197 894 2255 941 de
2270 910 2368 958 quo

353 964 603 1019 DominuS,
627 961 756 1025 quod
788 959 950 1008 talium
988 959 1042 1007 fit
1074 961 1298 1021 Regnum
1332 960 1452 1014 Dei,
1487 958 1589 1007 haec
1622 959 1907 1023 implantatio
1925 959 1998 1014 ,fit
2027 976 2053 1007 a
2083 958 2176 1007 solo
2198 961 2367 1007 Domi-

345 1046 431 1087 no,
464 1045 605 1094 quare
636 1026 753 1075 nihil
786 1026 971 1074 coeleste
994 1025 1117 1089 apud
1140 1025 1379 1072 hominem
1398 1025 1551 1082 datur,
1587 1041 1669 1073 nec
1701 1025 1797 1072 dari
1835 1024 2001 1090 potest,
2035 1026 2164 1089 quod
2183 1042 2276 1073 non
2312 1026 2368 1073 fit

352 1112 380 1144 a
410 1096 642 1151 Domino,
675 1095 728 1141 &
756 1092 888 1156 quod
921 1106 1015 1138 non
1041 1090 1098 1137 fit
1119 1091 1327 1138 Domini.
1391 1091 1633 1139 'Dominus
1671 1105 1826 1140 autem
1862 1107 1920 1139 ex
1941 1094 2136 1156 propria
2163 1090 2381 1156 potentiax

350 1159 594 1226 conjunxit
608 1159 871 1208 'Externum
909 1154 1042 1203 suum
1074 1155 1311 1206 hominem
1342 1157 1544 1216 Intern0‚
1581 1159 1630 1206 δε
1661 1159 1945 1222 cognitiones
1982 1158 2194 1222 implevit
2226 1157 2368 1206 coele-

353 1227 514 1284 stibus,
547 1226 600 1273 &
632 1223 922 1288 implantavit
954 1221 1212 1269 coelestibus
1245 1224 1295 1270 &
1335 1223 1526 1287 quidem
1575 1224 1827 1271 secundum
1871 1223 2082 1272 ordinem
2119 1226 2368 1282 Divinum,

352 1294 562 1359 primum
576 1288 837 1340 coelestibus
859 1290 1087 1352 pueritiae,
1112 1288 1215 1335 dein
1233 1289 1490 1336 coeiestibus
1507 1288 1650 1337 aetatis
1665 1292 1780 1337 inter
1791 1291 2034 1354 pueritiam
2047 1291 2097 1338 &
2112 1289 2364 1348 infantiam,

353 1360 550 1408 demum
569 1355 832 1406 coelestffius
847 1354 993 1420 Ipsius
1010 1353 1101 1402 suae
1117 1351 1342 1412 Infantiae,
1361 1357 1422 1402 ita
1438 1353 1582 1403 faetus
1605 1356 1739 1403 simul
1754 1357 1906 1419 quoad
1924 1357 2196 1405 Humanam
2208 1358 2367 1405 Effen-

349 1427 464 1474 tiam
502 1423 601 1488 Ipsa
637 1421 895 1469 innocentia
917 1422 968 1468 ὅτ
990 1419 1089 1483 Ipse
1105 1421 1275 1477 Amor,
1311 1437 1338 1468 a
1360 1422 1474 1485 Qo
1506 1423 1657 1469 omnis
1694 1423 1950 1470 innocentia
1987 1423 2037 1470 δε
2062 1425 2211 1471 omnis
2235 1434 2368 1471 amor

351 1493 403 1539 in
425 1490 558 1539 coelis
578 1489 630 1537 &
654 1490 702 1536 in
723 1488 873 1535 tetris:
907 1487 1009 1533 tatis
1026 1486 1290 1534 Innocentia
1310 1483 1375 1533 est
1392 1501 1501 1534 vera
1513 1485 1723 1545 Infantia,
1746 1489 1855 1552 quia
1876 1487 1939 1535 est
1961 1488 2097 1536 fimul
2113 1490 2364 1553 Sapientia3

347 1556 606 1609 innocentia
621 1570 732 1602 vero
753 1551 976 1610 infantiae,
996 1551 1078 1600 nisi
1094 1567 1177 1616 per
1192 1553 1475 1616 cognitiones
1492 1553 1572 1601 fiat
1588 1554 1845 1603 innocentia
1860 1554 2106 1618 sapientiae,
2131 1556 2246 1603 nulli
2268 1554 2366 1602 usui

349 1622 435 1681 est,
469 1634 612 1687 quare
628 1618 822 1668 infantes
845 1620 893 1666 in
915 1619 1050 1666 altera
1063 1621 1159 1666 vita
1181 1619 1455 1666 imbuuntur
1468 1620 1823 1683 cognitionibus.
1872 1622 2001 1668 Sicut
2022 1623 2254 1670 Dominus
2278 1623 2369 1669 im-

353 1690 575 1754 plantavit
607 1687 892 1751 cognitiones
931 1683 1207 1741 coelestibus,
1243 1685 1304 1731 ita
1338 1687 1678 1750 perceptionem
1715 1686 1886 1744 habuit,
1922 1703 2047 1744 nam,
2083 1701 2134 1735 ut
2167 1689 2365 1746 dietum,

353 1772 414 1811 ex
436 1752 755 1819 conjunctione
777 1752 927 1800 omnis
948 1751 1201 1815 perceptio;
1270 1752 1435 1799 rimam
1456 1753 1814 1817 perceptionem,
1849 1768 1961 1800 cum
1995 1753 2233 1805 scientifica
2254 1769 2367 1817 pue-

353 1823 475 1870 ritiae
497 1819 800 1883 implantavit,
834 1832 943 1881 quae
964 1819 1197 1882 perceptio
1219 1767 1500 1881 significatur
1520 1834 1604 1883 per
1634 1830 1902 1883 quercetum
1925 1819 2126 1877 Moreh;
2161 1819 2366 1878 alteram,

352 1887 414 1935 de
434 1903 526 1951 qua
547 1887 636 1943 hic,
671 1900 778 1949 quae
796 1882 861 1931 est
884 1885 1086 1941 interior,
1110 1898 1221 1931 cum
1244 1885 1528 1948 cognitiones
1550 1885 1857 1950 implantavit,
1890 1901 1997 1949 quae
2018 1888 2251 1952 perceptio
2278 1887 2365 1951 fig-

355 1953 570 2002 nificatur
588 1966 672 2017 per
693 1961 906 2015 querceta
926 1949 1111 1997 Mamre
1132 1966 1240 2014 quae
1263 1951 1311 1997 in
1333 1949 1561 2000 Chebron.
2195 2010 2198 2012 v

349 2081 358 2090 ‚
411 2020 515 2134 d161
528 2035 570 2084 7.
608 2017 756 2084 Quod
794 2017 868 2067 hic
900 2016 954 2065 fit
983 2015 1134 2065 sextus
1172 2015 1326 2076 status,
1362 2017 1537 2079 constat
1571 2016 1630 2067 ab
1665 2018 1770 2077 illis,
1806 2033 1913 2083 quae
1957 2017 2006 2066 in
2051 2019 2213 2085 Capite
2245 2034 2367 2084 prae-

353 2101 410 2135 ee
443 2098 559 2134 ente.
2341 2126 2344 2129 .

396 2171 399 2173 ·
430 2153 572 2202 1618.
607 2150 673 2199 Et
692 2149 949 2198 aedificabat
965 2149 1028 2198 ibi
1049 2149 1184 2199 altare
1200 2150 1410 2212 Jehovae,
1446 2151 1571 2216 quod
1596 2151 1819 2216 fignificet
1842 2152 2105 2201 cultumex
2126 2152 2208 2200 illo
2231 2150 2365 2209 statu,

352 2219 528 2269 constat
552 2235 578 2266 a
597 2216 924 2281 significatione
946 2215 1136 2273 AltariS,
1171 2217 1300 2282 quod
1338 2217 1392 2265 fit
1426 2217 1845 2282 repraesentativum
1867 2220 2019 2267 omnis
2043 2219 2192 2267 cultus
2215 2220 2262 2265 in
2285 2234 2366 2281 ge·

358 2301 481 2342 nere,
515 2284 574 2332 de
596 2298 689 2347 qua
706 2284 834 2346 prius
856 2299 888 2330 n
907 2301 918 2330 t
941 2300 1000 2348 92
1013 2301 1051 2332 1.
1098 2284 1187 2331 Per
1202 2283 1382 2332 cultum
1398 2286 1446 2332 in
1462 2283 1586 2332 sensu
1602 2286 1781 2334 interno
1797 2285 2065 2349 intelligitur
2087 2286 2237 2334 omnis
2255 2301 2366 2332 con-

300 2348 303 2354 ⁴
348 2350 534 2416 jun&io
555 2366 636 2413 per
659 2364 862 2396 amorem
882 2350 931 2396 &
955 2348 1232 2408 charitatem,
1268 2350 1413 2398 homo
1447 2350 1496 2399 in
1529 2351 1660 2399 cultu
1681 2350 1746 2400 est
1767 2353 1981 2400 continue
2005 2368 2114 2400 curn
2148 2350 2212 2399 est
2251 2352 2296 2398 in
2321 2366 2368 2398 a-

358 2430 487 2465 more
510 2416 560 2464 &
574 2415 800 2471 charitate,
825 2414 975 2462 cultus
991 2427 1200 2463 externus
1222 2416 1286 2464 est
1309 2415 1457 2465 solum
1481 2417 1701 2474 effestus3
1738 2417 1909 2482 Angeli
1934 2418 1981 2464 in
2005 2411 2224 2466 tali'cultu
2247 2417 2365 2472 sunt,
2442 2464 2454 2474 ,

359 2483 497 2547 quare
536 2481 660 2545 apud
683 2479 782 2527 illos
822 2478 886 2526 est
915 2481 1494 2544 perpetuum'sabbathum,
1531 2484 1637 2532 inde
1667 2501 1852 2548 quoque
1875 2482 2138 2532 sabbathum
2174 2485 2219 2530 in
2245 2482 2367 2530 sensu

360 2550 538 2597 interno
559 2546 780 2611 fignificat
803 2545 1025 2608 Regnum
1041 2547 1237 2593 Domini
1257 2564 1269 2594 ε
1305 2547 1377 2595 sed
1403 2549 1569 2606 horno‚‘
1598 2565 1707 2597 cum
1730 2552 1777 2596 in
1801 2550 1978 2596 mundo
2007 2550 2086 2607 est,
2124 2565 2214 2597 non
2233 2549 2369 2595 debet

360 2615 488 2662 aliter
509 2629 650 2679 quarn
671 2612 756 2660 effe
779 2627 966 2675 quoque
988 2612 1036 2659 in
1058 2611 1186 2659 cultu
1209 2618 1412 2669 externo,
1448 2614 1506 2660 ab
1528 2625 1713 2662 externo
1736 2616 1859 2662 enim
1883 2614 2010 2662 cultu
2031 2618 2283 2663 excitantur
2299 2616 2367 2661 in-

356 2693 499 2738 terna,
536 2682 586 2728 &
618 2694 699 2743 per
729 2689 969 2725 externum
1000 2678 1179 2726 cultum
1204 2690 1414 2726 tenentur
1440 2691 1626 2727 externa
1650 2682 1697 2727 in
1720 2679 1944 2728 sanetitate
1966 2693 2019 2728 ut
2052 2682 2236 2727 influere
2264 2678 2370 2743 pos·

359 2747 445 2794 sint
467 2749 673 2801 interna;
709 2756 876 2808 praeter
899 2745 1026 2807 quod
1049 2744 1281 2791 imbuatur
1303 2744 1445 2792 homo
1466 2745 1528 2793 fic
1553 2746 1908 2810 cognitionibus,
1944 2747 1994 2793 &
2017 2758 2295 2810 praeparetur
2309 2746 2368 2793 ad

362 2813 619 2875 recipienda
662 2809 875 2865 coelestia,
911 2822 964 2857 ut
1001 2811 1052 2859 δι
1092 2810 1288 2858 donetur
1320 2810 1505 2858 statibus
1529 2812 1783 2869 sanctitatis,
1819 2811 1947 2876 quod
1977 2810 2067 2878 ipse
2092 2811 2248 2869 nescit,
2286 2814 2368 2876 qui

364 2877 499 2931 status
521 2878 759 2926 sanctitatis
781 2892 807 2923 a
828 2877 1036 2924 Domino
1059 2878 1100 2924 ei
1122 2876 1438 2925 conservantur
1454 2879 1500 2926 in
1525 2877 1657 2927 usum
1674 2880 1786 2928 vitae
1811 2891 1994 2927 zeternae
2009 2901 2026 2936 3
2059 2890 2220 2929 omnes
2243 2881 2366 2929 enim

363 2940 460 3006 ejus
480 2945 591 2992 vitae
614 2943 747 2992 status
768 2942 958 2993 redeunt
981 2946 1027 2992 in
1052 2943 1190 2993 altera
1211 2944 1318 2993 vita.

1323 3195 1372 3244 Y
1396 3213 1426 3262 y
1451 3212 1484 3263 y
1814 3169 1815 3172 Ἴ
1868 3227 1872 3232 -
1971 3228 1973 3230 ·
2199 3195 2374 3250 ‚Conti-
