2788 3736
682 240 1162 306 CAPUT
1258 241 1967 306 TERTIUM.
2284 249 2379 311 81'·

384 377 387 378 ⁷
431 395 545 448 304.
579 378 658 427 Ex
678 378 749 428 his
770 377 962 437 constat,
997 379 1124 443 quod
1149 380 1248 428 haec
1272 379 1375 437 lint,
1409 394 1518 443 quae
1551 379 1870 444 intelliguntur
1886 396 1970 445 per
1988 380 2127 429 verba
2162 380 2278 439 haec,
2293 386 2297 389 ’
2314 400 2370 432 ne

358 447 474 496 forte
497 447 650 494 mittat
672 461 863 494 manum
885 445 1028 503 suam,
1063 447 1114 493 δε
1137 445 1284 494 sumat
1322 447 1459 493 etiam
1489 444 1546 492 ab
1568 445 1723 494 arbore
1746 447 1961 504 vitarum,
1997 449 2047 496 δε
2070 448 2190 506 edat,
2227 450 2275 495 &
2296 452 2370 497 vi·

357 525 436 560 vat
456 514 505 559 in
526 524 780 566 aeternum·‚
814 510 988 559 sumere
1011 511 1067 559 ab
1086 512 1244 558 arbore
1275 512 1493 566 vitarum,
1528 511 1579 558 ὅτ
1602 511 1750 568 edere,
1785 512 1849 560 est
1887 513 2011 570 scire,
2047 510 2188 577 usque
2210 526 2263 563 ut
2287 530 2368 578 ag-

358 578 527 634 noscat,
563 577 785 642 quicquid
808 577 874 624 est
893 579 1059 626 amoris
1088 577 1140 624 ὅτ
1163 575 1290 632 fidei,
1325 591 1433 623 nam
1453 578 1566 623 vitae
1589 579 1637 624 in
1659 576 1822 640 plurali
1862 578 1964 626 sunt
1999 595 2130 627 amor
2147 580 2200 628 δε
2221 580 2334 628 fides
2351 604 2368 637 ;

357 645 488 692 edere
512 644 735 706 fignificat
754 643 828 691 hic
850 654 904 690 ut
922 644 1048 704 prius
1080 641 1232 696 noste,
1267 641 1420 688 vivere
1454 642 1503 688 in
1523 654 1765 699 aeternum,
1800 659 1892 691 non
1925 643 1991 691 est
2011 646 2165 693 vivere
2188 648 2235 693 in
2269 662 2368 694 cor-

356 726 468 775 pore
490 711 536 756 in
561 722 799 765 aeternum‚
833 707 909 756 sed
932 708 1086 754 vivere
1102 705 1207 771 post
1226 719 1438 755 -mortem
1461 708 1508 754 in
1532 707 1821 756 damnatione
1859 721 2060 765 aeterna·,
2094 711 2252 768 homo,
2286 715 2368 776 qui

360 788 585 832 mortuus,
626 791 719 823 non
751 774 857 820 ideo
889 783 1080 820 vocatur
1118 785 1345 831 mortuus,
1380 773 1508 838 quod
1546 775 1796 823 moriturus
1831 774 1935 839 post
1966 777 2111 823 vitam
2150 782 2390 842 corporis,·

358 842 434 891 sed
455 841 584 906 quod
603 841 807 887 vffiurus
823 839 975 885 *vitam
999 839 1176 896 mortis,
1211 855 1319 887 nam
1358 855 1483 887 mors
1522 839 1587 887 est
1608 840 1842 888 damnatio
1873 842 1925 888 δε
1949 839 2210 898 infernum;
2246 844 2368 891 fimi-

357 908 460 955 liter
478 906 723 972 pei-vivere
745 903 1024 968 significatur
1045 905 1169 969 apud
1190 904 1502 963 Ezechielem,
1529 911 1565 934 “
1588 907 1783 968 Animas
1796 908 2027 955 venamini
2050 908 2224 971 populo
2247 925 2368 965 meo,

357 979 395 1003 “
427 973 479 1020 ac
518 973 689 1020 animas
710 971 842 1019 vobis
862 971 1017 1019 vivere
1031 969 1193 1028 facitis,
1219 972 1269 1019 &
1282 971 1590 1036 prophanastis
1608 973 1695 1021 Me
1711 973 1835 1036 apud
1857 973 2085 1037 populum
2110 990 2285 1031 meum,
2311 977 2368 1022 ad

359 1042 396 1086 ‘.‘
428 1037 735 1086 occidendum
765 1037 952 1092 animas,
989 1052 1098 1100 quae
1122 1053 1215 1085 non
1254 1040 1502 1096 morientur,
1538 1039 1589 1086 &
1613 1038 1673 1086 ad
1691 1042 1844 1088 vivere
1881 1038 2144 1088 faciendum
2178 1043 2366 1098 animas,

359 1109 396 1132 “
428 1119 537 1168 quae
559 1119 652 1151 non
674 1103 877 1160 vitent?
901 1118 998 1150 κη]
1021 1121 1033 1151 :
1076 1107 1150 1160 18,
1184 1121 1257 1167 19.

427 1185 538 1234 305.
573 1167 714 1216 Vers:
753 1186 830 1232 23.
871 1169 937 1216 Et
959 1168 1088 1228 emisit
1111 1186 1203 1218 eum
1224 1169 1430 1234 Jehovah
1448 1171 1570 1218 Deus
1589 1188 1640 1219 ex
1663 1171 1788 1219 horto
1809 1171 1948 1229 Eden,
1983 1171 2044 1220 ad
2063 1172 2270 1222 colendum
2291 1173 2372 1220 hu-

356 1252 486 1293 mum,
521 1252 571 1284 ex
593 1252 677 1300 qua
689 1235 872 1298 ficmtus.
941 1232 1064 1298 Ejici
1085 1252 1144 1283 ex
1168 1235 1303 1285 horto
1325 1236 1478 1293 Eden,
1512 1235 1578 1284 est
1615 1238 1783 1301 privari
1821 1239 1951 1285 omni
1990 1237 2288 1303 intelligentia
2321 1241 2392 1287 &⁰

359 1301 606 1366 sapientia:
642 1301 789 1366 colere
812 1301 1030 1358 humum,
1064 1317 1124 1350 ex
1162 1318 1256 1366 qua
1288 1301 1479 1360 sumtus,
1514 1302 1578 1351 est
1609 1303 1706 1352 fieri
1728 1319 1989 1369 corporeus,
2022 1304 2139 1353 ficut
2159 1303 2248 1353 fuit
2270 1318 2390 1354 ante*

362 1369 762 1432 regenerationem.

383 1467 388 1470 -
426 1434 574 1499 Qod
597 1432 699 1498 ejici
718 1446 784 1481 ex
798 1433 934 1481 horto
954 1433 1087 1490 Eden
1110 1433 1165 1481 fit
1187 1435 1354 1498 privari
1392 1437 1525 1484 omni
1546 1435 1845 1500 intelligentia
1865 1436 1915 1484 ὅτ
1938 1437 2167 1500 sapientia,
2202 1434 2377 1485 constat

357 1515 416 1548 ex
441 1500 768 1564 significatione
780 1500 949 1557 Horti,
974 1500 1024 1547 δε
1048 1498 1237 1558 Edenis‚
1261 1500 1319 1548 de
1342 1517 1435 1564 qua
1456 1503 1609 1565 prius:
1645 1503 1828 1550 Hortus
1850 1503 1974 1550 enim
1996 1503 2219 1567 fignificat
2241 1503 2372 1551 intel·

251 1600 256 1601 ν
355 1565 590 1629 ligentiam
625 1565 699 1613 seu
722 1565 1003 1614 intelledmm
1026 1565 1158 1622 veri;
1192 1567 1243 1615 &
1266 1566 1419 1625 Eden,
1453 1570 1561 1632 quia
1582 1584 1804 1626 amorem,
1839 1568 2065 1632 fignificat
2089 1568 2366 1634 sapientiam,

363 1630 439 1680 seu
461 1631 747 1680 voluntatem
771 1631 895 1679 boni.

423 1698 571 1761 Qod
594 1698 740 1747 colere
779 1697 978 1746 humum
1017 1714 1075 1747 ex
1110 1714 1203 1762 qua
1234 1697 1426 1757 sumtus,
1462 1699 1516 1748 fit
1547 1700 1646 1747 fieri
1675 1717 1939 1764 corporeus,
1986 1700 2102 1750 ficut
2144 1699 2235 1749 fuit
2272 1713 2375 1751 ante

357 1766 760 1828 regenerationem,
803 1763 1031 1812 ostensum
1058 1763 1124 1811 est
1146 1766 1272 1827 prius
1293 1765 1349 1813 ad
1367 1765 1496 1814 vers:
1537 1783 1614 1830 19,
1638 1766 1717 1813 ubi
1741 1766 1902 1814 fimilia
1923 1767 2072 1815 verba.

427 1830 536 1894 306.
572 1828 716 1878 vers:
756 1845 836 1891 24.
866 1830 931 1877 Et
962 1831 1084 1894 (jecit
1115 1829 1353 1886 hominem;
1387 1830 1443 1880 ΕΞ
1483 1832 1684 1880 habitare
1709 1832 1824 1894 fecit
1852 1834 1912 1882 ab
1933 1835 2091 1881 oriente
2120 1833 2183 1882 ad
2199 1834 2377 1883 hortum

357 1895 516 1946 Edenis
531 1895 747 1944 'Cbmbos
762 1917 779 1950 ς
813 1894 1108 1956 &flama-uam
1132 1895 1278 1957 gladii
1314 1899 1524 1944 vertentis
1551 1901 1618 1960 se,
1653 1898 1715 1945 ad
1741 1898 2041 1959 custodiendum
2062 1901 2183 1947 viam
2204 1901 2372 1948 arboris

355 1963 564 2009 ztitmm.
634 1958 813 2024 Ejicere
835 1959 1072 2009 hominem
1103 1959 1171 2009 est
1209 1960 1390 2024 prorsus
1421 1963 1600 2026 privare
1624 1964 1755 2011 omni
1784 1964 2019 2012 voluntate
2055 1964 2182 2022 boni,
2217 1967 2268 2014 δε
2305 1968 2376 2013 in-

355 2026 539 2075 telleetu
571 2027 688 2083 veri,
724 2025 865 2092 usque
887 2025 1017 2081 adeo,
1053 2037 1107 2075 ut
1128 2026 1184 2074 ab
1218 2026 1305 2074 illis
1343 2026 1581 2092 separetur,
1620 2029 1672 2076 &
1711 2045 1805 2077 non
1840 2029 1896 2078 sit
1925 2030 2083 2078 homo.
2152 2031 2375 2081 Habitare

357 2090 505 2140 facere
537 2092 594 2141 ab
631 2094 802 2140 oriente
821 2091 1075 2150 Cherubos,
1110 2091 1176 2140 est
1214 2094 1471 2158 providere,
1510 2111 1567 2143 ne
1596 2096 1763 2148 ¹intrare
1798 2097 1932 2160 poffit
1964 2098 2011 2144 in
2035 2097 2222 2161 aliquod
2251 2115 2374 2146 arca-

355 2173 472 2207 num
496 2158 602 2206 fidei
621 2181 653 2215 ·‚‡
673 2174 782 2207 nam
801 2159 968 2207 Oriens
982 2157 1052 2207 ad'
1075 2158 1266 2208 hortum
1286 2160 1458 2208 Edenis
1493 2160 1558 2208 est
1580 2160 1795 2219 Coeleste‚
1830 2178 1889 2210 ex
1923 2179 2020 2226 quo
2043 2164 2373 2227 intelligentia:

356 2240 440 2288 per
461 2224 699 2274 Cherubos
721 2224 1001 2289 significatur
1022 2224 1319 2274 Providentia
1336 2227 1550 2284 Domini,
1576 2244 1633 2275 ne
1649 2227 1791 2280 homo
1813 2228 1912 2277 talis
1928 2230 2066 2276 intret
2088 2230 2135 2277 in
2153 2228 2251 2286 illa,
2267 2246 2389 2294 quae-

357 2288 459 2340 fiant
479 2290 620 2339 fidei:
656 2307 738 2354 per
775 2290 1010 2340 flammam
1049 2291 1192 2356 gladii
1216 2295 1432 2340 vertentis
1471 2292 1514 2341 se
1536 2293 1816 2356 significatur
1854 2311 1984 2343 amor
2015 2298 2228 2360 proprius
2266 2307 2389 2344 cum'v

361 2354 531 2414 vesanis
569 2354 664 2421 ejus
706 2357 1031 2422 cupiditatibus
1070 2358 1121 2405 ὅτ
1159 2358 1268 2408 inde
1305 2358 1678 2422 persuasionibus,
1732 2377 1839 2424 quae
1876 2360 1979 2408 sunt
2017 2361 2141 2420 tales,
2178 2375 2231 2409 ut
2273 2365 2378 2426 qui·

356 2420 466 2469 dem
499 2422 663 2472 intrare
705 2423 835 2480 velit,
892 2422 970 2471 sed
1015 2421 1184 2472 feratur
1230 2424 1394 2475 abinde
1432 2425 1491 2474 ad
1545 2441 1762 2490 corporea
1806 2428 1856 2475 &
1902 2427 2136 2485 terrestria,
2193 2429 2242 2477 ὅτ
2289 2430 2377 2478 hoc

356 2486 415 2600 asid
431 2486 823 2600 &custodiendum
854 2490 981 2537 viam
1018 2488 1188 2540 arboris
1225 2492 1447 2549 vitarum,
1505 2493 1632 2556 quod
1678 2491 1761 2550 est,
1810 2509 1866 2541 ne
1913 2493 2190 2558 prophanare
2245 2498 2380 2559 poffit

376 2569 431 2600 an
479 2569 518 2600 a.
686 2578 690 2580 ·
903 2593 906 2596 ⁴
1009 2598 1014 2603 .
1271 2602 1274 2605 ,

427 2617 538 2684 307.
574 2619 751 2682 Agitur
778 2619 853 2667 hic
891 2619 950 2667 de
984 2619 1101 2669 sexm
1139 2621 1191 2669 &
1226 2621 1413 2686 septima
1446 2623 1717 2687 posteritate,
1759 2641 1865 2688 quse
1890 2627 2023 2689 periit
2055 2626 2252 2684 diluvio,
2295 2629 2376 2691 qui

356 2684 537 2748 prorsus
581 2683 710 2748 ejeeti
760 2684 863 2733 sunt
906 2685 966 2732 ab
1008 2685 1143 2738 horto
1178 2687 1368 2744 Edenis‚
1418 2688 1494 2736 seu
1530 2691 1588 2737 ab
1625 2692 1754 2742 omni
1803 2692 2099 2754 intelligentia
2152 2694 2265 2749 veri,
2323 2695 2374 2741 ὅτ

357 2747 460 2864 fac?
505 2751 631 2815 quasi
678 2767 771 2800 non
817 2750 1060 2808 homineS,
1093 2765 1230 2816 atque
1277 2754 1419 2802 relicti
1461 2755 1631 2804 vesanis
1677 2756 2000 2819 cupiditatibus
2044 2759 2094 2805 ὅτ
2132 2756 2378 2821 persuasio·

360 2831 406 2863 m
438 2832 506 2864 us.

407 2886 538 2945 ⁷308.
575 2882 707 2948 Qid
754 2883 902 2931 oriens
940 2882 1183 2949 fignificat,
1219 2885 1270 2933 δε
1304 2886 1419 2949 quid
1456 2886 1616 2935 hortus
1639 2887 1828 2945 Edenis‚
1866 2889 1991 2952 prius
2028 2888 2253 2939 ostensum
2293 2891 2385 2947 est,

358 2961 495 3009 quare
531 2948 618 2996 illis
658 2965 752 3001 non
791 2950 1166 2999 immorandum:
1212 2951 1289 3002 sed
1321 2953 1450 3016 quod
1490 2953 1690 3003 Cherubi
1736 2954 1991 3018 lignificent
2027 2957 2382 3008 Providentiam-

359 3012 570 3070 Domini,
592 3063 598 3067 ,
617 3030 675 3067 ne
709 3015 853 3064 homo
884 3032 944 3067 ex
960 3066 963 3067 γ
981 3019 1188 3081 propr10,
1212 3017 1411 3070 sensuali.
1441 3023 1487 3069 &
1531 3019 1791 3078 scientifico,
1828 3019 1985 3069 vesane
2025 3023 2159 3069 intret
2194 3024 2240 3071 in
2271 3039 2404 3085 my--.

362 3075 642 3137 steria‘fidei,
672 3081 824 3134 &illa
844 3082 1112 3146 prophana,
1127 3095 1131 3099 ’
1148 3084 1199 3134 δι
1222 3084 1282 3132 fic
1305 3099 1470 3149 pereat,
1511 3102 1569 3134 ex
1592 3086 1728 3134 nullis
1758 3101 1850 3135 non
1873 3086 1984 3134 locis
2016 3088 2066 3135 in
2084 3087 2257 3144 Verbo,
2295 3088 2374 3135 ubi
2402 3107 2406 3110 ·

361 3142 699 3197 Cherubomm.
714 3149 898 3201 mentio
936 3150 1008 3205 fit,
1056 3148 1258 3217 constare
1294 3151 1625 3265 potestMQia
1645 3151 1937 3214 Judaei-tales
1967 3166 2108 3209 erant,
2134 3167 2195 3219 ut*
2229 3154 2262 3201 fi
2294 3155 2372 3263 alii

2257 3234 2338 3279 qiu
