2788 3736
763 247 821 310 c
869 230 930 310 A’
979 231 1141 310 P³U
1172 229 1250 310 ‘T
1300 210 1412 308 “N
1456 229 1884 348 oss-Nissun.
2216 247 2366 331 31192·
2413 267 2422 316 2

360 387 513 438 versz‘
550 405 597 455 3,
636 403 714 454 34.
785 388 946 436 Cuivis
987 386 1187 436 constare
1233 383 1419 452 potest,·
1443 385 1573 450 quod
1619 384 1840 450 nusquam
1886 383 1987 432 talis
2030 382 2166 451 plaga
2210 386 2256 434 in
2300 402 2385 451 po-

354 456 469 520 pulo
534 455 643 504 asta.
670 453 833 513 fuiffet,
885 467 1123 519 propterea
1166 454 1296 519 quod
1339 451 1710 517 concupiscerent
1745 469 1943 511 carnem,
1979 453 2039 500 ita
2076 469 2169 501 non
2192 467 2384 518 propter

356 520 770 588 concupiscentiam
794 524 954 579 carnis,
990 539 1098 581 nam
1121 521 1209 569 hoc
1233 519 1433 569 naturale
1469 520 1548 577 est,
1585 535 1695 566 cum
1733 519 1787 566 ab
1824 520 1898 567 esu
1935 517 2030 583 ejus
2055 537 2136 586 per
2173 522 2402 581 multum⁸

354 592 576 654 temporis
600 590 743 638 homo
769 590 1013 647 detinetur,
1049 601 1103 636 ut
1124 601 1236 636 tunc
1260 588 1459 653 populus
1483 589 1530 634 in
1554 585 1727 634 deserto
1747 608 1762 642 3
1798 585 1873 634 sed
1911 586 2037 634 causa
2061 589 2194 635 altius
2225 589 2374 646 latuit,

353 671 466 720 quae
489 656 553 704 est
575 656 828 721 spiritualis,
865 652 994 721 quod
1015 671 1182 721 nempe
1202 655 1404 720 populus
1429 654 1530 701 talis
1553 652 1674 710 effet,
1710 666 1764 704 ut
1800 653 1981 718 prorsus
2006 653 2226 722 fastidiret
2246 655 2375 720 quod

353 724 663 788 significatum
688 727 736 772 δε
762 723 1127 788 repraesentatum
1153 733 1245 770 erat
1267 737 1350 787 per
1374 722 1616 778 Mannam,
1651 733 1703 767 ut
1729 719 1901 768 constat
1940 722 2000 768 ibi
2041 739 2226 786 quo-{ue
2250 722 2374 770 vers:

356 791 417 839 6:
455 791 505 838 δε
529 792 658 855 quod
687 796 903 856 cuperent
939 789 1087 838 solum
1119 789 1239 847 talia,
1275 805 1382 854 quae
1416 788 1666 853 significata
1710 787 1761 835 ὅτ,
1799 787 2111 852 repraesentata
2151 789 2251 837 sunt
2290 805 2376 855 per

356 858 575 916 Carnem,
603 874 768 924 nempe
790 858 975 922 propria
996 857 1268 914 voluntaria,
1293 873 1402 920 quae
1425 855 1527 903 sunt
1550 854 1876 920 cupiditatum,
1903 855 1950 901 in
1974 854 2014 901 se
2036 860 2376 905 excrementitia

353 925 405 973 &
429 909 663 990 prophana
681 949 696 982 ς
732 924 935 987 Ecclelia
956 924 1033 971 illa
1054 924 1161 988 quia
1177 922 1538 988 repraesentativa
1559 921 1663 978 fuit,
1701 938 1760 969 ex
1781 920 2168 986 repraesentatione
2192 923 2371 981 talium,

353 992 552 1055 populus
577 1005 864 1056 tam-magna
879 991 1019 1056 plaga
1039 991 1227 1054 affectus
1249 989 1339 1046 est3
1371 1005 1482 1038 ,nam
1507 1005 1613 1052 quae
1636 987 1752 1036 facta
1782 991 1829 1036 in
1857 989 2048 1053 populo,
2085 989 2372 1055 repraesenta-

355 1058 518 1108 bantur
540 1058 827 1124 spiritualiter
859 1060 920 1106 in.
934 1057 1073 1114 coelo,
1101 1056 1287 1104 'Manna
1301 1070 1305 1074 ⁴
1321 1054 1663 1120 repraesentabat
1700 1057 1746 1103 in
1786 1055 1925 1104 Coelo
1949 1056 2147 1114 coeleste,
2183 1058 2234 1105 ὅτ
2269 1073 2375 1106 caro

349 1141 489 1188 quam
507 1126 909 1190 ,concupiverung
962 1123 1148 1172 foedum
1190 1123 1503 1172 voluntarium
1526 1146 1546 1180 ·,
1578 1123 1701 1181 inde,
1737 1125 1846 1188 quia
1867 1123 1973 1172 tales
1997 1137 2139 1182 erant,
2175 1127 2371 1189 punitio.

349 1191 427 1239 Ex
449 1193 517 1240 his
542 1195 590 1240 δε
613 1192 709 1240 aliis
738 1192 849 1240 locis
879 1193 925 1239 in
949 1191 1123 1248 Verbo,
1159 1191 1358 1239 constare
1398 1189 1561 1255 potest,
1597 1190 1724 1255 quod
1769 1207 1850 1256 per
1875 1207 2055 1239 carnem
2088 1191 2370 1256 fignificetur

348 1258 674 1318 voluntarium,
711 1260 759 1318 δι’
785 1259 858 1306 hic
882 1258 1195 1319 voluntarium
1219 1258 1435 1315 hominis,
1470 1258 1599 1322 quod
1623 1274 1763 1322 quam
1801 1257 2016 1323 spurcum
2054 1259 2125 1317 fit,
2161 1260 2372 1327 videatur

347 1325 404 1371 ad
428 1325 535 1373 vers
541 1345 562 1375 ;ν
583 1344 608 1376 2
646 1323 782 1390 hujus
815 1326 1007 1390 Capitis,
1044 1325 1123 1372 ubi
1148 1326 1206 1373 de
1230 1324 1369 1373 bestia
1391 1337 1523 1373 terrae
1547 1327 1710 1390 agitur.
2337 1324 2343 1330 ’

421 1409 560 1442 1000.
599 1393 751 1458 Qod·
771 1395 924 1440 anima
953 1393 1176 1457 significet
1217 1395 1382 1450 vitam,
1436 1409 1494 1440 ex
1541 1393 1866 1457 significatione
1907 1394 2072 1442 animae
2112 1393 2158 1441 in
2192 1393 2368 1454 Verbo,

349 1459 507 1507 multis
532 1460 643 1508 locis
674 1460 875 1508 constare
917 1458 1100 1525 potest;
1134 1461 1317 1521 ‘Anima
1347 1460 1396 1508 in
1429 1459 1586 1508 Verbo
1630 1462 1677 1506 in
1717 1475 1880 1524 genere
1914 1461 2138 1525 fignificat
2176 1477 2366 1510 omnem

346 1528 510 1584 vitam,
546 1540 640 1575 tam
667 1528 887 1576 internam
912 1527 985 1574 seu
1011 1527 1172 1575 interni
1187 1526 1404 1585 hominis,
1429 1530 1818 1592 quamexternam
1844 1526 1917 1574 feu
1944 1529 2115 1576 externi
2139 1527 2365 1586 hominis;

343 1593 407 1652 δε,
420 1596 526 1658 quia
548 1610 734 1642 omnem
760 1597 921 1652 vitam,
957 1594 1182 1658 fignificat
1198 1594 1335 1642 talem
1356 1596 1520 1651 vitam,
1556 1594 1698 1658 qualis
1722 1593 1786 1642 est
1819 1595 2018 1644 hominis
2043 1595 2099 1643 de
2129 1612 2224 1660 quo
2247 1613 2367 1661 prae-

345 1660 555 1718 dicatur,
591 1662 665 1709 hic
698 1663 972 1725 praedicatur
1004 1662 1062 1708 de
1096 1661 1208 1708 Vita
1241 1661 1440 1708 hominis
1474 1660 1736 1725 regenerati,
1772 1677 1878 1726 quae
1904 1661 2096 1726 separata
2132 1663 2196 1711 est
2233 1681 2258 1711 a
2281 1680 2366 1712 vo-

344 1726 540 1775 luntario
564 1728 796 1784 hominis;
832 1745 955 1785 nam,
991 1739 1045 1774 ut
1067 1730 1191 1792 prius
1215 1727 1410 1785 dictum,
1440 1729 1535 1774 vita
1557 1744 1692 1786 nova,
1726 1744 1869 1792 quam
1905 1731 2073 1794 accipit
2106 1730 2253 1778 homo
2295 1746 2365 1779 re·

345 1806 582 1855 generatus
616 1793 854 1858 spiritualis
876 1810 902 1841 a
921 1795 1148 1851 Domino,
1184 1793 1364 1858 prorsus
1389 1793 1580 1858 separata
1602 1794 1666 1842 est
1706 1811 1732 1842 a
1763 1795 2025 1843 voluntario
2061 1796 2135 1844 seu
2161 1800 2363 1862 *proprio

344 1855 563 1918 hominis,
596 1859 670 1909 feu
694 1877 719 1908 a
740 1863 929 1925 propria·
944 1860 1143 1910 hominis
1179 1862 1292 1918 vita,
1333 1877 1441 1925 quae
1475 1877 1567 1908 non
1603 1865 1699 1909 vita
1736 1861 1816 1916 est,
1853 1863 2026 1910 tametsi
2046 1865 2123 1927 *ita
2153 1876 2360 1923 vocatur,

342 1925 418 1972 sed
441 1926 505 1973 est
538 1943 679 1984 mors,
714 1928 823 1991 quia
851 1929 946 1975 vita
985 1925 1212 1975 infernalis
1236 1950 1251 1984 ς
1282 1943 1419 1991 quare
1440 1928 1515 1976 hic
1554 1943 1658 1976 caro
1682 1929 1728 1975 in
1759 1930 1908 1977 anima
1944 1927 2056 1995 ejus,
2091 1946 2231 1994 quam
2264 1948 2394 1997 non-p

344 1993 652 2051 comederent,
689 1993 914 2057 fignificat
935 2011 1118 2043 carnem
1142 2010 1232 2042 una
1255 2010 1367 2042 cum
1390 1997 1541 2042 anima
1563 1993 1676 2059 ejus,
1713 1995 1801 2043 hoc
1824 1995 1905 2055 est,
1942 1997 2070 2061 quod
2111 2014 2204 2045 non
2227 2014 2359 2046 com-

342 2057 580 2108 miscerent
610 2063 756 2108 vitam
781 2060 896 2109 hanc
930 2078 1118 2119 novam,
1153 2077 1261 2126 quae
1289 2062 1350 2109 est
1367 2062 1579 2119 Domini,
1615 2078 1728 2109 curn
1743 2064 1839 2110 vita
1857 2063 1975 2110 mala
1998 2063 2072 2111 seu
2094 2075 2358 2114 excremen-

341 2127 454 2184 titia,
489 2143 597 2191 quae
628 2126 692 2175 est
728 2127 944 2186 hominis,
981 2128 1067 2176 hoc
1091 2128 1171 2185 est,
1208 2144 1317 2177 cum
1341 2128 1600 2182 voluntario
1622 2129 1695 2176 seu
1719 2131 1907 2194 proprio
1930 2128 2038 2194 ejus.

415 2211 554 2244 1001.
593 2194 739 2259 Qod
763 2194 940 2259 sanguis
979 2195 1202 2260 significet
1242 2196 1521 2253 charitatem,
1570 2214 1596 2245 a
1635 2197 1794 2244 multis
1827 2196 2025 2245 constare
2064 2194 2241 2263 potest}
2295 2201 2357 2248 ita

340 2268 519 2307 novum
547 2261 873 2321 voluntarium,
897 2263 1024 2326 quod
1042 2263 1186 2311 homo
1207 2276 1493 2328 regeneratus
1517 2262 1754 2330 spiritualis
1777 2266 1944 2328 accipit
1961 2280 1988 2312 a
2002 2266 2228 2323 Domino,
2264 2266 2358 2314 hoc>

342 2332 520 2373 novum
543 2327 854 2385 voluntarium
879 2330 1006 2378 idem
1030 2329 1094 2379 est
1117 2347 1167 2378 ac
1189 2331 1393 2391 charitas,
1429 2347 1536 2378 nam
1551 2347 1616 2378 ex
1646 2331 1858 2381 charitate
1878 2330 2102 2380 formatur
2124 2348 2245 2380 nova
2266 2347 2351 2382 vo·
2393 2346 2396 2350 '

340 2391 522 2449 luntas3
559 2393 744 2442 charitas
777 2396 898 2443 enim
933 2395 1007 2444 seu
1040 2414 1169 2445 amor
1200 2397 1264 2446 est
1295 2397 1445 2462 ipsum
1468 2398 1687 2446 essentiale
1710 2398 1783 2446 seu
1814 2401 1908 2446 vita
1941 2399 2205 2458 voluntatis,
2240 2416 2349 2449 nam

339 2458 560 2523 nusquam
590 2460 747 2524 aliquis
780 2461 1103 2527 dicere‘potest,
1130 2465 1258 2528 quod
1280 2466 1407 2527 velit,
1433 2465 1514 2512 nifi
1550 2482 1608 2513 ex
1627 2482 1683 2513 eo
1732 2465 1827 2514 uod
1852 2465 2015 2531 diligat
2038 2480 2115 2514 aut
2139 2481 2263 2515 amet
2287 2468 2346 2515 il-
2387 2528 2390 2531 Ι

340 2525 423 2572 lud
443 2527 611 2591 ,quod
625 2527 775 2575 dicant
794 2526 835 2574 se
849 2531 1047 2592 cogitare
1062 2530 1194 2588 illud,
1210 2549 1304 2579 non
1326 2531 1388 2591 est
1402 2532 1536 2590 velle,
1559 2533 1639 2580 nili
1656 2483 1773 2581 veile
1796 2535 2062 2596 cogitationi
2079 2535 2203 2583 infit:
2246 2535 2347 2584 haec

334 2608 457 2640 nova
473 2594 700 2651 voluntas,
725 2611 841 2658 quae
854 2595 921 2642 est*
939 2595 1178 2654 charitatis,
1211 2598 1275 2645 est
1291 2598 1367 2645 hie
1390 2596 1566 2662 sanguis
1584 2623 1598 2655 ;
1635 2615 1739 2663 quae
1775 2601 1985 2648 voluntas
2007 2617 2099 2648 non
2116 2600 2179 2648 est
2195 2602 2346 2649 homi-

338 2659 523 2720 niS‚,sed
540 2662 734 2708 Domini
757 2661 880 2726 apud
903 2661 1139 2710 hominem
1153 2686 1172 2718 ·,,
1196 2676 1302 2727 qua:
1316 2665 1425 2729 quia
1439 2666 1652 2723 Domini,
1671 2665 1894 2730 nusquam
1911 2666 2247 2715 commiscenda
2262 2668 2342 2725 est,
2387 2718 2390 2728 ἱ

338 2741 446 2773 cum
477 2725 579 2784 illis,
617 2745 724 2792 quae
758 2727 863 2776 sunt
892 2729 1138 2777 voluntatis
1159 2730 1362 2787 hominis.
1381 2747 1490 2794 quae
1527 2730 1785 2790 tam—foeda,
1820 2746 1874 2780 ut
1908 2733 2112 2790 dictum3
2155 2735 2259 2782 ideo
2293 2736 2341 2784 in
2384 2794 2386 2797 r

336 2791 537 2841 Ecclesia
574 2793 935 2860 repraesentativa
970 2797 1267 2856 mandatum„
1321 2793 1374 2844 ut
1408 2814 1501 2845 non
1541 2798 1833 2847 comederent
1866 2816 2046 2861 carnem
2095 2801 2158 2847 in.
2189 2803 2343 2850 anima

336 2856 448 2920 ejus,
484 2860 557 2908 seu
588 2861 868 2926 sanguinem,
904 2863 992 2922 hoc
1025 2864 1107 2922 est,
1131 2865 1259 2929 quod
1284 2881 1375 2912 non
1400 2865 1758 2921 commiscerent.
1829 2867 2041 2930 Sanguis,
2075 2867 2182 2931 quia
2199 2867 2340 2933 figni-

336 2925 498 2973 fieabat
519 2926 795 2986 charitatem,
819 2930 1101 2994 significabat
1128 2931 1331 2979 sanctum
1354 2954 1368 2988 ;
1405 2932 1454 2979 &
1478 2940 1582 2980 car'o
1604 2934 1710 2996 quia
1724 2931 2003 2996 fignificabat
2025 2934 2338 2985 voluntarium

333 2990 549 3050 hominis,
583 2994 860 3058 significabat
882 2998 1188 3064 prophanum,
1224 3013 1332 3063 quae
1354 3000 1460 3063 quia
1480 2998 1671 3063 separata
1693 2999 1812 3058 sunt,
1846 3017 1954 3050 nam
1987 3005 2223 3060 contraria,
2258 3020 2338 3051 ve·-

331 3061 472 3107 titum
496 3075 552 3106 ne
575 3059 1239 3126 languinem.commederent;‚
1264 3083 1371 3114 nam
1402 3083 1484 3130 per
1515 3065 1639 3114 esum
1673 3068 1818 3115 carnis
1850 3069 1958 3116 cum
1998 3068 2228 3133 sanguine,
2267 3087 2337 3119 re-

330 3125 682 3191 praesentabatur
703 3139 812 3175 tunc
836 3129 884 3176 in
904 3131 1044 3179 Coelo
1066 3133 1380 3197 prophanatio,
1415 3133 1489 3180 seu
1527 3135 1805 3182 commixtio
1842 3134 1978 3183 lancti
2008 3137 2057 3184 &
2092 3138 2335 3200 prophani,

331 3211 438 3258 quae
463 3192 791 3258 repraesentatio
832 3196 878 3242 i'n
902 3197 1038 3253 coelo,
1091 3216 1183 3246 non
1211 3202 1364 3263 potuit
1397 3201 1522 3248 aliter
1567 3211 1698 3248 tunc'
1715 3218 1857 3266 quam
1895 3203 2130 3250 horrorem
2166 3204 2335 3265 angelis
2387 3229 2390 3231 Δ

330 3263 528 3311 incutere
547 3282 562 3316 3
597 3275 706 3307 nam
729 3272 838 3308 tunc
862 3266 1080 3327 temporis
1104 3267 1267 3314 omnia
1289 3282 1396 3330 quae
1417 3266 1663 3324 existebant
1696 3269 1818 3334 apud
1841 3269 2078 3317 hominem
2102 3268 2335 3380 Ecsslefiae,

2049 3347 2173 3381 verte
2206 3347 2339 3383 antur
