2788 3736
439 257 631 320 314*
984 226 1046 291 G
1138 227 1200 290 E
1292 224 1394 290 N
1464 224 1526 290 E
1620 225 1673 292 s
1762 227 1842 294 1.
1884 226 1958 298 S.

437 367 633 431 pastores
679 364 848 431 pecoris
883 363 1092 420 Abrami,
1129 363 1317 426 &inter
1353 363 1547 429 pastores
1583 365 1758 429 pecoris
1781 365 1959 426 Lothi‚'
1976 365 2084 432 qussae
2107 365 2436 422 incontinenter

435 438 702 498 praecedunt
722 455 734 488 ;
770 430 897 479 causa
919 443 1028 487 erat,
1053 431 1160 494 quia
1181 431 1426 479 Canaanita
1449 433 1497 478 &
1522 431 1706 479 Perifita
1727 432 2018 481 habitabat-in
2040 447 2168 485 terra.

516 517 652 563 1574.
690 497 834 561 Qod
859 498 1101 545 Canaanita
1124 497 1344 560 significet
1369 498 1541 545 malum
1567 514 1592 545 a
1616 511 1758 546 matre
1790 499 2129 549 haereditarium
2152 503 2200 551 in
2231 505 2437 556 Externo
2506 522 2511 524 ·

435 568 670 621 Homine,
705 563 931 612 ostensum
955 563 1018 611 est
1035 565 1175 628 prius,
1211 580 1270 612 n:
1316 582 1458 624 1444,
1495 565 1623 628 quod
1641 577 1793 612 autem
1817 566 2002 614 Perifita
2023 567 2245 633 significet
2272 569 2434 621 falsum

431 649 492 679 ex
518 631 656 688 malo,
694 630 867 679 constat
889 647 946 678 ex
962 630 1056 678 aliis
1074 630 1183 678 locis
1201 632 1247 677 in
1270 630 1442 688 Verbo,
1479 631 1558 678 ubi
1583 632 2055 691 Perifitanominatur,
2092 646 2146 681 ut
2167 635 2225 683 de
2241 637 2435 697 Jacobo,

438 704 473 725 “
508 699 640 746 Dixit
665 697 865 759 Jacobus
882 697 939 744 ad
962 697 1281 747 Schimeonem
1305 698 1355 745 &
1371 698 1428 745 ad
1445 698 1582 754 Levi,
1617 698 1907 762 perturbastis
1925 716 2016 757 me,
2052 699 2207 749 faetere
2229 701 2438 754 faciendo

438 770 473 793 ‘⁶
510 781 584 812 me
620 765 744 829 apud
777 764 1073 823 habitatorem
1121 776 1267 821 terrae,
1302 763 1424 827 apud
1449 765 1733 823 Canaanitas,
1767 766 1818 814 ὅτ
1846 766 1969 830 apud
1993 768 2218 827 Pmfitas‘,
2244 770 2305 817 v&
2345 786 2437 835 ego

438 836 472 858 ‘⁶
509 832 718 879 mortales
742 832 937 888 numeri,
973 830 1380 894 &congregabunt
1401 828 1443 878 se
1466 830 1597 896 supra
1613 848 1704 889 me,
1741 833 1791 880 δε
1814 834 2067 896 percutient
2084 850 2174 892 me,
2211 835 2261 884 δι
2278 837 2439 901 perdar

438 904 473 927 “
508 914 596 962 ego
620 900 670 946 δε
694 898 861 946 domus
880 898 1030 954 mea,''
1054 897 1189 945 Gen:
1226 913 1412 946 xxxw:
1454 915 1529 961 30.
1566 898 1646 945 ubi
1676 899 1890 959 ⁸similiter
1918 915 1999 964 per
2025 902 2316 950 Canaanitam
2348 903 2439 968 fig-

436 965 646 1012 nificatur
679 964 872 1022 malurn,
905 965 956 1012 &
982 979 1074 1028 per
1097 963 1328 1012 Perifitam
1351 962 1528 1012 falsum.
1598 966 1747 1029 Apud
1777 965 1983 1027 Josuam,
2022 971 2055 995 “
2078 968 2216 1016 Dixit
2237 968 2296 1017 ad
2319 969 2440 1019 filios

437 1036 474 1060 “
509 1031 700 1095 Josephi
731 1030 884 1093 Josua,
919 1030 953 1078 s1
977 1030 1175 1095 populus
1200 1030 1374 1079 multus
1396 1042 1465 1088 tu,
1498 1030 1683 1079 ascende
1718 1031 1804 1079 tibi
1828 1034 1876 1079 in
1908 1032 2099 1096 sylvam,
2128 1034 2438 1085 &exscindas

438 1102 474 1124 ‘⁶
510 1097 592 1145 tibi
612 1099 672 1144 ibi
691 1099 737 1144 in
761 1109 878 1145 terra
892 1097 1087 1161 Perisaei,
1106 1099 1156 1145 δε
1179 1098 1409 1159 Rephaim‚
1446 1097 1479 1145 fi
1501 1097 1718 1161 angustus
1735 1098 1818 1144 tibi
1843 1114 1975 1146 mons
1999 1100 2272 1162 Ephraim,''
2291 1117 2402 1150 xvn
2424 1121 2437 1153 :

442 1181 518 1228 15.
556 1164 633 1213 ubi
661 1180 738 1228 per
762 1161 979 1211 Perisaeos
1011 1163 1320 1225 fignificanrur
1364 1164 1584 1230 principia
1620 1162 1735 1220 falfi,
1770 1180 1851 1227 per
1890 1165 2117 1228 Rephaim
2141 1166 2439 1229 persuafiones

439 1230 551 1287 falfi,
587 1247 693 1294 quae
717 1229 1023 1293 exstirparent,
1057 1244 1165 1275 nam
1196 1244 1334 1276 mons
1356 1229 1581 1291 Ephraim
1615 1230 1663 1275 in
1681 1228 1804 1276 sensu
1827 1231 2005 1279 interno
2027 1231 2090 1279 est
2112 1233 2440 1298 intelligentia:

436 1299 484 1344 in
522 1297 666 1344 Libro
685 1296 923 1357 Judicum,
960 1299 996 1323 “
1013 1293 1122 1342 Post
1142 1307 1337 1342 mortem
1365 1293 1534 1355 Josuae,
1574 1295 1628 1342 ὅτ
1652 1296 2043 1359 interrogaverunt
2065 1297 2149 1345 filii
2171 1298 2337 1348 Israelis
2359 1302 2441 1363 Je-

436 1369 475 1392 “
510 1363 697 1419 hovam,
733 1362 945 1418 dicend0,
981 1362 1084 1425 quis
1107 1360 1308 1408 ascendet
1328 1361 1458 1408 nobis
1483 1362 1543 1408 ad
1565 1362 1868 1420 Canaanitam,
1902 1362 1951 1410 in
1988 1364 2121 1411 initio
2150 1365 2209 1412 ad
2232 1381 2442 1430 pugnan-

437 1434 475 1457 “
509 1430 624 1476 dum
647 1442 804 1477 contra
825 1445 950 1486 eum,
984 1429 1035 1475 δε
1058 1428 1175 1476 dixit
1197 1427 1421 1489 Jehovah,
1456 1428 1636 1489 Jehuda
1657 1427 1877 1486 ascendet,
1912 1445 2015 1477 ecce
2055 1429 2164 1478 dedi
2198 1432 2364 1482 terram
2390 1435 2442 1484 in

438 1501 474 1523 ‘⁶
510 1504 697 1543 manum
721 1494 843 1558 ejus:
879 1496 928 1543 ὅτ.
956 1494 1073 1542 dixit
1096 1494 1276 1556 Jehuda
1298 1494 1559 1542 Schimeoni
1581 1493 1705 1542 fratri
1731 1494 1827 1552 suo,
1859 1493 2043 1544 ascende
2069 1512 2252 1546 mecum
2276 1500 2324 1547 in
2347 1498 2439 1547 sor-

437 1567 474 1590 “
509 1576 600 1609 tem
629 1578 796 1620 meam,
831 1555 883 1609 δέ
906 1577 1166 1625 pugnemus
1192 1573 1349 1609 contra
1369 1562 1673 1618 Canaanitam,
1708 1562 1759 1609 δε
1798 1561 1877 1609 ibo
1917 1563 2053 1610 etiam
2088 1578 2178 1626 ego
2214 1576 2366 1613 tecum
2388 1567 2441 1614 in

438 1634 474 1657 “
510 1629 673 1681 sortem
697 1641 841 1685 tuam,
876 1628 927 1676 &
950 1628 1035 1675 ivit
1058 1643 1167 1675 cum
1191 1626 1271 1674 illo
1295 1626 1558 1684 Schimeon,
1595 1629 1645 1675 δε
1667 1626 1864 1675 ascendit
1896 1628 2090 1690 Jehuda,
2125 1629 2176 1677 &
2213 1630 2340 1678 dedit
2363 1632 2441 1693 Je-

437 1700 476 1723 “
509 1695 659 1743 hovah
681 1697 968 1744 Canaanitam
990 1695 1040 1742 &
1061 1693 1289 1754 Perffltam
1327 1694 1374 1741 in
1400 1709 1589 1741 manum
1613 1693 1848 1751 illorum‚''
1893 1712 1934 1744 1:
1962 1712 2005 1744 2.
2035 1694 2078 1759 34
2101 1712 2150 1755 4.
2178 1713 2222 1759 5.
2257 1697 2337 1749 ubi
2360 1713 2444 1762 per

435 1762 666 1824 Jehudam
690 1778 875 1826 quoque
920 1759 1260 1825 repraesentatur
1295 1760 1529 1808 Dominus
1574 1760 1727 1825 quoad
1744 1759 1976 1819 coelestia,
2012 1777 2094 1826 per
2118 1762 2442 1812 Schimeonem

434 1829 588 1892 quoad
613 1828 851 1893 spiritualia
880 1828 1019 1884 inde·,
1053 1827 1296 1876 Canaanita
1334 1827 1398 1876 est
1420 1827 1616 1887 malum,
1650 1827 1836 1876 Perifita
1870 1827 1935 1876 est
1964 1825 2147 1886 falsum,
2180 1829 2309 1894 quod
2343 1831 2445 1890 evi--

436 1896 598 1952 Ctum3
634 1897 720 1944 hoc
745 1907 837 1943 erat
866 1893 1125 1959 responsum
1159 1894 1233 1942 seu
1270 1894 1509 1944 oraculum
1535 1895 1766 1953 divinum,
1802 1894 1931 1959 quod
1954 1896 2015 1944 ita
2038 1894 2321 1960 intelligitur.

512 1978 650 2025 1575.
687 1962 824 2010 Vers:
855 1966 898 2011 8.
935 1963 1000 2009 Et
1020 1962 1130 2009 dixit
1148 1962 1313 2009 Abram
1336 1962 1397 2010 ad
1416 1961 1621 2020 Lothum,
1659 1979 1710 2010 ne
1744 1962 1877 2027 quaeso
1906 1962 1974 2022 fit
2012 1965 2221 2011 contentio
2243 1966 2356 2011 inter
2377 1979 2456 2013 me*

436 2027 493 2077 δέ
516 2031 629 2076 inter
650 2039 707 2086 te,
743 2029 798 2077 &²
820 2030 934 2075 inter
948 2027 1136 2090 pastores
1157 2045 1280 2085 meos,
1315 2028 1371 2078 ξεῖ
1390 2031 1509 2077 inter
1539 2027 1726 2090 pastores
1747 2039 1861 2088 tuos,
1895 2031 1996 2093 quia
2034 2031 2128 2077 viri
2154 2029 2327 2091 fratres
2349 2046 2437 2079 nos.

438 2095 573 2142 Dixit
605 2094 783 2143 Abram
808 2094 864 2141 ad
887 2093 1116 2150 Lothum,
1151 2094 1375 2157 fignificat
1397 2096 1524 2159 quod
1547 2098 1611 2144 ita
1633 2097 1832 2144 internus
1855 2095 1998 2143 homo
2020 2095 2186 2143 dixerit
2207 2096 2266 2142 ad
2293 2108 2440 2143 exter-

438 2177 584 2210 num:
623 2178 679 2209 ne
719 2160 873 2226 quaeso
911 2161 966 2208 fit
986 2162 1222 2208 contentio
1261 2162 1376 2209 inter
1412 2179 1488 2210 me
1526 2162 1717 2210 &inter
1738 2174 1800 2218 te,
1818 2162 1884 2208 ·&
1922 2162 2037 2207 inter
2071 2159 2266 2223 pastores
2312 2177 2439 2210 meos

434 2229 485 2276 δε
509 2229 623 2276 inter
646 2228 841 2292 pastores
876 2239 997 2284 tuos,
1034 2227 1256 2290 fignificat
1291 2228 1418 2291 quod
1442 2227 1568 2275 nulla
1590 2227 1812 2276 discordia
1833 2225 1993 2276 debeat
2015 2226 2098 2275 effe
2121 2227 2237 2275 inter
2258 2238 2438 2276 utrum-

437 2311 549 2358 que:
585 2292 694 2358 quia
715 2296 802 2342 viri
825 2292 981 2341 fratres
998 2309 1098 2350 nos,
1123 2293 1346 2357 fignificat
1368 2293 1496 2358 quod
1518 2295 1564 2341 in
1580 2292 1621 2341 se
1643 2295 1773 2342 uniti.

509 2363 649 2424 1576.
685 2361 831 2426 Qod
853 2360 970 2407 dixit
990 2359 1172 2407 Abram
1195 2360 1251 2407 ad
1273 2360 1503 2417 Lothum,
1538 2359 1760 2423 significet
1798 2359 1925 2423 quod
1971 2363 2031 2408 ita
2065 2359 2270 2408 internus
2294 2360 2440 2413 horno

427 2428 601 2476 dixerit
624 2428 679 2474 ad
700 2440 958 2483 externum,
995 2424 1167 2473 constat
1189 2441 1214 2472 a
1236 2425 1623 2489 repraesentatione
1643 2426 1838 2474 Abrami
1874 2427 1948 2474 hic
1981 2426 2109 2491 quod
2148 2427 2202 2474 sit
2230 2427 2437 2475 Internus

434 2495 592 2552 homo,
618 2495 668 2542 δε
692 2511 717 2542 a
731 2491 1114 2558 repraesentatione
1127 2490 1271 2540 Lothi
1293 2493 1420 2556 quod
1438 2493 1671 2541 Externus
1688 2494 1768 2557 qui
1785 2492 2048 2558 separandus
2068 2515 2083 2549 ·,
2117 2492 2246 2558 quod
2260 2493 2439 2542 Abram

432 2561 717 2625 repraesentet
740 2560 975 2608 Internum
1013 2558 1267 2615 hominem,
1303 2558 1431 2606 causa
1473 2559 1554 2616 est,
1567 2600 1577 2607 ,
1588 2560 1697 2624 quia
1735 2559 1801 2608 est
1836 2559 2080 2623 respective
2114 2560 2172 2607 acl
2203 2559 2435 2617 Lothum,

432 2630 513 2692 qui
537 2627 736 2688 estillud
759 2629 806 2675 in
832 2628 1033 2674 Externo
1056 2625 1240 2674 homine
1262 2625 1392 2689 quod
1415 2624 1740 2689 separandum:
1770 2627 1839 2675 *in
1872 2627 2078 2675 Externo
2100 2626 2286 2674 homine
2316 2625 2434 2682 sunt,

433 2707 486 2740 ut
510 2696 705 2752 dictum,
741 2710 846 2758 quae
868 2692 1166 2751 concordant,
1199 2692 1252 2739 ὅτ
1276 2691 1377 2739 sunt
1399 2709 1507 2756 quae
1530 2693 1803 2751 discordant,
1837 2709 1944 2758 quae
1967 2692 2239 2748 discordant,
2274 2690 2349 2738 hic
2372 2691 2437 2739 est

432 2761 631 2817 Lothus,
668 2777 803 2824 quare
823 2776 929 2824 quae
951 2759 1228 2807 concordant
1249 2758 1352 2807 sunt
1375 2759 1626 2817 Abramus,
1661 2761 1797 2807 etiam
1820 2775 1928 2823 quae
1951 2760 1998 2806 in
2021 2771 2207 2807 externo
2228 2757 2432 2816 homine,

431 2843 539 2874 nam
565 2827 640 2874 illa
672 2843 810 2874 unam
842 2843 939 2875 rem
973 2826 1252 2874 constituunt
1287 2841 1396 2873 cum
1419 2827 1620 2884 Interno‚
1646 2827 1696 2875 ὅτ
1722 2826 1824 2874 sunt
1846 2825 2029 2873 Int'erni.
2327 2862 2341 2882 ΔΑ,

506 2908 645 2957 1577.
683 2894 828 2955 Qod
851 2910 905 2939 ne
928 2892 1081 2956 quaeso
1102 2893 1158 2940 fit
1180 2895 1411 2940 contentio
1435 2894 1550 2941 inter
1572 2897 1661 2943 ‚me
1699 2893 1748 2940 &
1789 2893 1905 2938 inter
1939 2902 2002 2946 te,
2037 2889 2283 2953 fignificet‘
2305 2891 2436 2954 quod

432 2960 555 3008 nulla
577 2958 797 3005 discordia
819 2958 978 3005 debeat
1001 2960 1082 3006 effe
1105 2961 1220 3006 inter
1243 2970 1505 3022 utrumque,
1542 2958 1740 3005 constare
1763 2955 1909 3019 potest
1943 2956 2001 3003 ab
2039 2956 2128 3011 illis
2157 2958 2276 3020 'quae
2308 2959 2436 3021 prius

430 3027 549 3078 dicta
588 3024 703 3072 sunt.
775 3025 920 3089 Qod
945 3026 1237 3072 concordiam
1265 3024 1340 3071 seu
1378 3026 1596 3070 unionem
1636 3023 1806 3070 Interni
1829 3023 2054 3070 Hominis
2093 3039 2201 3086 curn
2228 3024 2436 3072 Externo

429 3095 603 3149 attinet,
639 3092 769 3155 plura
791 3106 947 3138 arcana
969 3089 1071 3137 sunt
1094 3106 1234 3152 quam
1258 3101 1311 3136 ut
1341 3089 1532 3153 usquam
1569 3088 1686 3136 edici
1709 3100 1910 3152 queant;
1948 3090 2154 3137 Internus
2178 3090 2348 3137 Homo
2383 3091 2435 3138 &

429 3160 657 3207 Externus
682 3157 901 3221 nusquam
925 3156 1046 3218 apud
1070 3155 1217 3202 ullum
1240 3155 1478 3203 hominem
1503 3155 1618 3202 uniti
1636 3154 1754 3212 sunt,
1791 3171 1874 3203 nec
1900 3157 2020 3203 uniri
2053 3163 2319 3220 potuerunt,
2355 3171 2442 3214 nec

424 3227 545 3275 uniri
568 3225 765 3290 possunt,
802 3223 947 3272 solum
972 3222 1095 3288 apud
1116 3222 1395 3280 Dominum,
1430 3237 1570 3287 quare
1601 3224 1739 3272 etiam
1780 3224 1826 3271 in
1854 3222 2091 3273 mundum
2109 3224 2236 3272 venit
2235 3288 2267 3337 h
2317 3220 2440 3295 apud

1263 3316 1267 3318 ,
2267 3301 2444 3336 omlnes
