2788 3736
661 228 1146 292 CAPUT
1240 177 2039 294 SEP-T'I*MUM·
2289 256 2415 301 211

400 364 710 436 significantur
725 365 1032 431 quadraginta
1066 369 1187 426 asini,
1226 367 1304 416 sed
1338 378 1520 417 tanum
1559 368 1774 416 desoiatio
1803 368 1912 416 fidei
1948 369 1997 417 in
2010 383 2196 433 genere,
2231 370 2324 420 slve
2347 374 2416 421 in-

400 430 472 487 tra
501 437 659 486 ,minus
696 434 789 483 five
828 432 974 498 majus
1012 447 1210 498 tempus.
1281 435 1431 498 Apud
1476 433 1753 493 Johannem,
1812 440 1851 463 ‘⁶
1884 437 2094 494 Atrium,
2119 464 2123 469 ‚
2145 438 2276 500 quod
2299 440 2417 488 intra

400 504 437 534 ‘·‘
459 500 745 566 Templum,
779 498 889 564 ejice
910 499 1047 558 foras,
1082 506 1137 550 ut
1157 501 1275 553 illud
1292 517 1391 551 ,non
1407 501 1623 557 metiaris,
1652 502 1767 564 quia
1788 501 1949 549 datum
1971 503 2036 550 est
2058 503 2286 567 gentibus,
2308 522 2416 569 quae

401 565 438 597 ‘'‘
466 569 725 617 Civitatem
753 567 948 616 sandhm
966 567 1309 622 conculcabant
1326 566 1529 626 mnibus
1549 566 1859 629 Quadraginta
1875 569 2085 626 duobus?
2118 572 2259 634 Apoc
2279 590 2290 619 :
2321 588 2376 620 xi
2395 591 2413 623 t

314 635 317 637 ’
402 653 447 701 3.
467 637 531 693 ,ὅτ
553 636 675 700 apud
694 634 928 692 Eundem,
978 640 1017 679 ⁷⁴}
1037 635 1217 686 Datum
1238 633 1304 683 est
1325 632 1479 682 beffiae
1508 649 1566 680 os
1586 634 1778 695 loquens
1801 646 1984 698 magna,
2023 637 2076 684 &
2099 637 2409 702 blasphemias,

400 706 437 733 “
472 702 665 767 dataque
687 703 728 750 ei
749 701 944 765 potestas
967 698 1159 754 sapiendi
1182 700 1353 763 11ssan
1389 699 1700 763 Qash-aginta
1738 700 1889 756 duos,'’
1913 703 2066 764 Apoc.
2094 719 2225 767 xm:
2252 723 2296 769 5.
2335 706 2418 754 ubi

397 785 485 833 pro
509 769 745 817 duratione
766 767 1059 820 vastationis3
1095 765 1315 829 nusquam
1349 768 1480 815 enim
1504 778 1687 830 tempus
1710 766 2012 830 quadraginta
2049 770 2250 818 duorum
2285 790 2415 821 men·

398 836 516 884 fium
539 835 823 899 intel-ligim,
854 845 911 880 ut
935 831 1131 897 quiesque
1160 831 1270 881 scire
1289 832 1468 898 potest:
1505 831 1582 880 se'd
1621 832 1695 880 hic
1718 833 1920 889 dicitur,
1959 835 2260 900 quadraginta
2298 839 2411 898 duo,

390 901 520 967 quod
543 902 669 950 idem
685 899 755 948 est
777 915 887 958 curn
899 899 1236 964 quadraginta,
1271 899 1402 963 quod
1436 900 1547 947 inde
1567 899 1704 947 trahit
1724 901 1968 963 originem,
1993 903 2102 964 quia
2124 904 2220 950 dies
2245 904 2414 968 septem

397 968 654 1034 significant
669 963 816 1015 'finem
840 967 1101 1017 vastationis
1130 967 1487 1030 &principium
1510 982 1705 1023 novum,
1738 965 1819 1014 ἐκ
1839 979 1991 1015 autem
2015 968 2269 1032 significant
2293 972 2417 1020 labo-

398 1032 576 1084 rem'ex
596 1034 670 1083 sex
686 1033 851 1085 diebus
871 1033 1037 1082 laboris
1057 1044 1135 1085 aut
1157 1048 1350 1097 pugnae,
1385 1048 1523 1097 quare
1551 1033 1844 1097 multiplicati
1884 1033 1987 1080 sunt
2023 1034 2191 1100 septeni
2216 1053 2296 1100 per
2320 1038 2414 1096 sex,

400 1103 507 1151 inde
530 1117 748 1150 numerus
778 1098 979 1163 exsurgit
1001 1099 1303 1164 quadraginta
1341 1099 1454 1157 duo,
1490 1099 1745 1164 significans
1769 1101 2058 1149 durationem
2082 1102 2342 1151 vastationis
2364 1107 2415 1153 δε

397 1169 756 1217 &durationem
777 1167 1036 1214 tentationis
1063 1165 1139 1214 seu
1159 1165 1363 1214 laborem
1384 1167 1436 1215 &
1459 1183 1667 1231 pugnam
1690 1167 1888 1215 hominis
1913 1170 2223 1233 regenerandi,
2260 1172 2307 1218 in
2328 1188 2419 1235 qua

399 1235 599 1284 sanctum
618 1257 633 1291 ·,
656 1233 731 1282 sed
746 1250 963 1282 numerus
980 1233 1203 1281 rotundus
1219 1234 1533 1298 quadraginta,
1558 1250 1645 1298 pro
1662 1251 1753 1281 non
1772 1236 1972 1282 rotundo
1992 1236 2290 1300 quadraginta
2303 1239 2420 1296 duo,

397 1301 630 1358 assumtus,
654 1300 734 1358 est,
768 1313 822 1348 ut
841 1300 1014 1348 constat
1035 1317 1091 1349 ex
1114 1300 1202 1348 illis
1218 1301 1331 1348 locis
1353 1300 1707 1365 ApocalypseOS.
1760 1302 1908 1366 Qod
1930 1303 2129 1367 populus
2152 1303 2419 1353 Israeliticus

397 1367 806 1433 per-quadraginta
826 1384 965 1415 annos
987 1367 1332 1416 circumdufms
1354 1366 1502 1415 fuisset
1524 1369 1572 1415 in
1594 1368 1786 1426 deserto,
1822 1381 2062 1433 antequam
2087 1371 2334 1419 introducti
2373 1373 2420 1420 in

399 1448 566 1482 terram
583 1435 856 1499 Canaanem,
881 1432 1222 1499 repraesentabat
1243 1436 1294 1482 δε
1314 1434 1596 1499 significabat
1617 1435 1822 1482 fimiliter
1836 1436 2123 1490 durationem
2140 1440 2418 1496 tentationis,

393 1514 502 1554 ,tum
521 1517 709 1565 quoque
721 1501 1010 1549 durationem
1025 1500 1284 1549 vastationis
1300 1524 1316 1557 ·,
1341 1503 1626 1549 durationem
1645 1503 1903 1550 tentationis
1918 1519 2001 1567 per
2023 1503 2089 1560 id,
2114 1505 2242 1568 quod
2266 1505 2422 1568 postea

398 1567 646 1616 introducti
668 1569 716 1615 in
740 1580 906 1616 terram
929 1567 1155 1624 faustam,
1192 1569 1478 1616 durationem
1502 1568 1759 1617 vastationis
1782 1586 1865 1634 per
1887 1570 1952 1626 id,
1987 1571 2122 1634 quod>
2148 1587 2310 1619 omnes
2333 1573 2415 1636 qui

318 1644 325 1650 “
397 1634 527 1698 supra
550 1636 718 1698 viginti
741 1651 882 1683 annos
905 1638 1142 1683 exiverunt
1160 1636 1393 1700 AEgypto,
1427 1636 1475 1682 in
1499 1634 1672 1683 deserto
1695 1640 1869 1684 mortui
1892 1636 2010 1694 sunt,
2038 1650 2206 1700 praeter
2226 1638 2415 1699 Josuam

398 1702 450 1750 &
468 1702 756 1757 Chalebum3
792 1701 895 1748 sunt
919 1704 1203 1759 tentationes,
1238 1718 1344 1764 quae
1367 1702 1687 1765 intelliguntur
1710 1719 1792 1766 per
1813 1701 1902 1760 illa,
1939 1716 2096 1751 contra
2133 1721 2242 1768 quae
2283 1706 2418 1752 toties

399 1779 742 1815 murmurarunt
762 1790 775 1823 3
811 1769 862 1815 ὅτ
887 1767 989 1816 sunt
1008 1768 1292 1825 vastationes,
1328 1768 1457 1832 quod
1479 1770 1614 1815 toties
1637 1769 1725 1816 illis
1749 1769 1901 1833 plagae
1922 1770 1974 1817 δι’
1998 1770 2202 1817 interitus
2221 1789 2233 1818 :
2286 1771 2419 1835 quod

400 1832 657 1897 significent
689 1835 955 1880 tentationes
977 1834 1029 1881 δε
1064 1833 1348 1899 vastationes,
1382 1835 1462 1892 ibi,
1498 1850 1555 1882 ex
1585 1835 1759 1882 Divina
1778 1836 1974 1883 Domini
1998 1836 2328 1895 Misericordia,
2364 1854 2420 1885 o·

401 1898 665 1955 stendetur;
690 1899 758 1947 Vde
781 1899 948 1963 quibus
971 1901 1033 1948 ita
1052 1900 1175 1964 apud
1192 1901 1375 1958 Mosen,
1413 1906 1448 1928 “
1472 1901 1744 1949 Recorderis
1784 1905 1936 1950 omnis
1960 1904 2069 1960 viae,
2104 1919 2244 1967 quam
2283 1905 2421 1952 duxit

402 1970 438 1992 “
471 1978 517 2013 te
539 1965 748 2027 Jehovah
762 1967 891 2014 Deus
930 1979 1036 2014 tuus
1068 1967 1461 2032 liisQadraginta
1494 1970 1619 2015 annis
1655 1970 1702 2015 in
1726 1967 1900 2017 deserto
1923 1981 2110 2034 propter
2132 1971 2191 2017 ad
2215 1972 2419 2035 affligen-

403 2035 438 2058 “
473 2031 589 2080 dum
613 2045 674 2090 te,
713 2033 771 2080 ad
794 2033 1039 2082 tentandum
1063 2045 1122 2089 te,
1158 2036 1216 2082 ad
1239 2033 1475 2082 sciendum
1498 2035 1612 2098 quid
1637 2036 1685 2082 in
1723 2035 1862 2083 corde
1885 2048 1984 2093 tuo,
2020 2052 2078 2083 an
2116 2035 2260 2084 serves
2300 2053 2419 2101 prae·

402 2101 438 2125 “
471 2111 604 2162 cepta
623 2099 785 2164 IpfiuS,
820 2101 1022 2156 annon,’'
1058 2102 1213 2150 Deut:
1240 2117 1341 2149 v111
1366 2120 1378 2150 ε
1417 2119 1464 2156 2,
1491 2118 1539 2164 3,
1570 2102 1642 2150 16.
1714 2102 1862 2167 Qod
1887 2100 2042 2150 Moses
2065 2100 2202 2150 fuerit
2225 2104 2421 2168 quadra-

401 2165 532 2228 ginta
554 2166 666 2223 dies,
700 2167 751 2214 ὅτ
774 2166 1073 2230 quadraginta
1095 2169 1250 2216 nefites
1270 2167 1402 2232 super
1425 2181 1589 2216 monte·
1605 2169 1742 2226 Sinai,
1779 2168 1985 2216 similiter
2022 2169 2249 2233 fignificat
2281 2170 2429 2218 dura·⁴

400 2232 573 2279 tionem
613 2234 888 2290 tentationis,
924 2233 999 2281 seu
1036 2236 1334 2283 tentationem
1369 2236 1583 2292 Domini,
1635 2247 1689 2283 ut
1728 2235 1900 2283 constat
1934 2236 2059 2299 apud
2099 2236 2251 2295 illum,
2306 2242 2341 2264 “
2357 2238 2420 2286 'In

401 2301 438 2325 “
474 2310 630 2346 monte
652 2300 773 2364 §inai
796 2298 885 2347 fuit
905 2300 1214 2365 Qadraginta
1236 2302 1339 2360 dies,
1359 2298 1415 2350 ’δε
1431 2302 1740 2366 Qadraginta
1766 2308 1918 2360 nobles,
1954 2319 2048 2350 non
2071 2302 2208 2351 edens
2236 2319 2422 2368 panem,

403 2379 496 2411 non
519 2364 675 2413 bibens
705 2371 889 2429 aquam,
925 2367 1179 2433 supplicans
1219 2385 1306 2433 pro
1331 2369 1507 2434 populo
1543 2385 1599 2416 ne
1622 2368 1936 2433 perderetur,”
1969 2371 2126 2418 Deut:
2155 2385 2235 2418 lx:
2264 2388 2312 2436 9,
2342 2389 2420 2428 11,

317 2489 320 2492 ἢ
409 2435 486 2487 18,
514 2446 595 2493 25,
631 2431 687 2478 ad
722 2429 995 2495 f.'Cap:·x:
1028 2452 1099 2483 11.
1147 2436 1446 2484 Numzxw:
1487 2454 1567 2500 33,
1613 2453 1693 2498 34,
1737 2453 1814 2500 35.
1866 2437 1997 2500 Cap:
2038 2452 2216 2485 xxxu:
2263 2442 2308 2494 8,
2360 2436 2428 2484 ad

410 2513 480 2556 14.
554 2497 701 2563 Qod
723 2513 805 2561 per
828 2499 1150 2564 Qadraginta
1170 2502 1269 2550 dies
1290 2502 1570 2566 significetur
1592 2502 1771 2551 duratio
1794 2504 2072 2560 tentationis,
2109 2502 2238 2551 causa
2257 2503 2340 2561 est,
2366 2516 2421 2552 ut

402 2563 600 2620 dicium,
627 2563 757 2628 quod
783 2565 1013 2612 Dominus
1036 2566 1079 2613 se
1101 2568 1249 2631 passus
1271 2570 1431 2616 tentari
1455 2585 1483 2616 a
1504 2569 1688 2616 diabolo
1711 2569 2010 2633 quadraginta
2046 2570 2206 2617 diebus
2225 2593 2240 2626 3
2281 2586 2421 2633 quare

402 2644 511 2676 cum
534 2632 691 2678 omnia
710 2642 838 2678 erant
867 2630 1226 2695 repraesentativa
1245 2636 1459 2690 Domini,
1495 2650 1604 2681 cum
1629 2636 1728 2683 idea
1764 2637 2021 2682 tentationis
2061 2635 2151 2684 fuit
2191 2637 2315 2699 apud
2338 2653 2417 2684 an-
2519 2648 2528 2660 ‘

402 2695 545 2758 gelos,
580 2697 681 2744 idea
702 2697 777 2744 illa
799 2699 846 2744 in
870 2698 1048 2745 mundo
1071 2698 1312 2762 spirituum
1342 2699 1650 2764 repraesentata
1673 2700 1763 2748 fuit
1783 2718 1866 2766 per
1893 2702 1997 2762 talia
2018 2717 2125 2765 quae
2149 2703 2195 2749 in
2222 2703 2418 2760 mundo,

406 2761 519 2811 ficut
549 2763 604 2810 fit
633 2779 742 2811 cum
775 2764 990 2812 omnibus
1013 2765 1126 2813 ideis
1152 2767 1369 2830 angelicis
1405 2767 1519 2814 dum
1558 2767 1772 2815 labuntur
1810 2769 1858 2814 in
1897 2768 2129 2815 mundum
2160 2768 2418 2832 spirituum,

404 2829 533 2891 quod
549 2829 754 2879 sistantur
772 2830 1166 2894 repraesentative3
1203 2835 1265 2880 ita
1299 2850 1381 2897 per
1411 2833 1726 2898 quadraginta,
1763 2835 1871 2898 quia
1900 2835 2133 2882 Dominus
2171 2844 2420 2883 tentaretur

409 2895 704 2960 quadraginta
726 2896 883 2945 diebus
903 2920 918 2953 ;
953 2899 1077 2947 idem
1091 2899 1154 2946 est
1171 2900 1295 2964 apud
1309 2902 1587 2957 Dominum,
1613 2902 1660 2947 δι
1680 2901 1786 2948 inde
1810 2902 1856 2947 in
1874 2901 2013 2948 Coelo
2034 2902 2256 2965 angelico,
2290 2903 2419 2966 quod

408 2971 671 3018 venturum,
701 2976 780 3011 aut
802 2964 930 3028 quod
951 2964 1144 3028 praesens
1160 2989 1177 3022 ;
1212 2967 1340 3031 quod
1362 2980 1610 3016 venturum
1643 2967 1706 3014 est
1728 2967 1936 3031 praesens,
1973 2967 2048 3015 seu
2069 2968 2198 3032 quod
2227 2969 2317 3016 fiet*
2330 2968 2432 3016 hoc*

406 3019 581 3085 faffitum
602 3049 618 3081 ·,
651 3029 757 3076 inde
779 3030 1108 3093 repraesentatio
1131 3035 1451 3091 tentationum,
1474 3047 1528 3082 ut
1549 3034 1600 3082 δε
1617 3034 1925 3082 vastationum
1954 3050 2035 3098 per
2049 3035 2346 3099 quadraginta
2370 3037 2417 3081 in

409 3091 608 3139 Ecclefia
629 3095 984 3157 repraesmtativa
1003 3116 1015 3146 :
1051 3098 1125 3147 sed
1143 3099 1249 3150 ,haec
1274 3102 1483 3150 nondum
1505 3101 1605 3148 satis
1628 3101 1952 3166 comprehendi
1975 3102 2172 3165 possunt,
2207 3103 2313 3165 quia
2336 3117 2414 3147 ne-

406 3155 544 3205 scitur
565 3159 762 3207 influxus
779 3162 903 3211 Coeli
936 3165 1152 3228 Angelici
1174 3167 1222 3215 in
1245 3169 1478 3216 mundum
1502 3168 1762 3232 spirituum,
1800 3171 1849 3217 &
1873 3168 2000 3231 quod
2023 3167 2135 3215 talis.

1410 3300 1503 3349 Ee
1538 3317 1563 3349 2
1811 3360 1817 3365 s
2056 3354 2059 3357 ,
2306 3311 2414 3361 731·
