2788 3736
462 267 588 333 288
954 219 2005 346 GENESJS.⁸

455 402 515 449 fia
549 398 788 463 respective
829 397 886 444 ad
931 397 1199 444 Maximum
1239 395 1491 451 hominem,
1527 396 1608 459 qui
1644 394 1706 442 est
1746 395 2006 444 universum
2046 398 2271 454 CoeIum,
2326 413 2463 463 quare

456 469 530 516 hic
554 468 722 514 dicitur
744 463 957 511 omnibus
992 463 1150 510 diebus
1175 474 1307 510 terrae
1349 461 1554 509 sementis
1594 462 1645 509 ὅτ,
1682 463 1844 519 messiS,
1881 463 1930 509 δε
1971 460 2115 527 frigus
2156 467 2205 513 δε
2231 465 2380 523 aestus,
2416 466 2466 513 &

455 534 580 581 aestas
607 534 656 579 &
681 532 856 594 hyemS,
893 532 943 578 δε
967 530 1061 576 dies
1096 529 1146 576 δι
1188 544 1294 585 nox,
1332 545 1424 575 non
1450 527 1677 575 cessabunt
1693 549 1713 594 ς
1746 528 1850 576 inde
1875 528 2072 577 constare
2095 547 2282 596 quoqu-e
2304 532 2470 596 potest,

412 645 419 653 „
455 600 584 664 quod
602 598 733 645 tellus
765 600 811 645 in
837 610 1059 658 aeternum
1088 612 1180 643 non
1204 595 1433 652 duratura,
1470 593 1545 642 sed
1568 594 1694 659 quod
1714 611 1902 658 quoque
1925 594 2057 643 suurn
2082 596 2220 647 finem
2245 598 2465 656 habitura,
2498 654 2501 656 ,

389 672 394 686 “
414 653 421 692 l
462 682 567 714 nam
594 666 760 712 dicitur
783 663 998 712 omnibus
1021 661 1180 710 diebus
1205 673 1351 718 terrae,
1377 662 1464 709 hoc
1486 661 1564 718 est,
1590 661 1808 724 quamdiu
1834 674 1959 710 terra.
2023 663 2174 729 *Qod
2198 676 2349 712 autern
2374 682 2469 713 cre-

460 733 589 788 dant,
624 731 765 778 finem
785 743 915 778 terrae
945 730 1068 777 idem
1102 727 1197 776 fore
1221 745 1269 789 ac
1294 727 1512 775 ultimum
1529 726 1778 792 judicium,
1816 728 1872 775 de
1896 745 1992 792 quo
2026 729 2073 775 in
2095 730 2280 788 Verbo,-
2300 732 2379 779 ubi
2412 731 2470 779 de

462 798 803 847 consumatione
840 795 1008 853 saeculi,
1045 797 1101 843 de
1132 795 1204 842 die
1241 795 1522 852 vifitationiS,
1557 796 1607 842 δι
1647 795 1705 841 de
1741 795 1908 843 ultimo
1940 793 2119 859 judicio
2149 797 2313 860 agitur,
2349 799 2395 844 in
2419 814 2473 846 eo

464 864 713 920 falluntur,
750 879 856 911 nam
881 862 1099 911 ultimum
1115 859 1347 926 judicium
1371 861 1434 908 est
1458 860 1652 924 cujusvis
1678 859 1891 909 Ecclefiae
1932 878 2040 909 cum
2081 862 2246 911 vastata
2285 862 2364 921 est,
2399 863 2472 912 seu

467 947 579 979 cum
614 932 660 978 in
686 929 742 977 ’ea
773 928 967 992 amplius
1009 928 1131 976 nulla
1162 928 1310 984 fides,
1363 928 1582 975 ultimum
1621 926 2219 992 judicium‘Antiquiffimae
2258 930 2474 978 Ecclefiae

471 997 592 1055 fuit„
613 1013 720 1044 cum
753 997 902 1060 periit,
938 996 1059 1050 utin
1083 993 1336 1058 posteritate
1359 992 1453 1058 ejus
1493 994 1656 1040 ultima
1687 997 1898 1057 proxime
1938 1008 2040 1058 ante
2075 996 2332 1045 diluvium:
2361 996 2479 1048 ‘ulti-1

468 1080 601 1114 mum
620 1061 851 1126 judicium
875 1060 962 1109 fuit
987 1061 1199 1108 Ecclefiae
1225 1061 1449 1122 Judaicae,
1484 1076 1592 1108 cum
1615 1062 1845 1107 Dominus
1868 1058 1994 1109 venii
2017 1063 2062 1108 in
2089 1063 2317 1110 mundum
2338 1081 2348 1110 ε
2385 1063 2476 1111 Ul·

468 1133 640 1180 timum
658 1128 887 1193 judicium
921 1144 1104 1191 quoque
1135 1126 1359 1183 futurum,
1396 1142 1504 1174 cum
1527 1128 1759 1175 Dominus
1796 1139 2014 1175 venturus
2049 1129 2094 1175 in
2121 1129 2347 1191 gloriam·,
2385 1145 2477 1178 non

470 1197 601 1261 quod
624 1208 733 1242 tunc
757 1196 954 1258 peritura
976 1194 1029 1240 sit
1052 1206 1166 1240 terra
1198 1194 1248 1240 ὅτ
1275 1194 1498 1256 periturus
1541 1193 1756 1250 mundus,
1793 1193 1867 1240 sed
1899 1194 2028 1257 quod
2073 1208 2222 1259 pereat
2245 1196 2477 1252 Ecclefia·,

472 1276 518 1311 at
557 1276 666 1310 tunc
692 1261 865 1324 semper
895 1275 1013 1307 nova
1053 1259 1250 1306 Ecclesia
1288 1276 1312 1305 a
1347 1260 1557 1306 Domino
1580 1258 1892 1315 resuscitatur,
1927 1259 2040 1307 ficut
2077 1262 2478 1325 tempore-diluvii

472 1328 673 1377 Ecclesia
691 1328 898 1390 Antiqua
918 1349 931 1382 ·,
967 1327 1016 1373 ὅτ
1035 1338 1239 1389 tempore
1273 1325 1494 1373 adventus
1515 1326 1724 1383 Domini,
1761 1325 1959 1374 Ecclesia
1975 1328 2212 1391 primitiva
2235 1329 2442 1392 gentium
2462 1351 2475 1384 ;

474 1396 536 1442 ita
559 1410 743 1462 quoque
767 1409 876 1440 cum
905 1394 1138 1440 Dominus
1162 1404 1382 1439 venturus
1420 1393 1466 1439 in
1490 1391 1720 1456 gloriam,
1772 1391 1899 1456 quod
1938 1409 2123 1457 quoque
2163 1410 2245 1457 per
2281 1396 2478 1442 Novum

474 1461 683 1518 Coelum,
720 1460 770 1507 ὅτ
811 1460 1001 1507 Novam
1042 1459 1253 1514 Terram,
1305 1460 1443 1506 etiam
1477 1457 1742 1521 intelligitur
1762 1481 1776 1515 ;
1828 1459 2039 1506 fimiliter'
2062 1476 2113 1507 ac
2148 1459 2271 1525 apud
2311 1478 2479 1508 unum-

475 1528 686 1592 qu⁰emvis
724 1538 1051 1590 regeneratum,
1086 1527 1168 1588 qui
1195 1525 1250 1572 fit
1282 1524 1424 1571 honio
1447 1524 1680 1581 Ecclefiae,
1717 1524 1790 1573 seu
1815 1525 2030 1583 Ecclefia,
2065 1527 2145 1589 qui
2170 1527 2283 1574 dum
2308 1545 2332 1575 e
2357 1544 2481 1574 novo

477 1606 651 1642 creatus
675 1592 753 1649 est,
789 1595 988 1640 internus
1011 1589 1106 1654 ejus
1129 1591 1272 1638 homo
1294 1603 1484 1638 vocatur
1507 1607 1683 1637 novum
1719 1591 1910 1648 coelum,
1945 1593 1995 1639 δε
2019 1605 2228 1640 externus
2252 1609 2373 1641 nova
2393 1606 2481 1641 ter-

479 1674 556 1708 ra:
591 1671 806 1722 praeterea
827 1661 962 1705 etiam
986 1658 1205 1704 ultimum
1239 1655 1471 1718 judicium
1495 1657 1558 1703 est
1581 1658 1725 1704 cuivis
1765 1657 1955 1713 homini,
1992 1674 2102 1705 cum
2130 1661 2338 1718 moritur,
2375 1676 2483 1707 nam

481 1738 591 1773 tunc
615 1723 863 1787 secundum
889 1724 979 1781 illa,
1012 1740 1119 1786 quae
1142 1724 1236 1786 egit
1259 1725 1304 1770 in
1329 1739 1532 1787 corpore,
1550 1721 1782 1787 judicatur
1803 1723 1879 1771 vel
1903 1723 1959 1770 ad
1983 1736 2197 1782 mortem,
2233 1727 2309 1774 vel
2333 1727 2389 1774 ad
2411 1728 2482 1773 vi-

479 1802 590 1841 tam.
662 1787 808 1855 Qod
854 1807 934 1854 per
974 1789 1361 1838 consumationem
1408 1789 1575 1846 saeculi,
1627 1790 1768 1836 finem
1814 1790 2011 1847 dieru‘in,
2047 1803 2124 1838 aut
2162 1791 2381 1840 ultimum
2409 1790 2486 1856 ju-

454 1859 674 1915 xdicium,
711 1875 803 1905 non
826 1856 1102 1921 intelligatur
1125 1855 1263 1914 aliud,
1300 1856 1492 1920 proinde
1530 1872 1622 1904 non
1648 1857 1810 1903 mundi
1850 1858 2074 1915 interituS‚
2108 1857 2278 1906 constat
2310 1859 2425 1906 clare
2462 1874 2487 1907 a

483 1926 678 1974 Domini
703 1924 850 1971 verbis
873 1924 993 1987 apud
1019 1924 1216 1980 Lucam,
1254 1928 1289 1950 “
1314 1924 1366 1970 In
1391 1923 1463 1970 illa
1486 1923 1640 1979 Νοὲἳε,
1676 1936 1806 1970 erunt
1846 1923 1940 1971 duo
1980 1925 2026 1970 in
2067 1924 2183 1971 Ιεᾶο
2219 1941 2330 1982 uno,
2365 1941 2484 1973 unus

488 1995 522 2018 “
547 1991 810 2046 assumetur,
826 1990 933 2036 alter
949 1990 1229 2053 relinquetur:
1250 1990 1355 2036 duae
1369 2002 1500 2036 erunt
1516 1990 1732 2036 molentes
1752 1989 1901 2045 fimul,
1915 1994 2006 2036 'una
2023 1990 2280 2048 assumetur,
2296 1992 2344 2039 δε
2355 1991 2489 2038 altera

490 2061 525 2084 “
551 2057 832 2120 relinquetur.-
854 2056 947 2102 duo
964 2069 1094 2101 erunt
1112 2058 1155 2101 in
1182 2072 1307 2118 agro,
1327 2072 1442 2102 unus
1459 2056 1700 2102 assumetur
1716 2055 1764 2102 ὅτ
1783 2055 1891 2102 alter
1907 2056 2212 2119 relinquetur,”
2237 2073 2345 2104 xvn
2368 2076 2378 2104 :
2405 2074 2486 2120 34,

492 2138 573 2186 35,
603 2123 677 2186 36.
704 2121 782 2167 ubi
807 2121 1027 2169 ultimum
1050 2121 1232 2184 tempus
1255 2134 1445 2168 vocatur
1460 2123 1593 2178 Nox,
1619 2123 1726 2184 quia
1742 2121 1863 2167 nulla
1886 2121 2014 2177 fides,
2051 2121 2137 2169 hoc
2162 2122 2241 2179 est,
2269 2123 2489 2179 charitas·,

490 2190 542 2238 &
568 2188 694 2252 quod
714 2188 1037 2250 relinquentur,
1058 2204 1152 2250 quo
1170 2187 1284 2234 clare
1308 2188 1547 2245 indicatur,
1571 2187 1695 2250 quod
1715 2203 1807 2233 non
1830 2188 2052 2250 periturus
2075 2201 2184 2235 tunc
2209 2190 2421 2236 mundus.

559 2273 588 2320 9
595 2270 670 2318 32·
707 2254 854 2318 Qod
877 2253 1082 2301 sementis
1112 2255 1161 2301 δε
1186 2256 1330 2300 meffis
1361 2254 1615 2317 significent
1638 2253 1874 2311 hominem
1898 2255 2273 2317 regenerandum,
2312 2258 2360 2303 &
2386 2256 2490 2303 inde

491 2320 758 2376 Ecclesiam,
796 2337 886 2367 non
911 2336 1025 2383 opus
1049 2319 1111 2366 est
1132 2319 1399 2366 confirmare
1420 2336 1477 2367 ex
1498 2319 1672 2376 Verbo,
1709 2320 1816 2382 quia
1839 2322 1970 2366 toties
1995 2323 2206 2377 occurrit,
2244 2334 2338 2368 tam
2363 2323 2492 2386 quod

491 2386 636 2434 homo
659 2398 946 2448 comparetur
969 2386 1019 2432 δε
1043 2386 1302 2433 affimiletur
1325 2402 1452 2450 agro,
1489 2387 1549 2432 ita
1583 2385 1783 2442 sementi,
1820 2403 1958 2449 quam
1998 2387 2125 2450 quod
2158 2388 2367 2435 Verbum
2391 2391 2492 2436 Do-

430 2489 437 2493 .
494 2453 609 2499 mini
643 2451 816 2509 semini,
851 2451 1016 2515 &ipse
1038 2452 1221 2499 effe6ms
1246 2453 1486 2516 proventui
1524 2454 1791 2509 aut,meff1;
1826 2453 1952 2515 quod
1985 2453 2173 2517 quisque
2209 2471 2265 2501 ex
2288 2453 2494 2502 familiari

494 2518 598 2565 inde
621 2516 739 2565 facto
764 2517 965 2582 sermone
979 2519 1116 2565 etiam
1134 2519 1493 2582 comprehendit.
1530 2520 1581 2565 In
1607 2535 1766 2582 genere
1791 2519 1862 2566 hic
1888 2522 2037 2583 agitur
2060 2521 2116 2567 de
2144 2522 2270 2567 omni
2293 2521 2491 2576 homine,

495 2584 622 2647 quod
663 2586 883 2646 nusquam
914 2584 1180 2641 desiturum,
1216 2587 1328 2647 quin
1366 2585 1407 2631 ei
1444 2584 1781 2632 inseminaretur
1819 2585 1967 2632 semen
2014 2587 2284 2644 aDomino,
2318 2588 2408 2633 five
2442 2587 2497 2633 fit

497 2650 613 2697 intra
636 2650 900 2705 Ecclesiam,
935 2651 1026 2699 five
1049 2656 1174 2697 extra
1195 2651 1463 2708 Ecclesiam,
1499 2651 1585 2698 hoc
1610 2651 1688 2706 est,
1724 2652 1815 2698 sive
1852 2653 2030 2699 noverit
2052 2652 2260 2699 Verbum
2282 2654 2493 2709 Domini,

499 2718 589 2763 sive
614 2733 705 2763 non
723 2718 931 2772 noverit,
968 2716 1129 2780 absque
1154 2716 1420 2765 inseminato
1443 2717 1609 2765 semine
1631 2734 1656 2764 a
1677 2719 1903 2774 Domino,
1939 2718 2080 2765 homo
2119 2734 2174 2764 ne
2215 2718 2360 2765 hilum
2385 2719 2495 2766 boni

495 2782 644 2844 potest
668 2781 839 2838 face‘re3
875 2799 1012 2830 omne
1034 2783 1209 2830 bonum
1249 2784 1487 2841 charitatis,
1524 2786 1659 2832 etiam
1689 2783 1808 2846 apud
1839 2795 2012 2846 genteS‚
2049 2782 2113 2830 est
2152 2782 2299 2831 semen
2339 2802 2363 2831 a
2395 2787 2495 2833 Do-

501 2849 644 2900 min0,
682 2849 803 2911 apud
828 2866 937 2912 quas
960 2850 1133 2897 tametsi
1155 2867 1247 2897 non
1268 2850 1334 2897 est
1358 2851 1531 2898 bonum
1556 2851 1680 2906 fidei,
1705 2849 1817 2895 ficut
1834 2848 1979 2911 potest
1995 2849 2077 2896 effe
2095 2851 2210 2897 intra
2231 2851 2494 2908 Ecclesiam,

501 2912 640 2974 usque
662 2914 838 2960 bonum
863 2916 967 2962 fidei
998 2915 1144 2979 potest
1168 2917 1293 2972 fieri3
1328 2929 1485 2979 gentes
1523 2916 1663 2971 enir'n,
1699 2915 1780 2977 qui
1818 2916 1865 2960 in
1889 2914 2095 2962 charitate
2118 2918 2349 2973 vixerunt,
2386 2918 2498 2966 sicut

499 2977 641 3024 solent
665 2980 709 3024 in
735 2981 927 3036 mundo,
978 2984 1114 3028 etiam
1150 2984 1198 3027 in
1235 2982 1371 3028 altera
1408 2983 1518 3036 vita,
1554 2996 1663 3027 cum
1709 2979 1765 3026 ab
1801 2981 1970 3043 angelis
1994 2981 2288 3039 instruuntur,
2324 2982 2498 3031 facilius

500 3043 651 3090 multo
674 3060 813 3106 quam
838 3046 1089 3103 Christiani,
1125 3062 1245 3093 verae
1268 3046 1389 3093 vfidei
1414 3047 1682 3102 doetrinam,
1718 3046 1767 3092 δε
1806 3047 1946 3093 fidem
1972 3048 2195 3097 charitat-is
2218 3050 2498 3114 ampleEkun-

499 3110 574 3156 tut
597 3110 646 3156 &
671 3111 913 3174 accipiunt,
950 3111 1006 3157 de
1029 3111 1210 3173 quibus,
1247 3128 1302 3158 ex
1327 3113 1498 3159 Divina
1529 3111 1721 3159 Domini
1745 3111 2075 3171 Misericordia,
2113 3117 2158 3162 in
2198 3114 2495 3180 sequentibus.

495 3175 551 3223 In
575 3174 717 3239 specie
741 3189 890 3224 autem
915 3176 988 3223 hic
1012 3178 1162 3239 agitur
1187 3178 1243 3224 de
1267 3178 1451 3225 homine
1490 3179 1811 3242 regenerando,
1850 3180 1976 3242 quod
2014 3197 2179 3245 nempe
2216 3199 2308 3229 non
2333 3182 2498 3230 desitu-

494 3256 617 3303 rum,
651 3243 764 3307 quin
787 3243 987 3294 Ecclesia
1010 3241 1174 3292 alicubi
1194 3244 1238 3322 in
1266 3256 1380 3297 terra
1402 3244 1574 3303 existat,
1612 3244 1740 3310 quod
1762 3245 1835 3294 hic
1852 3246 2130 3310 significatur
2152 3263 2233 3312 per
2250 3247 2376 3311 quod
2397 3260 2499 3295 om·

2374 3315 2504 3364 nibus
