2788 3736
805 246 1281 351 CAPUT
1334 285 1968 379 DECIMUM.
2091 364 2093 366 ,
2255 317 2388 383 377

444 439 463 471 1
477 436 580 480 ¹40·
617 419 672 466 In
694 417 781 466 hoc
804 418 965 481 Capite
988 418 1037 466 &
1061 418 1108 465 in
1131 416 1353 483 sequente,
1388 417 1528 481 usque
1551 418 1607 467 ad
1625 419 1887 477 Heberum,
1922 419 2212 469 continuatur
2245 422 2388 485 stylus

374 487 739 548 Anti-quissimus,
780 483 854 532 sed
893 483 958 531 est
994 485 1175 532 medius
1197 488 1313 532 inter
1336 483 1503 547 stylum
1529 485 1790 534 historicum
1817 485 2004 544 factum,
2041 488 2091 540 ὅτε
2114 488 2286 552 stylum
2318 489 2387 537 hi·-

371 553 590 600 storicum
612 566 775 598 verum
796 573 810 607 ;
847 567 953 598 nam
979 567 1060 616 per
1081 550 1347 607 Noachum,
1381 551 1432 597 δε
1461 549 1558 614 ejus
1580 551 1716 608 filios,
1742 552 2008 613 Schemumf,
2033 548 2283 613 Chamum,
2307 557 2387 618 Ja-

370 620 585 682 phetum,
622 620 671 664 &
696 619 968 674 Canaanem,
1018 617 1130 665 nihil
1176 617 1300 664 aliud
1345 616 1626 664 intellectum
1673 617 1776 675 fuit,
1826 636 1907 667 nec
1947 620 2071 667 aliud
2101 622 2386 686 intelligitur,

368 701 510 749 quam
545 683 757 732 abstracte
798 684 997 731 Ecclesia
1025 685 1234 747 Antiqua
1270 683 1424 747 quoad
1463 683 1612 744 cultus
1649 682 1776 747 ejus3
1830 702 1993 750 nempe
2032 703 2113 750 per
2136 688 2386 737 Schemum

365 752 534 799 Cultus
559 753 774 808 internus,
809 767 890 813 per
911 749 1164 813 Japhetum
1196 749 1365 797 Cultus
1389 762 1598 798 externus
1630 751 1996 814 correspondens,
2041 770 2120 817 per
2152 755 2385 804 Chamum

364 819 531 865 Cultus
556 820 755 869 internus
778 829 1034 881 corruptus,
1053 833 1133 880 per
1149 818 1408 864 Canaanem
1433 817 1599 865 Cultus
1620 829 1831 865 externus
1856 817 2074 880 separatus
2099 821 2153 867 ab
2177 824 2384 879 intern0;

366 885 475 932 tales
500 883 700 949 personae
734 883 954 946 nusquam
981 881 1196 938 fuerunt;
1233 883 1307 930 sed
1331 885 1553 931 nominati
1577 883 1678 931 sunt
1701 886 1763 931 ita
1775 883 1955 940 Cultus,
1981 887 2087 947 quia
2110 887 2166 933 ad
2190 888 2306 945 illos,
2333 902 2386 937 ut

363 950 737 1006 fundamentales,
775 962 1024 1013 potuerunt
1062 949 1207 1013 redigi
1239 965 1404 998 omnes
1422 949 1678 997 differentes
1702 951 1793 1006 alii,
1830 949 1902 997 seu
1937 967 2096 998 omnes
2119 953 2384 1003 differentiae

364 1021 410 1065 in
434 1018 605 1081 specie:
641 1033 778 1080 quare
810 1032 890 1080 per
905 1017 1151 1063 Noachum
1176 1032 1260 1062 nec
1289 1014 1412 1062 aliud
1445 1017 1724 1064 intellectum
1759 1015 1863 1071 fuit,
1904 1034 2045 1081 quarn
2071 1020 2279 1082 Antiqua
2294 1022 2385 1068 Ec·-

363 1085 493 1132 clefia
512 1086 559 1131 in
591 1099 770 1147 genere,
805 1081 1194 1144 comprehendens
1215 1081 1328 1128 ficut
1351 1098 1509 1145 parens
1533 1099 1706 1130 omnes.
1778 1086 1847 1131 At
1871 1100 1983 1131 vero
2004 1101 2087 1149 per
2109 1086 2316 1134 Nomina
2338 1089 2384 1134 in

315 1204 317 1209 ,
361 1152 448 1200 hoc
473 1152 650 1214 Capite,
685 1159 850 1212 praeter
871 1145 1113 1194 Heberum
1139 1150 1189 1195 δε
1213 1147 1307 1213 ejus
1331 1147 1654 1212 posteritatem,
1690 1151 1884 1198 totidem
1917 1152 2234 1215 intelliguntur
2271 1171 2385 1217 gen-

363 1231 446 1274 tes,
483 1214 754 1264 &totidem
780 1225 937 1278 gentes
963 1211 1166 1270 fuerunt,
1200 1231 1307 1278 quae
1331 1217 1588 1279 Antiquam
1614 1217 1863 1264 Ecclesiam
1900 1218 2243 1278 constituerunt,
2279 1237 2387 1285 quae

362 1282 561 1331 Ecclefia
582 1282 670 1329 late
687 1279 878 1344 dispersa
901 1277 987 1327 fuit
1005 1282 1178 1328 circum
1202 1274 1370 1329 terram
1387 1284 1658 1330 Canaanem.

436 1367 574 1410 1141.
613 1349 713 1412 Qi
752 1348 827 1404 hic
867 1349 1162 1394 nominantur
1200 1349 1282 1394 filii
1306 1349 1538 1412 Japhethi,
1574 1348 1758 1397 fuerunt
1781 1367 1939 1399 omnes
1962 1353 2089 1408 tale3‚
2126 1366 2179 1401 ut
2203 1353 2384 1403 cultum

362 1429 604 1464 externum
627 1412 1052 1477 correspondentem
1093 1414 1271 1462 interno
1294 1415 1548 1472 habuerint,
1583 1416 1670 1464 hoc
1702 1417 1782 1474 est,
1817 1420 1897 1481 qui
1932 1421 1978 1466 in
2002 1419 2300 1484 simplicitate,
2337 1423 2383 1470 in

363 1484 575 1540 amicitia,
609 1481 660 1529 &
689 1482 736 1528 in
760 1480 970 1528 charitate
994 1488 1170 1537 mutua,
1205 1484 1440 1539 vixerunt,
1478 1498 1559 1529 nec
1583 1483 1666 1530 alia
1689 1484 1952 1532 doctrinalia
1975 1499 2223 1544 noverunt·5
2243 1504 2382 1550 quam

365 1551 478 1598 ritus
501 1561 725 1597 externos.
797 1547 896 1610 Qi
921 1547 1214 1595 nominantur
1253 1548 1336 1595 filii
1359 1548 1543 1606 Chami,
1579 1548 1779 1608 fuerunt,
1816 1553 1898 1614 qui
1934 1553 2114 1599 cultum
2153 1554 2384 1603 internum

361 1629 630 1681 corruptum
655 1614 918 1662 habuerunt.
990 1614 1090 1674 Qui
1127 1615 1210 1661 filii
1234 1616 1452 1663 Canaanis
1475 1629 1712 1674 vocantur,
1749 1616 1949 1674 fuerunt,
1986 1621 2067 1682 qui
2101 1620 2278 1668 cultum
2303 1639 2382 1669 ex—

363 1697 546 1731 ternum
570 1683 818 1747 separatum
851 1680 908 1728 ab
931 1680 1122 1727 interno.
1194 1681 1294 1740 Qui
1333 1681 1417 1728 filii
1441 1683 1621 1730 Schemi
1661 1684 1959 1747 appellantur,
1996 1685 2179 1733 fuerunt
2218 1690 2383 1735 interni

361 1751 584 1806 homines,
620 1750 671 1797 ὅτ
696 1748 934 1810 coluerunt
954 1746 1235 1804 Dominum,
1269 1748 1320 1794 δε
1361 1762 1569 1795 amarunt
1603 1753 1907 1813 proximun13
1957 1768 2157 1815 quorum
2182 1754 2383 1802 Ecclefia

361 1817 451 1864 fuit
473 1832 603 1878 paene
626 1815 769 1878 qualis
792 1813 991 1861 Ecclesia
1013 1813 1162 1861 nostra
1184 1812 1435 1862 Christiana
1458 1831 1579 1862 vera.
1985 1844 1991 1850 ·
2357 1852 2360 1854 -

436 1901 455 1932 1
470 1900 574 1942 142.
614 1880 786 1946 Qales
809 1877 991 1928 fuerunt
1014 1881 1061 1926 in
1095 1879 1254 1944 specie,
1288 1882 1336 1928 in
1359 1881 1446 1929 hoc
1470 1882 1630 1946 Capite
1653 1899 1744 1930 non
1781 1896 2077 1942 memoratur,
2111 1901 2213 1932 nam
2238 1888 2383 1936 modo

363 1950 517 2013 quoad
549 1949 736 1995 nomina
767 1945 1061 2003 recensentur,
1103 1946 1186 1995 sed
1221 1947 1393 1996 constat
1425 1965 1450 1995 a
1483 1949 1809 2014 prophetarum
1850 1950 2051 2014 script-is,
2094 1952 2176 1999 ubi
2217 1956 2379 2017 paflim

362 2017 523 2064 harum
546 2015 761 2078 gentium
791 2015 978 2061 nomina
999 2027 1270 2072 occurrunt,
1299 2016 1349 2062 δε
1388 2014 1548 2062 ubivis
1571 2032 1663 2063 non
1693 2017 1816 2064 aliud
1854 2017 2144 2081 fignificant·;
2183 2020 2232 2067 δε
2276 2022 2379 2085 qui-

363 2084 471 2131 dem
494 2097 616 2146 nunc·-
642 2082 695 2127 in-
711 2079 836 2128 sensu
860 2082 1078 2145 genuino,
1115 2097 1235 2128 nunc
1259 2082 1306 2128 in
1330 2080 1459 2128 sensi}
1476 2082 1700 2146 opposito.

351 2185 358 2195 .
435 2166 573 2213 1143.
609 2146 813 2195 Tametfi
852 2146 1012 2195 harum
1054 2149 1280 2212 gentium,
1328 2164 1436 2212 quae
1471 2148 1719 2196 Ecclesiam
1745 2151 2002 2214 Antiquam
2038 2151 2382 2212 constituerunt,

359 2218 458 2266 haec
483 2216 668 2263 nomina
689 2213 889 2271 fuerunt,
938 2213 1077 2278 usque
1107 2216 1154 2262 in
1177 2214 1297 2262 sensu
1323 2216 1502 2262 interno
1523 2215 1841 2280 intelliguntur
1864 2234 1955 2274 res,
1985 2234 2153 2283 nempe
2177 2220 2259 2283 ipsi
2283 2221 2379 2268 cul-

358 2298 462 2331 tus:
498 2282 613 2345 quid
636 2277 838 2337 nomina,
872 2281 987 2344 quid
1010 2294 1157 2340 terrae‚
1195 2281 1307 2346 quid
1330 2294 1503 2346 gente&
1537 2283 1587 2330 ὅτ,
1612 2282 1789 2339 fimilia,
1826 2301 1881 2331 ne
1906 2284 2052 2331 hilum
2080 2299 2264 2342 norunt,
2290 2290 2372 2350 qui

355 2354 408 2398 in·
425 2349 580 2403 coelo·‚
616 2348 778 2394 talium
801 2347 863 2394 ibi
888 2348 1012 2395 nulla
1034 2349 1135 2396 idea
1155 2348 1236 2406 est,
1270 2347 1344 2396 sed
1368 2365 1521 2396 rerum
1545 2366 1626 2413 per
1648 2350 1723 2397 illa
1755 2350 2109 2414 significatarum
2130 2371 2140 2400 ε
2177 2369 2234 2400 ex
2255 2352 2377 2401 sensu

361 2420 537 2465 interno
558 2414 679 2460 vivit
692 2413 902 2461 Verbum
921 2416 1133 2472 Domini,
1173 2415 1238 2463 est
1275 2415 1391 2463 ficut
1428 2416 1594 2474 anima,
1631 2415 1759 2480 cujus
1791 2417 1914 2480 quasi
1951 2434 2115 2481 corpus
2145 2419 2209 2466 est
2232 2418 2377 2467 sensus

360 2495 573 2532 externus
591 2502 605 2536 3
631 2480 762 2542 seque
789 2479 923 2527 habet
937 2480 1051 2529 ficut
1067 2481 1227 2540 homo,
1252 2498 1360 2534 cum
1377 2498 1543 2547 corpus
1559 2481 1654 2547 ejus
1672 2485 1866 2532 moritur
1881 2497 1990 2531 tunc
2005 2486 2122 2532 vivit
2138 2487 2302 2547 anima,
2327 2488 2379 2535 &

362 2565 470 2598 cum
489 2547 608 2594 vivit
622 2547 771 2593 anima
787 2557 899 2594 tunc
917 2562 1008 2594 non
1022 2549 1218 2611 amplius
1237 2550 1369 2596 novit
1381 2565 1488 2612 quae
1504 2552 1705 2612 corporis
1719 2549 1837 2607 sunt,
1864 2553 1924 2598 ita
1940 2567 2048 2598 cum
2062 2553 2178 2600 inter
2194 2553 2376 2616 angelos

358 2618 500 2670 venit,
527 2629 609 2660 nec
633 2611 747 2676 quid
769 2611 980 2659 Verbum
1002 2615 1049 2660 in
1073 2612 1196 2660 sensu
1218 2615 1377 2670 literae,
1408 2614 1483 2661 sed
1505 2617 1620 2678 quid
1655 2618 1702 2662 in
1737 2616 1811 2664 sua
1849 2619 2023 2664 anima:
2070 2618 2213 2666 homo
2237 2621 2379 2666 Anti-

357 2683 582 2746 quiflimae
598 2678 818 2727 Ecclefiae-
830 2677 929 2727 talis
945 2676 1050 2736 fuit,
1074 2680 1154 2742 qui
1183 2678 1217 2726 si
1240 2679 1375 2727 hodie
1397 2681 1591 2738 viveret,
1631 2682 1682 2729 &
1705 2682 1873 2745 legeret
1885 2683 2112 2741 Verbum,
2148 2701 2204 2731 ne
2228 2685 2377 2733 hilum

356 2749 591 2797 inhaereret
605 2745 744 2793 sensui
758 2745 916 2801 literae,
940 2743 1016 2793 sed
1033 2743 1149 2793 foret
1165 2745 1277 2793 ficut
1294 2746 1424 2793 illum
1441 2763 1540 2793 non·
1550 2743 1744 2804 videret,
1781 2749 1925 2796 modo
1942 2748 2116 2796 sensum
2140 2753 2372 2799 internum

356 2814 567 2864 abstracte
589 2829 616 2859 a
636 2813 778 2869 litera,
813 2812 864 2859 ὅτ,
880 2812 1068 2874 quidem
1095 2812 1210 2859 ficut
1230 2813 1356 2859 litera
1381 2829 1482 2859 non,
1497 2811 1630 2870 foret,
1666 2813 1726 2861 fic
1759 2815 1805 2861 in
1833 2816 1928 2862 vita
1950 2827 2028 2862 aut
2047 2817 2199 2864 anima
2215 2817 2368 2865 Verbi.

356 2878 635 2928 Similiter-'se
661 2878 795 2926 habet
817 2877 967 2926 ubivis
992 2881 1038 2926 in
1062 2878 1237 2935 Verbo,
1272 2880 1408 2927 etiam
1449 2880 1496 2926 in
1520 2879 1756 2938 historicis,
1791 2897 1899 2944 quae
1935 2882 2040 2929 talia
2069 2883 2248 2947 prorsus
2272 2884 2375 2932 sunt

357 2948 472 2994 ficut
492 2945 639 3002 relata,
675 2944 750 2992 sed
772 2943 912 3009 usque
951 2945 1012 2992 ibi
1052 2961 1107 2993 ne
1146 2945 1336 3010 quidem
1375 2961 1466 2993 una
1499 2946 1664 2994 vocula
1702 2946 1851 3002 datur,
1901 2963 2008 3012 quae
2045 2966 2138 2997 non
2171 2953 2218 2997 in
2248 2950 2371 2998 sensu

273 3044 282 3054 »
358 3017 533 3062 interno
555 3025 711 3057 arcana
732 3011 947 3068 involvit,
983 3028 1090 3076 quae
1131 3011 1353 3076 nusquam
1377 3025 1597 3076 apparent
1632 3014 1704 3070 iis,
1743 3015 1824 3077 qui
1849 3015 1895 3061 in
1919 3028 2137 3063 contextu
2162 3017 2372 3064 historico

356 3090 512 3129 tenent·
532 3077 751 3130 animum.
790 3111 795 3116 ·
819 3077 888 3124 Ita
924 3079 970 3125 in
999 3080 1086 3131 hoe
1110 3080 1288 3143 Capite,
1325 3095 1406 3142 per
1430 3080 1618 3126 nomina
1638 3080 1711 3127 hic
1735 3080 2042 3144 significantur
2075 3085 2142 3141 in,
2163 3083 2283 3130 sensu
2315 3084 2368 3129 li-

354 3161 465 3196 terae
487 3154 563 3192 aut
579 3141 803 3198 historice,
827 3144 1006 3206 populi,
1030 3146 1110 3207 qui
1129 3147 1384 3210 Antiquam
1409 3145 1660 3195 Ecclesiam
1692 3147 2038 3205 constituerunt,
2078 3151 2123 3197 in
2149 3149 2267 3196 sensu
2292 3165 2370 3195 au-

354 3227 458 3264 tem
484 3212 672 3257 interno
683 3206 947 3257 doctrinalia
968 3211 1166 3259 illorum.
2344 3240 2347 3242 v

1208 3280 1210 3282 ’
1355 3279 1396 3340 C
1414 3294 1439 3325 c
1463 3295 1495 3327 c
2230 3295 2367 3339 1144,
