2788 3736
823 217 2134 324 CAPUT.ooTAvuM.,
2324 251 2449 318 2&

432 389 561 424 num¹
579 371 686 422 fidei
706 393 722 428 ς
763 369 968 420 fimiliter
991 371 1034 420 se
1055 371 1190 420 habet
1205 388 1316 421 cum
1337 389 1449 422 vero
1472 373 1598 438 quod
1623 374 1813 438 cogitat,
1835 373 2013 422 tametsi
2036 372 2317 432 veriffimum
2339 374 2457 426 foret

433 440 564 506 quod
590 441 784 504 cogitat,
819 438 960 504 usque
982 439 1205 503 quamdiu
1229 456 1287 488 ex
1309 441 1512 505 proprio,
1559 439 1625 488 est
1656 441 1704 488 in
1732 440 1776 488 se
1816 440 2006 505 quidem
2030 456 2192 488 verum
2216 442 2343 500 fidei,
2378 444 2456 491 sed

435 509 481 555 ei
500 507 676 555 bonum
715 506 822 554 fidei
847 523 941 553 non
980 504 1126 562 inest3
1157 522 1300 555 omne
1322 523 1505 564 verum,
1541 518 1595 554 ut
1627 506 1685 558 fit
1704 523 1869 555 verum
1903 507 2030 566 fidei,
2064 509 2106 556 ei
2130 507 2308 557 bonum
2342 509 2454 558 fidei

433 587 462 622 a
481 574 693 622 Domino
716 573 847 620 inefle
880 572 1031 631 debet,
1067 584 1179 620 tunc
1200 574 1408 637 primum
1431 573 1487 620 fit
1519 572 1694 621 bonum
1718 574 1768 621 &
1792 590 1969 621 verum.

503 645 613 705 875.
651 640 799 707 Qod
822 655 915 688 non
936 640 1112 701 invenit
1133 639 1362 687 Columba
1397 640 1602 703 quietem
1626 639 1749 687 volae
1770 640 1899 703 pedis
1922 639 2006 697 sui,
2042 640 2284 704 significet,
2318 642 2451 706 quod

433 706 547 755 nihil
593 707 703 771 boni
744 707 794 754 &
834 708 932 754 veri
972 705 1080 753 fidei
1122 704 1271 753 adhuc
1316 706 1528 770 potuiffet
1560 705 1758 756 radicem
1799 705 1956 768 figere,
2003 707 2174 756 constat
2213 724 2238 755 a
2275 708 2450 773 fignifi-

431 774 609 822 catione
635 772 901 830 „columban
951 770 1080 836 quod
1113 771 1168 818 sit
1201 787 1365 819 verum
1400 772 1524 829 fidei,
1576 785 1680 821 turn
1725 788 1752 820 a
1790 771 2119 836 significatione
2164 775 2329 838 quietis
2365 791 2452 824 vo-

432 839 491 886 lae
526 840 672 904 pedis,
709 839 836 903 quod
874 838 929 885 fit
968 837 1171 885 radicem
1208 838 1385 902 figere3
1425 839 1555 903 quod
1594 839 1792 898 radicem
1833 854 1926 886 non
1965 841 2099 903 poflit
2134 841 2291 904 figere,
2323 842 2451 890 causa

430 906 477 953 in
511 905 798 970 sequentibus
829 904 1014 960 dicitur,
1051 920 1217 968 nempe
1252 905 1380 969 quod
1414 904 1620 954 falsitates
1654 904 1803 954 adhuc
1834 904 2183 968 superfluerent:
2222 905 2295 953 scd
2330 923 2450 971 quo-

435 973 676 1036 quomodo
696 972 788 1020 hoe
808 969 851 1019 se
874 970 1023 1027 habet,
1061 987 1153 1019 non
1178 971 1369 1035 intelligi
1402 971 1568 1036 potest,
1605 972 1684 1019 nisi
1712 970 1875 1019 sciatur
1896 972 2138 1036 quomodo
2161 972 2215 1019 fit
2239 974 2451 1036 Regene-

426 1041 541 1087 ratio
580 1038 805 1087 Hominis
827 1035 1065 1101 spiritualis
1084 1060 1100 1093 ;
1118 1037 1259 1102 apud
1304 1037 1427 1086 hunc
1466 1038 1703 1087 hominem
1743 1039 2027 1102 cognitiones
2064 1038 2172 1086 fidei
2212 1055 2269 1086 ex
2290 1039 2451 1089 Verbo

429 1107 639 1162 Domini,
676 1104 751 1152 scu
782 1119 839 1151 ex
878 1102 1211 1151 doc'trinalibus·
1240 1104 1362 1162 inde,
1396 1121 1505 1170 quae
1526 1106 1740 1169 Antiqua
1763 1104 1962 1152 Ecclesia
1984 1104 2142 1153 habuit
2163 1121 2219 1152 ex
2242 1106 2449 1156 revelatis

427 1173 770 1236 Antiquiffimae
794 1166 1029 1227 Ecclefiae,
1066 1170 1393 1235 implantandae
1425 1173 1664 1220 memoriae
1703 1170 1817 1237 ejuS,
1854 1172 1903 1219 δε
1935 1172 2042 1219 inde
2080 1188 2210 1220 mens
2243 1170 2340 1237 ejus
2378 1173 2447 1221 in-

429 1238 690 1297 tellectualis
730 1236 1005 1294 instruenda,
1042 1237 1116 1285 sed
1161 1238 1382 1301 quamdiu
1421 1238 1484 1287 ibi
1531 1236 1738 1287 falsitates
1781 1238 2077 1303 superfluunt,
2130 1255 2223 1286 non
2244 1234 2448 1303 ‘poffunt

426 1321 532 1353 vera
554 1305 678 1361 fidei,
717 1315 953 1368 utcunque
977 1303 1252 1362 inseminata,
1278 1304 1481 1362 radicari,
1517 1305 1691 1353 haerent
1714 1305 1860 1353 solum
1886 1304 2120 1369 superficie
2143 1318 2273 1354 tenus
2298 1305 2372 1354 seu
2396 1309 2445 1355 in

426 1373 663 1428 memoria,
700 1387 784 1419 nec
824 1371 885 1418 fit·
917 1370 1087 1418 humus
1116 1382 1236 1435 apta,
1271 1384 1511 1436 antequam
1553 1371 1760 1421 falsitates
1781 1371 1986 1420 discufl'ae
2009 1371 2131 1429 sunt,
2168 1385 2221 1419 ut
2246 1389 2339 1420 non
2363 1390 2446 1437 ap-

422 1450 623 1502 pareant,
659 1450 712 1486 ut
734 1439 860 1502 prius
888 1437 1066 1486 dictum
1090 1437 1154 1485 est
1174 1460 1189 1494 ς
1225 1437 1317 1502 ipsa
1344 1438 1519 1486 humus*
1536 1439 1660 1503 apud
1684 1439 1806 1486 hunc
1829 1439 2067 1487 hominem
2093 1451 2373 1503 praeparatur
2395 1442 2444 1488 in

426 1518 579 1552 mente
612 1503 707 1569 ejus
731 1503 1036 1562 intellectuali,
1072 1521 1180 1569 quae
1202 1505 1319 1553 dum
1362 1519 1614 1571 praeparata
1644 1505 1725 1562 est,
1762 1519 1872 1554 tunc
1909 1523 1935 1553 a
1956 1499 2169 1554 Domino
2193 1506 2443 1554 insinuatur

425 1570 599 1619 bonum
635 1572 878 1629 charitatis,
915 1571 1020 1619 inde
1043 1571 1344 1629 Conscientia,
1380 1589 1439 1620 ex
1484 1589 1576 1637 qua
1613 1572 1720 1620 dein
1753 1576 1866 1637 agit,
1915 1573 2004 1620 hoc
2044 1571 2126 1628 cst,
2176 1588 2258 1637 per
2297 1585 2439 1636 quam

424 1638 656 1686 Dominus
687 1651 901 1703 operatur
923 1638 1099 1686 bonum
1123 1639 1173 1685 &
1195 1654 1360 1687 verum
1378 1638 1513 1688 fidei:
1535 1642 1595 1687 ita
1609 1639 1847 1704 distinguit
1860 1640 2093 1691 Dominus
2117 1638 2438 1688 intellectualia

422 1703 556 1768 hujus
573 1705 772 1753 hominis
785 1705 842 1752 ab
854 1702 949 1768 ejus
967 1705 1249 1761 voluntariis,
1265 1705 1324 1752 sic
1341 1717 1395 1752 ut
1409 1705 1632 1770 nusquam
1648 1707 1877 1763 uniantur,
1902 1722 2009 1769 quae
2026 1706 2059 1753 fi
2078 1708 2329 1764 unirentur,
2344 1722 2439 1754 non

422 1772 635 1834 potuisset
657 1788 750 1818 non
773 1774 820 1818 in
843 1783 1071 1818 aeternum
1093 1772 1237 1834 perire
1251 1793 1267 1826 ·,
1303 1772 1426 1835 apud
1450 1772 1687 1819 hominem
1705 1774 2048 1836 Antiquiffimae
2072 1772 2289 1820 Ecclefiae
2311 1774 2440 1821 unita

418 1835 606 1885 ⁴fuerunt
645 1838 899 1885 voluntaria
931 1836 1322 1895 intellectualibus,
1372 1850 1424 1885 ut
1453 1854 1640 1902 quoque
1678 1837 1783 1886 sunt
1822 1838 1943 1902 apud
1968 1838 2176 1902 Angelos
2199 1838 2399 1887 coelestes
2419 1861 2436 1896 ς

421 1902 492 1950 sed
519 1904 643 1968 apud
665 1904 903 1951 hominem
925 1902 1060 1968 hujus
1084 1903 1300 1951 Ecclefiae
1321 1920 1414 1952 non
1438 1906 1564 1952 unita
1600 1904 1718 1962 sunt,
1762 1921 1845 1953 nec
1879 1904 2003 1968 apud
2035 1905 2269 1952 hominem
2304 1904 2438 1969 spiri-

421 1970 589 2018 tualem
623 1972 860 2027 uniuntur,
895 1982 1078 2034 apparet
1099 1969 1239 2033 usque
1278 1970 1392 2018 ficut
1415 1970 1591 2019 bonum
1614 1971 1856 2028 charitatis,
1890 1971 2020 2035 quod
2059 1969 2183 2028 facit,
2218 1972 2344 2035 quasi
2382 1971 2438 2018 fit

320 2055 323 2057 ·
419 2052 479 2083 ex
512 2035 606 2099 ejus
640 2036 891 2093 voluntate,
927 2035 1002 2084 sed
1025 2035 1091 2084 est
1114 2034 1260 2084 solum
1296 2040 1555 2102 apparentia
1586 2038 1637 2085 &
1673 2036 1880 2094 fallacia;
1916 2054 2054 2085 omne
2090 2037 2275 2085 bonum'
2290 2038 2435 2086 chari-

412 2104 520 2151 'tatis
542 2104 670 2167 quod
693 2105 816 2160 iacit,
853 2101 919 2150 est
934 2102 1084 2150 Solius
1107 2104 1301 2151 Domini
1323 2120 1416 2152 non
1439 2121 1521 2168 per
1541 2098 1845 2162 voluntatem,
1882 2103 1957 2151 sed
1972 2120 2054 2167 per
2075 2103 2439 2160 Conscientiam;

418 2169 451 2216 fi
474 2171 707 2219 Dominus
746 2170 821 2217 vel
851 2169 1082 2217 tantillum
1113 2171 1375 2228 remitteret,
1411 2185 1466 2219 ut
1503 2172 1647 2219 homo
1685 2187 1743 2219 ex
1764 2171 2000 2219 voluntate
2040 2172 2222 2234 propria
2261 2184 2429 2234 ageret,

417 2251 503 2299 pro
526 2235 665 2293 bono,
700 2235 865 2285 faceret
889 2236 1064 2284 malum
1087 2252 1145 2283 ex
1167 2237 1294 2295 odio,
1329 2238 1533 2285 vindiCia
1554 2239 1605 2287 &
1644 2237 1905 2285 crudelitate
1924 2260 1940 2293 ·,
1976 2237 2179 2285 similiter
2217 2236 2258 2284 se
2298 2237 2433 2287 habet

417 2317 528 2349 cum
550 2304 691 2359 Vero,
726 2303 854 2367 quod
877 2303 1020 2350 homo
1054 2302 1292 2366 spiritualis
1327 2306 1498 2368 cogitat
1521 2306 1570 2353 δε
1595 2305 1815 2368 loquitur,
1854 2304 1935 2351 nisi
1959 2320 2016 2350 ex
2040 2302 2342 2360 Conscientia,
2380 2306 2429 2351 δε

416 2368 478 2416 fic
500 2385 557 2416 ex
580 2369 713 2417 bonor
730 2370 943 2426 Domini,
978 2371 1200 2433 cogitaret
1237 2371 1287 2418 &
1329 2371 1604 2435 loqueretur,
1642 2370 1864 2434 nusquam
1897 2371 2025 2418 aliter
2054 2371 2196 2434 poffet
2229 2372 2429 2433 cogitare

416 2436 467 2482 δε
496 2435 625 2499 loqui
647 2452 828 2493 verum,
864 2451 1004 2498 quam
1029 2435 1251 2485 diabolica
1288 2438 1436 2495 turba,
1473 2455 1582 2486 cum
1625 2438 1666 2487 se
1706 2438 1820 2485 lucis
1854 2437 2040 2501 angelos
2072 2437 2288 2500 fingunt:
2329 2437 2428 2484 haec

409 2501 648 2550 clariffime
671 2514 826 2566 patent
858 2502 905 2548 in
927 2502 1064 2549 altera
1084 2503 1190 2550 vita.
1259 2504 1337 2551 Ex
1359 2505 1429 2552 his
1451 2505 1639 2561 constat,
1676 2504 1918 2568 quomodo
1941 2504 1995 2551 fit
2018 2504 2337 2567 Regeneratio,
2377 2505 2428 2550 δε

412 2569 526 2632 quid
549 2569 603 2616 s1t
626 2568 926 2632 Regeneratio
947 2567 1181 2632 spiritualis
1205 2570 1421 2627 hominis,
1453 2571 1620 2619 scilicet
1643 2572 1769 2634 quod
1809 2571 1864 2617 fit
1896 2570 2111 2634 separatio
2149 2571 2287 2633 partis
2333 2568 2429 2633 ejus

410 2633 722 2683 intelletiualis
756 2653 782 2683 a
805 2634 1071 2691 voluntaria,
1106 2651 1186 2697 per
1215 2636 1566 2694 Conscientiam,
1602 2654 1710 2700 quae
1748 2654 1775 2684 a
1811 2638 2021 2684 Domino
2057 2638 2102 2682 in
2130 2635 2423 2694 intellectuali

408 2699 504 2764 ejus
526 2715 655 2767 parte
677 2701 918 2760 formatur,
952 2717 1010 2748 ex
1030 2717 1122 2765 qua
1143 2701 1270 2765 quod
1306 2702 1379 2759 fit,
1413 2716 1596 2768 apparet
1635 2703 1748 2751 sicut
1786 2703 1916 2766 quod
1945 2702 2001 2750 ab
2041 2700 2135 2766 ejus
2164 2702 2420 2760 voluntate,

409 2767 484 2815 sed
507 2769 571 2816 est
593 2785 620 2816 a
641 2770 863 2817 Domin0.
2054 2814 2058 2818 .

477 2837 585 2893 876.
623 2836 770 2901 Qod
795 2833 964 2882 reversa
985 2834 1042 2882 ad
1066 2834 1197 2883 illum
1221 2835 1278 2892 ad
1301 2852 1467 2895 arcam,
1496 2835 1714 2899 significet
1739 2835 1914 2883 bonurn
1939 2836 1988 2883 δε
2014 2851 2177 2890 verum
2203 2851 2420 2899 apparens

376 2952 383 2963 ι
408 2900 532 2962 quasi
563 2902 688 2959 fidei,
724 2919 781 2950 ex
804 2902 890 2949 illis
914 2918 1021 2965 quae
1050 2902 1170 2950 dicta
1207 2902 1324 2960 sunt,
1360 2903 1549 2960 constat,
1586 2916 1688 2950 tum
1713 2918 1768 2950 ex
1790 2903 1876 2949 illis
1904 2917 2011 2966 quse
2038 2901 2311 2965 sequuntur:
2350 2919 2419 2950 re-

409 2968 526 3014 verti
548 2969 606 3014 ad
623 2983 769 3015 arcam
785 2970 831 3015 in
847 2967 971 3015 sensu
996 2969 1175 3018 interno
1191 2986 1284 3017 non
1309 2969 1530 3034 significat
1549 2970 1877 3026 liberationem,
1895 2967 1968 3015 sed
1994 2969 2140 3016 emitti
2165 2968 2221 3016 ab
2243 2985 2342 3016 arca
2367 2970 2417 3016 ὅτ

408 3047 502 3080 non
526 3033 686 3089 redire,
700 3046 753 3082 ut
775 3034 944 3082 constat
966 3035 1024 3082 ab
1041 3035 1130 3082 illis
1152 3052 1258 3099 quae
1273 3035 1535 3100 sequuntur,
1554 3049 1608 3084 ut
1629 3035 1760 3084 vers:
1787 3054 1862 3093 12,
1881 3035 2007 3100 quod
2022 3034 2215 3083 emiserit
2239 3036 2416 3082 colum-

407 3099 530 3154 bam,
582 3099 631 3145 &
671 3115 762 3147 non
802 3100 1028 3148 addiderit
1057 3102 1202 3150 redire
1240 3103 1298 3150 ad
1345 3103 1479 3150 illum
1510 3104 1741 3168 amplius,
1793 3114 1897 3149 tum
1932 3118 1957 3149 a
1992 3101 2119 3149 vers:
2165 3121 2221 3164 15
2257 3102 2306 3149 &
2338 3102 2413 3156 16,

408 3165 535 3228 quod
566 3162 710 3228 juffus
751 3167 871 3213 exire
911 3166 969 3213 ab
1013 3182 1130 3225 arca,
1181 3169 1232 3217 &
1268 3186 1294 3217 a
1316 3168 1442 3217 vers:
1490 3176 1565 3228 18,
1601 3169 1729 3234 quod
1762 3170 1986 3224 exiverit3
2036 3169 2160 3215 Arca
2194 3167 2416 3229 fignificat

404 3231 570 3284 statum
591 3229 687 3296 ejus
709 3243 810 3281 ante
835 3234 1238 3298 regenerationem,
1273 3237 1321 3286 in
1345 3252 1434 3300 qua
1457 3253 1567 3286 curn
1587 3235 1693 3295 fuit,
1734 3237 1781 3285 in
1822 3236 2085 3302 captivitate
2126 3246 2205 3281 aut
2241 3235 2286 3280 in
2321 3247 2415 3277 car-

2313 3312 2416 3347 cere
