2788 3736
329 236 513 346 ,263
910 279 1882 349 GENESJS.

371 431 450 486 39,
475 438 556 482 40.
592 424 672 472 ubi
708 422 765 471 de
803 421 1076 471 abundantia
1113 422 1439 472 doSkrinalium
1480 423 1539 472 de
1575 422 1705 472 bonis
1747 424 1795 472 &
1830 425 1948 474 veris
1978 426 2104 485 fidei,
2139 443 2247 492 quae
2276 428 2384 493 quia

365 487 494 545 tales,
530 490 798 555 rejiciebant.
870 490 946 538 Ex
969 489 1037 538 his
1060 489 1173 539 locis
1195 490 1394 539 constare
1416 490 1581 556 potest,
1611 491 1739 551 quod
1763 491 1950 540 Folium
1973 493 2195 558 significet
2217 509 2380 544 verum

367 553 492 611 fidei,
528 559 578 605 &
603 558 742 606 Oliva
765 557 941 605 bonum
965 554 1219 614 charitati53
1256 558 1305 606 ὅτ,
1329 558 1457 622 quod
1481 557 1642 606 sunilia
1663 557 1974 622 significentur
1995 576 2077 624 per
2097 558 2262 609 folium
2283 562 2369 610 oli-

366 636 457 677 vae,
494 625 621 688 quod
645 624 859 673 columba
879 622 1056 671 ferebat,
1078 627 1128 679 jn
1164 641 1260 683 ore,
1313 625 1400 673 hoc
1436 624 1516 682 est,
1586 625 1682 673 uod
1721 641 1844 672 nunc
1878 639 2108 690 appareret
2145 627 2268 692 apud
2292 628 2379 679 ho-

367 688 541 740 minem
559 694 784 756 Antiquae
809 690 1025 739 Ecclefiae
1048 691 1381 755 aliquantulum
1405 693 1503 739 veri
1521 641 1627 740 figei
1651 692 1844 740 exssbono
1866 692 2105 741 charitatis.
2162 713 2163 718 ¹
2263 710 2269 713 “

447 762 555 822 887.
595 758 743 824 Qod
766 758 1010 806 diminutae
1032 774 1164 822 aquae
1186 757 1375 823 desuper
1397 772 1528 817 terra,
1566 758 1820 824 significent
1849 759 1977 823 quod
2017 760 2116 808 haec
2156 761 2237 820 ita,
2273 763 2380 826 quia

370 825 577 876 falsitates
639 842 734 873 non
791 837 931 872 tantae
952 861 965 883 ,
1026 842 1133 890 quae
1195 825 1470 890 impedirent
1487 862 1502 884 ‚
1561 825 1734 874 constat
1777 842 1802 874 a
1846 826 2174 890 significatione
2217 843 2381 877 eorun-

367 895 478 944 dem
490 909 547 940 ve
579 891 770 940 rborum
808 893 933 956 prius
974 891 1100 940 vers:
1129 897 1170 942 8.
1243 893 1391 957 Qiod
1429 891 1634 941 falfitates
1674 907 1766 942 non
1806 905 1964 950 tantae,
2011 906 2064 941 ut
2096 896 2238 958 prius,
2273 911 2380 959 quae

366 960 657 1025 impedirent,
694 959 742 1006 in
764 958 960 1006 secundo
983 958 1116 1016 statu,
1164 959 1223 1007 de
1244 975 1339 1024 quo
1375 960 1449 1008 hic
1481 961 1648 1024 agitur,
1683 961 1748 1008 ita
1784 957 1827 1008 se
1866 958 2015 1018 habet,
2052 961 2182 1025 quod
2220 977 2381 1010 omnes

363 1026 589 1083 falsitates,
641 1041 752 1089 quas
795 1025 877 1072 fibi
917 1025 1154 1090 acquifivit
1190 1026 1350 1084 horn0‚
1386 1039 1662 1084 remaneant,
1697 1027 1757 1074 fic
1792 1039 1846 1074 ut
1880 1043 1973 1075 non
2009 1027 2379 1086 una‘aboleatur,

368 1107 422 1142 ut
443 1095 569 1158 prius
607 1092 819 1148 dictum,
872 1090 947 1139 sed
987 1103 1096 1140 curn
1137 1106 1422 1156 regeneratur
1457 1093 1617 1149 homo,
1653 1092 1755 1141 sunt
1777 1109 1884 1141 vera
1904 1109 2013 1158 quae
2037 1093 2378 1152 inseminantu'r,

365 1159 424 1210 ad
459 1176 567 1224 quae
589 1157 692 1207 falsa
715 1158 956 1206 flectuntur
992 1175 1019 1206 a
1039 1160 1266 1218 Domino,
1301 1161 1351 1208 &
1375 1159 1435 1208 fic
1459 1169 1673 1226 apparent
1697 1159 1821 1225 quas1
1845 1159 2045 1208 discuffae
2065 1183 2079 1217 3
2115 1162 2165 1209 ὅτ
2189 1162 2380 1226 quidem

362 1243 446 1293 per
468 1227 601 1283 bona,
638 1225 804 1288 quibus
829 1223 1036 1273 donatur.
1657 1223 1661 1227 '
1813 1240 1816 1244 ⁴

437 1298 545 1345 888.
583 1291 704 1340 Vers
713 1310 723 1340 :
758 1310 775 1340 1
790 1308 844 1338 2:
881 1293 946 1339 Et
967 1292 1226 1356 exspeHavit
1251 1292 1391 1341 adhuc
1406 1292 1566 1358 septem
1581 1292 1669 1342 dies
1697 1292 1818 1350 alios,
1871 1293 1927 1343 &
1967 1293 2097 1355 emifit
2135 1294 2382 1353 columbam,

368 1360 424 1410 ΕΒ
471 1376 552 1408 non
595 1358 764 1407 addidit
809 1357 870 1407 ad
911 1357 1031 1406 illum
1075 1359 1214 1407 redire
1257 1359 1453 1423 amplius.
1523 1358 1820 1424 Exspe&avit
1864 1359 2012 1409 adhuc
2048 1360 2222 1426 septem
2267 1362 2380 1420 dies,

364 1426 621 1490 fignificant
643 1425 922 1489 principium
947 1427 1065 1473 tertii
1090 1425 1261 1483 status;
1297 1426 1469 1491 septem
1491 1426 1594 1474 dies.
1610 1427 1864 1491 significant
1885 1425 2088 1478 sanetum
2110 1446 2120 1476 ε
2156 1428 2206 1476 &
2229 1429 2379 1476 emisit

365 1492 647 1548 columbam,
684 1492 909 1556 fignificat
952 1490 1118 1540 statum
1152 1493 1397 1558 recipiendi
1429 1493 1551 1541 bona
1585 1494 1636 1542 δι
1676 1508 1785 1541 vera
1806 1493 1942 1544 fidei:
1992 1494 2119 1559 quod
2158 1494 2374 1545 columba

363 1576 458 1609 non
483 1559 647 1607 rediret
669 1558 726 1607 ad
750 1558 882 1606 illum
905 1559 1120 1622 amplius,
1155 1559 1378 1623 significat
1397 1559 1571 1608 statum.
1589 1559 1798 1609 liberum.

394 1686 397 1689 η
437 1630 545 1692 889.
583 1624 731 1690 Qod
770 1625 1045 1689 exspe&avit
1075 1626 1228 1674 adhuc
1251 1625 1422 1690 septem
1451 1627 1547 1674 dies
1585 1626 1810 1691 significet
1845 1627 2124 1692 principium
2146 1629 2263 1676 tertii
2289 1627 2374 1676 sta-

365 1704 440 1741 tus
461 1715 476 1749 ;
512 1695 559 1740 &
585 1691 712 1755 quod
734 1690 907 1755 septem
929 1691 1185 1755 significent
1208 1691 1429 1750 sanctum,
1463 1692 1642 1742 constat·
1674 1693 1841 1741 exiliis
1865 1710 1972 1758 quae
1997 1695 2054 1742 de
2078 1693 2274 1744 secundo
2295 1694 2379 1743 sta-

363 1772 416 1808 tu
435 1775 547 1807 mox
570 1759 696 1822 prius
721 1758 841 1806 dieta
863 1757 980 1816 sunt,
1005 1757 1086 1806 ubi
1109 1758 1273 1807 fimilia
1295 1759 1445 1807 verba.
1634 1772 1639 1775 ’
2195 1802 2199 1806 .

439 1831 548 1890 890.
586 1824 652 1872 Et
674 1824 821 1873 emifit
859 1824 1141 1883 columbam,
1178 1826 1306 1890 quod
1333 1826 1554 1891 significet
1570 1825 1752 1877 statum
1793 1825 2040 1892 recipiendi
2064 1826 2184 1875 bona
2205 1827 2255 1875 ὅτ
2278 1842 2385 1875 vera

330 1930 334 1934 »
364 1892 492 1949 fidei,
518 1891 724 1940 slmiliter
748 1890 923 1940 constat
941 1891 1000 1940 ab
1022 1892 1111 1940 illis
1125 1909 1242 1958 quae
1264 1893 1386 1948 dieta
1409 1893 1511 1941 sunt
1547 1893 1604 1941 ad
1631 1893 1758 1942 vers:
1789 1910 1864 1949 10,
1902 1909 2006 1940 nam
2046 1893 2203 1942 eadem
2244 1893 2382 1943 verba

366 1959 483 2016 sunt,
520 1958 719 2007 &idem
740 1957 903 2015 sensus,
940 1957 1089 2007 solum
1113 1959 1328 2024 quodibi
1354 1960 1411 2008 de
1435 1960 1634 2009 secundo
1667 1959 1799 2017 statii,
1838 1960 1911 2007 hic
1951 1960 2008 2007 de
2047 1961 2182 2007 tertio
2206 1973 2380 2023 agatur.

365 2027 560 2074 Tertiusv
574 2024 714 2073 status
734 2024 1000 2073 describitur
1019 2042 1100 2091 per
1123 2027 1250 2090 quod
1287 2027 1504 2075 columba
1540 2042 1634 2074 non
1674 2026 1870 2083 redierit,
1905 2029 2010 2072 tu'm
2050 2026 2177 2089 quod
2214 2026 2380 2074 Noach

365 2093 612 2141 removerit
648 2093 824 2140 tectum
849 2107 967 2139 arcae
983 2113 998 2148 ;
1034 2095 1232 2140 demum>
1249 2093 1376 2157 quod
1400 2095 1592 2159 exiverit
1613 2109 1669 2140 ex
1700 2108 1816 2150 arca,
1851 2093 1958 2156 quia
1993 2090 2199 2139 arefasstae
2236 2090 2371 2141 facies

365 2158 516 2215 humi,
550 2159 601 2205 δε
633 2158 853 2206 exsiccata
870 2171 997 2206 terra.
1127 2204 1129 2207 ,
2324 2202 2331 2205 ,

433 2229 548 2288 891.
587 2225 733 2289 Qod
770 2225 985 2272 columba
1031 2241 1125 2272 non
1177 2226 1343 2274 rediret
1392 2227 1470 2273 ad
1497 2225 1646 2272 illurn,
1672 2224 1892 2288 amplius,
1943 2223 2169 2288 significet
2209 2225 2377 2273 statum

367 2292 580 2348 liberum,
617 2291 720 2339 inde
750 2307 883 2339 nunc?
910 2291 1126 2355 sequitur,
1163 2293 1212 2338 &
1257 2293 1446 2355 quidem
1480 2307 1538 2338 ex
1571 2307 1642 2348 eo,
1683 2290 1811 2357 quod
1844 2286 2078 2348 columba,
2116 2291 2195 2338 seu
2213 2308 2379 2340 ver-um

370 2358 506 2415 fidei,
537 2357 650 2406 ficut
674 2371 852 2405 caeterae
876 2374 998 2416 aves,
1034 2371 1088 2404 ut
1108 2359 1158 2405 &
1183 2357 1353 2416 bestiae,
1389 2361 1450 2406 ita
1465 2358 1698 2415 Noachus‚
1734 2353 2043 2421 non-'amplius
2065 2359 2111 2404 in
2135 2374 2236 2405 arca
2258 2371 2381 2406 tene-

374 2436 496 2471 retur
520 2440 606 2487 pro
631 2426 767 2487 aquis„
789 2424 981 2480 diluvii,
1017 2424 1241 2488 quamdiu
1265 2426 1310 2473 in
1335 2441 1435 2473 arca
1458 2436 1565 2481 erat,
1592 2424 1728 2472 status
1751 2423 1991 2480 servitutis,
2018 2423 2090 2483 seu
2114 2424 2251 2473 status
2275 2441 2381 2489 cap-

375 2492 562 2538 tivitatis
594 2503 671 2537 aut
694 2493 1011 2547 carceris-erat,
1048 2491 1322 2555 agitantibus
1359 2508 1465 2540 eum
1491 2493 1619 2554 aquis
1641 2487 1807 2538 diluvii
1842 2490 1914 2537 seu
1954 2489 2089 2549 falfis,
2125 2493 2205 2554 qui
2229 2490 2381 2549 status,

373 2573 483 2605 cum
506 2556 623 2605 statu
645 2558 919 2614 tentationis,
953 2555 1216 2605 describitur
1237 2559 1284 2605 in
1308 2559 1427 2623 Cap:
1454 2572 1600 2621 praec:
1637 2557 1766 2605 vers:
1799 2573 1871 2622 17,
1908 2557 2034 2621 quod
2070 2573 2200 2621 aquae
2223 2573 2378 2604 creve-

374 2626 465 2674 rint
488 2624 538 2672 &
572 2622 825 2673 sustulerint
863 2639 1033 2681 arcam,
1075 2624 1126 2671 &
1149 2625 1276 2687 quod
1309 2625 1479 2672 elevata
1514 2640 1613 2672 arca
1641 2623 1829 2687 desuper
1861 2637 2005 2678 terra·,
2041 2636 2142 2671 turn
2166 2623 2288 2670 vers:
2322 2628 2379 2673 18

377 2691 501 2753 quod
520 2690 820 2738 corroboratae
844 2705 991 2754 aquae,
1031 2693 1080 2738 ὅτ
1105 2692 1236 2738 iverit
1260 2707 1359 2739 arca
1389 2692 1446 2739 de
1470 2691 1601 2755 super
1623 2690 1819 2738 faciebus
1841 2706 2090 2752 aquarum-,
2127 2689 2262 2736 status
2286 2687 2382 2753 ejus

322 2752 325 2755 ’
376 2756 590 2804 libertatis
622 2756 900 2814 describitur,
952 2757 1079 2821 quod
1113 2774 1205 2804 non
1236 2756 1388 2806 solum
1420 2759 1629 2806 exiverit
1650 2774 1707 2806 ex
1745 2768 1843 2803 ar'ca
1865 2755 2098 2811 Noachus,
2135 2754 2211 2801 sed
2244 2756 2380 2803 etiam

379 2825 535 2870 omnia
557 2839 662 2886 quae
685 2839 795 2871 curn
818 2840 928 2871 curn
953 2824 1034 2871 illo
1057 2822 1254 2882 fuerunt,
1291 2826 1342 2871 in¹
1361 2825 1448 2873 hoc
1472 2825 1648 2888 Capite,
1673 2822 1781 2886 vers
1787 2840 1798 2869 :
1825 2821 1923 2882 seq:
1967 2837 2042 2882 15,
2074 2821 2151 2877 16,
2182 2837 2256 2885 17,
2287 2826 2342 2871 18
2363 2844 2378 2878 ;

378 2889 448 2946 ita,
462 2891 671 2936 omnium
696 2892 902 2953 primum
928 2890 1161 2948 columba,
1198 2891 1388 2948 hocest,
1423 2901 1587 2937 verum
1611 2889 1719 2936 fidei
1741 2902 1799 2934 ex
1825 2887 1964 2944 bono,
2000 2903 2108 2936 nam
2148 2903 2286 2935 omne
2326 2889 2380 2935 li·

387 2953 550 3002 berum
574 2954 638 3001 est
660 2970 718 3001 ex
743 2955 865 3003 bono
888 2956 1013 3013 fidei,
1049 2956 1137 3004 hoc
1160 2956 1240 3014 est,
1277 2973 1334 3004 ex
1357 2972 1509 3005 amore
1532 2955 1655 3002 boni.

452 3023 562 3085 892.
590 3021 801 3085 'Qando
818 3022 962 3070 horno
985 3035 1268 3086 regeneratus
1291 3022 1372 3079 est,
1407 3034 1518 3069 tunc
1557 3022 1763 3083 primum
1804 3020 1850 3067 in
1874 3018 2040 3066 statum
2065 3019 2281 3068 libertatis
2303 3036 2383 3069 ve-

382 3087 468 3143 nit,
503 3098 628 3134 antea
651 3088 697 3133 in
722 3086 836 3134 statu
860 3086 1083 3135 servitutis
1107 3087 1225 3144 fuit;
1263 3087 1448 3135 servitus
1472 3086 1551 3145 est,
1577 3103 1683 3134 cum
1701 3087 1923 3150 imperant
1940 3087 2209 3150 cupiditates
2233 3090 2280 3134 &
2299 3085 2384 3134 fal-

380 3152 545 3209 sitates,
581 3152 756 3200 libertas
801 3169 910 3203 curn
949 3153 1204 3201 affeffiones
1227 3153 1335 3201 boni
1358 3155 1407 3201 &
1431 3150 1560 3209 veri3
1597 3153 1724 3217 quod
1749 3154 1989 3217 quomodo
2020 3152 2062 3201 se
2095 3153 2244 3210 habet,
2280 3152 2382 3200 nus-

383 3234 522 3282 quam
547 3219 689 3267 homo
710 3220 904 3284 percipit
936 3219 1156 3282 quamdiu
1180 3221 1227 3267 in
1251 3220 1364 3267 statu
1389 3219 1611 3267 servitutis
1645 3219 1723 3278 est,
1759 3217 1832 3267 sed
1866 3232 1976 3267 tunc
2009 3221 2213 3285 primum
2237 3235 2384 3282 quam·

382 3285 447 3334 do
474 3287 520 3334 in
544 3285 717 3335 statum.
742 3286 956 3335 libertatis
987 3288 1142 3335 venit:
1180 3302 1289 3335 cum
1323 3287 1370 3336 in
1402 3286 1517 3336 statu
1548 3287 1768 3336 servitutis
1805 3286 1885 3346 est,
1918 3287 2005 3335 hoc
2046 3285 2124 3345 est,
2159 3300 2275 3397 cm}
2301 3300 2381 3331 cu-

766 3375 779 3377 ,
2181 3367 2232 3415 pi
2266 3362 2392 3400 itates
