2788 3736
922 272 1355 343 CAPUT
1448 232 2013 338 NONUMs
2239 264 2423 362 “w1

475 412 656 489 senfin,
720 409 781 464 &
807 408 885 479 sic
932 426 1004 463 eos
1047 420 1138 478 per
1196 407 1434 462 violentas
1479 408 1729 478 collistones
1766 405 1996 477 partium
2046 404 2119 459 cis
2175 407 2234 463 &3
2278 418 2429 474 retro,

489 506 599 543 cum
616 483 825 539 inductis
838 495 931 554 per
949 484 1130 555 renisus
1149 482 1402 547 doloribus,
1431 481 1747 553 torquebant;
1780 481 1974 534 animus
1993 492 2106 533 erat
2116 481 2431 552 punitoribus

491 581 578 626 eos,
607 559 931 632 fipotuiffi’nt,
952 557 1169 624 necandi,
1209 555 1320 613 inde
1338 556 1577 611 violentia
1591 556 1827 611 maxima.
1876 558 2045 609 Erant
2051 556 2273 627 plurima
2278 569 2432 630 parte

488 638 700 700 Sirenes,
738 632 1029 706 dequibus,
1074 652 1124 686 n.
1155 633 1219 703 83
1235 651 1280 686 1.
1313 631 1512 703 punitio
1529 630 1778 702 perstabat
1811 630 1915 705 diu,
1957 630 2014 683 &²
2041 630 2283 702 pergebat
2320 633 2429 686 cir..

488 731 595 766 cum
641 729 711 763 me
755 707 825 761 ad
859 709 1070 762 cohortes
1108 708 1310 777 plures3
1371 708 1431 761 ἐξ
1473 704 1600 777 quod
1633 704 1862 771 miratus,
1904 705 2285 759 inveniebantur
2328 726 2428 760 om-

488 806 586 853 nes,
626 802 734 857 quae
760 783 1016 853 infidiatae,
1058 782 1246 843 tametsi
1270 784 1321 849 se
1361 782 1605 834 occultare
1645 780 1826 832 vellent
1849 801 1866 832 .·
1909 780 2026 851 quia
2045 781 2235 851 strenes
2263 794 2428 847 erant,

485 861 650 914 multis
674 857 868 913 artibus
895 856 1082 910 eludere
1107 854 1363 909 tentabant
1399 866 1610 926 paenam,
1631 854 1731 926 sed
1767 873 1858 907 non
1892 865 2172 925 potuerunt,
2213 874 2338 909 nunc
2370 860 2431 930 st'

470 937 733 1008 sterripere
769 930 990 985 volebant
1034 931 1088 984 in
1126 941 1357 983 naturam
1404 929 1703 993 interiorem,
1744 948 1872 981 nunc
1916 928 2142 982 inducere
2179 930 2305 1001 quod
2335 933 2430 984 alii
2497 994 2506 1002 ι

487 1009 645 1082 effent,
683 1024 810 1060 nunc
835 1006 1068 1059 derivare
1081 1017 1277 1076 paenam
1323 1006 1376 1057 in
1402 1004 1523 1058 alios
1537 1014 1633 1075 per
1658 1002 1998 1076 translationes
2024 1003 2260 1070 idearum,
2304 1025 2431 1060 nunc

487 1088 704 1138 mentitae
748 1081 960 1152 infantes
1003 1097 1113 1151 quos
1171 1079 1474 1143 cruciarent,
1518 1097 1661 1131 nunc
1692 1079 1911 1152 spiritus
1955 1077 2108 1145 bonos,
2166 1092 2295 1132 nu‘nc
2334 1100 2429 1134 an-

330 1216 333 1217 ,
482 1154 624 1230 gelos,
658 1165 845 1227 praeter
880 1155 1031 1227 plura
1064 1154 1188 1221 alia,
1211 1153 1308 1228 sed
1352 1153 1492 1225 usque
1532 1153 1778 1228 incafficm.
1858 1153 1999 1225 Qod
2047 1164 2151 1207 tam
2184 1157 2430 1226 graviter

476 1233 797 1305 punirentur,
837 1230 1047 1282 m‘iratus
1075 1230 1206 1301 sum,
1231 1228 1328 1300 βό
1361 1238 1659 1299 perceptum,
1719 1227 1844 1300 quod
1884 1229 1982 1281 tale
2003 1229 2080 1298 fit
2126 1230 2325 1297 inorme,
2367 1251 2430 1284 ex

423 1301 428 1305 ’
483 1307 762 1379 necestitate,
803 1305 929 1376 quod
942 1304 1069 1357 homo
1096 1316 1202 1357 tuto
1228 1303 1439 1356 dormire
1471 1303 1656 1370 debeat,
1697 1303 1823 1375 quod
1842 1304 1933 1373 nist
1937 1303 2106 1375 fieret,
2165 1304 2427 1360 humanum

477 1400 626 1453 genus
661 1380 871 1452 periret,
931 1378 1042 1432 inde
1093 1399 1153 1432 ex
1198 1378 1464 1449 necestitate
1527 1388 1673 1431 tanta
1710 1389 1858 1448 paena
1881 1399 1897 1431 .-
1959 1389 2257 1449 perceptum,
2309 1382 2436 1453 quod

486 1457 634 1509 etiam
653 1455 816 1528 simile
842 1455 948 1526 fiat
986 1454 1128 1507 circa
1155 1454 1274 1508 alios
1312 1453 1536 1519 homines,
1577 1472 1688 1525 quos
1728 1454 1781 1505 in
1830 1452 1985 1522 somno
2019 1453 2228 1526 infidiost’
2277 1456 2429 1527 inva-

483 1531 596 1584 dere
644 1539 898 1594 conantur,
957 1530 1145 1600 tamezss
1194 1528 1323 1582 homo
1363 1529 1448 1582 hoc
1488 1529 1671 1600 nescit,
1730 1528 1813 1581 cui
1859 1529 1984 1581 enim
2023 1546 2132 1581 cum
2151 1531 2423 1602 spiritibus

452 1632 454 1634 ’
487 1606 617 1678 loqui
642 1625 731 1659 non
757 1605 926 1658 datum
951 1606 1031 1676 est,
1072 1608 1130 1661 Es?
1151 1603 1296 1676 sensu
1321 1605 1512 1657 interno
1538 1622 1646 1656 cum
1670 1603 1776 1656 illis
1811 1602 1911 1676 effi’,
1951 1603 2082 1656 nibil
2102 1608 2202 1656 tale
2227 1605 2420 1674 audire,

409 1745 424 1749 ,
485 1683 643 1734 minus
667 1680 838 1733 videre
867 1678 1035 1752 potest,
1075 1698 1182 1732 cum
1225 1691 1386 1732 tamen
1433 1678 1572 1750 idque
1588 1678 1782 1745 similia
1828 1677 1969 1731 circa
2016 1679 2135 1732 alios
2176 1680 2384 1749 existunt
2405 1703 2424 1735 .·

487 1755 727 1810 Dominus
780 1753 921 1825 quam
959 1754 1167 1806 maxime
1191 1753 1392 1824 custodit
1434 1753 1664 1805 hominem
1694 1771 1801 1805 cum
1841 1751 2041 1807 dormit.

415 1832 541 1903 960.
582 1831 707 1883 Sunt
740 1829 954 1901 spiritus
1006 1826 1204 1899 quidam
1254 1827 1404 1894 dolosi,
1452 1827 1540 1898 qui
1572 1826 1683 1880 dum
1732 1827 1978 1880 vixerunt
2024 1827 2078 1880 in
2114 1839 2307 1899 corpore
2340 1830 2425 1884 do-

489 1905 555 1957 los
581 1903 761 1956 occulte
793 1913 1009 1973 egerunt,
1051 1903 1109 1957 &³
1148 1899 1346 1974 quidam
1383 1920 1562 1968 eorum,
1606 1902 1694 1975 qui
1738 1900 1936 1954 artibus
1971 1903 2248 1972 perniciosis
2264 1905 2426 1974 fimu-

489 1979 660 2032 larunt
698 1980 831 2049 quasi
870 1978 1080 2049 angelos,
1140 1977 1409 2049 decipiendi
1451 1981 1617 2050 causa,
1691 1977 1747 2029 in
1765 1977 1955 2030 *altera
2012 1976 2127 2030 vita
2171 1978 2428 2053 addiscunt

477 2052 808 2126 sestibducere
846 2052 900 2104 in
909 2051 1221 2126 subtiliorem
1247 2063 1495 2117 naturam,
1519 2057 1668 2125 stque
1695 2051 1882 2123 eripere
1907 2051 2056 2105 oculis
2084 2052 2310 2119 aliorum,
2350 2056 2427 2109 ita

470 2129 530 2202 se
554 2127 616 2180 ab
644 2127 771 2181 omni
787 2136 933 2197 pcena
960 2138 1087 2180 tutos
1109 2138 1368 2199 putantes;
1399 2126 1490 2200 sed
1512 2127 1573 2194 ii,
1597 2126 1732 2198 sicut
1756 2126 1871 2193 alii,
1913 2146 2004 2180 non
2024 2126 2182 2197 solum
2210 2127 2425 2200 discerp-

486 2202 636 2255 tionis
676 2213 844 2272 poenas
870 2200 1102 2271 subeunt,
1127 2202 1388 2275 secundum
1431 2201 1528 2255 doli
1573 2221 1731 2255 eorum
1778 2213 2010 2254 naturam
2051 2206 2109 2257 &
2161 2204 2424 2271 malitiam,

466 2277 564 2348 fid
587 2277 734 2328 etiam
762 2277 1180 2346 conglutinantur,
1223 2279 1347 2349 quod
1362 2295 1467 2330 cum
1476 2277 1568 2348 fit,
1608 2296 1695 2349 quo
1711 2278 1821 2348 plus
1831 2277 1890 2350 st’
1930 2276 2173 2350 diffolvere
2199 2279 2422 2348 cupiunt,

473 2354 559 2423 seu
628 2350 691 2402 ab
743 2350 952 2403 invicem
1001 2350 1285 2422 discindere,
1345 2370 1394 2404 eo
1444 2352 1632 2404 arctius
1685 2353 1910 2422 ligantur
1925 2378 1941 2415 ;
1999 2363 2144 2422 paena
2197 2354 2258 2425 est
2317 2372 2425 2407 cum

415 2422 419 2424 ἡ
484 2424 730 2493 intenfiori
757 2425 1005 2491 cruciatu,
1042 2427 1159 2498 quia
1184 2426 1422 2500 respondet
1443 2445 1604 2480 eorum
1631 2426 1748 2480 dolis
1769 2426 2220 2498 absconditioribus.

414 2504 539 2576 961.
582 2498 796 2569 Qidam
843 2517 902 2551 ex
960 2500 1061 2572 usu,
1120 2501 1315 2572 quidam
1369 2514 1730 2569 est-contemtu,
1797 2502 1852 2554 in
1888 2501 2159 2573 familiari
2205 2502 2423 2574 strmone

473 2586 567 2646 pro
592 2637 594 2639 ,
597 2573 828 2642 formulis
850 2591 1090 2645 nugarum
1128 2588 1219 2628 aut
1259 2576 1512 2646 irrisionis,
1554 2587 1764 2629 utuntur
1791 2576 1928 2642 illis,
1950 2595 2056 2648 quae
2084 2577 2196 2643 fimt
2222 2579 2418 2630 Sanetae

483 2648 781 2719 Scripturae,
820 2648 902 2717 stc
940 2658 1169 2717 putantes
1228 2651 1353 2720 quod
1401 2662 1646 2716 nugentur
1697 2663 1788 2703 aut
1854 2651 2102 2703 irrideant
2152 2652 2416 2720 eleganter,

465 2722 557 2799 st'd
592 2722 721 2775 talia
764 2722 983 2791 cogitata
1029 2725 1086 2777 &
1127 2723 1260 2775 dieta
1282 2724 1341 2795 st'
1390 2723 1663 2794 adjungunt
1711 2724 1833 2777 ideis
1883 2743 2040 2776 eorum
2084 2726 2318 2795 corporeis
2362 2727 2420 2779 &

464 2797 681 2871 spurcis,
730 2799 787 2851 δέ
833 2797 886 2848 in
920 2797 1080 2848 altera
1121 2796 1236 2849 vita
1278 2799 1342 2849 iis
1397 2798 1598 2850 multum
1650 2799 1818 2851 damni
1869 2798 2109 2870 irfferunt,
2175 2818 2289 2852 nam
2333 2818 2414 2852 re-

480 2871 627 2925 deunt
671 2890 768 2923 una
813 2889 918 2923 cum
955 2871 1256 2942 prophani53
1341 2873 1463 2926 tales
1506 2891 1682 2944 quoque
1722 2873 2056 2944 discerptionis
2092 2884 2261 2945 paenas
2292 2874 2419 2949 sicb-

481 2957 612 3009 eunt,
635 2947 794 3018 ,usque
835 2945 944 2998 dum
990 2945 1256 3017 desvescant
1296 2946 1491 3000 talibus.
1820 2975 1822 2977 >
2014 2986 2017 2987 γ
2199 2958 2206 2962 “

408 3023 533 3095 962.
574 3020 658 3091 13ss
706 3021 866 3072 'etiam
896 3031 1040 3091 poena
1085 3021 1416 3093 discerptionis
1459 3021 1618 3092 quoad
1664 3020 1994 3094 cogitationes,
2035 3024 2131 3092 fic-
2173 3035 2231 3076 ut
2282 3024 2414 3077 inte-

482 3093 634 3177 riores
660 3093 972 3163 cogitationes
989 3106 1206 3167 pugnent
1245 3115 1351 3150 cum
1403 3095 1741 3162 exterioribus,
1786 3098 1911 3168 quod
1930 3097 2001 3168 fit
2037 3117 2143 3151 cum
2185 3098 2416 3152 interiori

484 3178 729 3221 cruciatu.
1057 3185 1071 3194 “

408 3245 531 3319 963.
572 3244 712 3296 Inter
728 3240 1002 3313 punitiones
1011 3243 1253 3316 frequens
1274 3230 1349 3318 *est
1360 3246 1714 3319 ficperinjet’t'io
1738 3247 1860 3311 Veli,
1906 3247 1990 3301 hoc
2029 3247 2128 3300 tale
2170 3248 2246 3319 est,
2291 3245 2415 3316 quod

1087 3338 1095 3343 ³
2320 3330 2415 3391 per
