2788 3736
343 255 469 299 212
875 197 1843 295 GENESJs

406 391 514 440 731.
552 372 700 438 Qod
720 388 801 435 per
840 370 988 418 delere
1011 386 1199 418 omnem
1233 369 1539 427 substantiam,
1591 376 1730 433 quam
1763 369 1867 428 feci,
1912 385 1939 420 a
1975 371 2105 439 super
2143 372 2338 425 faciebus

336 440 483 499 humi,
520 439 797 504 significetur
829 437 1028 485 hominis
1065 438 1322 501 proprium,
1359 436 1486 500 quod
1524 436 1648 500 quafi
1680 436 1884 494 deletur,
1919 453 2026 486 cum
2061 441 2339 501 vivificatur,

338 507 509 555 constat
548 523 604 553 ex
636 505 740 562 illis,
775 506 882 569 quae
914 505 1038 568 prius
1086 504 1144 551 de
1177 505 1363 567 proprio
1412 503 1591 549 dietum
1624 501 1721 558 est3
1758 502 1953 551 hominis
1998 509 2237 572 proprium
2276 509 2342 558 est

338 590 476 621 omne
502 572 682 620 malum
707 571 756 619 δε
781 569 959 627 falsum,
994 570 1216 634 quamdiu
1240 570 1327 617 hoc
1353 581 1517 626 manet,
1565 569 1743 616 tamdiu
1766 569 1909 618 homo
1931 570 1994 619 est
2011 573 2241 633 mortuus,
2266 575 2343 625 sed

336 655 444 687 cum
462 641 732 686 tentationes
755 636 888 696 subit,
913 648 1023 685 tunc
1047 635 1300 693 discutitur,
1321 637 1408 683 hoc
1431 635 1510 692 est,
1536 634 1772 684 resolvitur
1793 637 1843 684 ὅτ
1867 648 2142 702 temperatur
2163 656 2244 704 per
2259 659 2341 691 ve-

338 722 385 753 ra
407 707 456 754 &
480 705 597 753 bona
619 722 642 752 a
665 705 891 762 Domino,
928 705 977 767 &
1001 703 1061 751 fic
1085 703 1360 760 vivificatur,
1401 703 1452 750 &
1486 714 1669 766 apparet
1707 703 1821 750 ficut
1861 720 1953 751 non
1988 704 2180 762 adeffet;
2215 707 2344 772 quod

338 788 431 819 non
454 783 678 836 appareat,
714 787 797 818 nec
832 769 1025 834 amplius
1065 782 1238 826 noceat,
1277 769 1554 833 fignificatur
1595 785 1677 833 per
1716 769 1871 826 deleri,
1908 770 2084 818 tametsi
2123 772 2344 837 nusquam
2376 767 2384 773 ”

338 838 530 896 deletur,
566 837 640 885 sed
665 849 850 894 manet;
886 836 927 883 se
949 836 1081 884 habet
1119 834 1208 883 fere
1231 835 1345 883 ficut
1383 837 1570 899 nigrum
1604 836 1654 883 &
1677 834 1849 892 album,
1885 852 1991 900 quae
2031 837 2144 885 dum
2169 839 2345 905 tempe-4

338 917 496 952 rantur
516 905 637 951 varie
661 920 740 968 per
761 903 875 950 lucis
910 902 1072 959 radi05,
1109 913 1346 950 vertuntur
1382 903 1428 948 in
1468 901 1642 949 colores
1681 901 1909 966 pulchr08‚
1946 916 1998 951 ut
2038 906 2085 951 in
2109 906 2354 966 caeruleos,

338 971 497 1028 flavos,
521 986 789 1035 purpureos,
825 985 904 1033 per
927 984 1058 1032 qu03,
1093 967 1341 1015 secundum
1365 967 1718 1032 dispofitionem,
1762 981 1816 1015 ut
1839 970 1885 1016 in
1918 969 2121 1030 floribus,
2154 975 2345 1038 pulchra

338 1037 389 1084 δε
404 1035 609 1101 jucunda
633 1035 861 1092 sistuntur,
896 1034 1180 1091 manentibus
1214 1034 1353 1099 usque
1375 1035 1588 1081 radicitus
1626 1036 1677 1082 δε
1700 1033 2093 1085 fundamentaliter
2136 1042 2270 1104 nigro
2292 1043 2350 1091 δι’.

338 1103 456 1152 albo.
527 1103 615 1151 Sed
639 1104 745 1166 quia
767 1102 840 1148 hic
864 1101 998 1149 simul
1021 1103 1174 1164 agitur
1195 1101 1251 1148 de
1275 1101 1435 1148 ultima
1457 1100 1701 1148 vastatione
1737 1116 1914 1158 eorum,
1949 1105 2028 1168 qui
2068 1102 2253 1156 fuerunt
2287 1103 2347 1156 ab

320 1168 541 1218 ‘Ecclesia
562 1170 901 1231 Antiquissima,
937 1169 1072 1215 etiam
1097 1183 1177 1230 per
1200 1167 1346 1226 delere
1368 1183 1555 1214 omnem
1585 1166 1888 1224 substantiam,
1923 1182 2064 1232 quam
2088 1169 2190 1230 feci,
2227 1191 2253 1222 a
2273 1174 2345 1224 su-

340 1234 423 1299 per
445 1234 640 1284 faciebus
663 1235 812 1289 humi,
848 1233 1156 1297 fignificantur
1179 1234 1210 1279 ii
1232 1235 1313 1296 qui
1335 1235 1579 1296 perierunt,
1614 1233 1727 1280 ficut
1756 1247 1940 1298 quoque
1968 1235 2073 1300 seq:
2099 1239 2228 1288 vers:
2266 1259 2345 1305 23.

341 1301 597 1359 substantia,
623 1317 762 1364 quam
786 1298 888 1357 feci,
924 1299 987 1347 est
1009 1315 1147 1347 omne
1172 1299 1238 1355 id,
1274 1298 1346 1346 seu
1370 1300 1521 1346 omnis
1543 1299 1702 1357 horno,
1738 1301 1901 1364 inquo
1923 1300 2011 1349 fuit
2033 1301 2183 1353 semen
2207 1308 2347 1355 coele-

339 1367 419 1425 ste,
456 1368 528 1415 seu
547 1368 628 1431 qui
663 1364 749 1414 fuit
778 1365 833 1414 ab
857 1365 1071 1422 Ecclesia,
1107 1381 1241 1430 quare
1263 1366 1399 1413 etiam
1423 1367 1470 1412 in
1490 1365 1576 1413 hoc
1596 1365 1744 1423 versu,
1779 1367 1834 1414 δε
1854 1367 1900 1414 in
1923 1367 2129 1432 sequente
2155 1389 2234 1435 23,
2259 1374 2348 1422 hu..

342 1451 445 1482 mus
485 1434 667 1491 dicitur,
702 1449 808 1497 quae
851 1432 1086 1481 hominem
1124 1432 1339 1480 Ecclefiae
1363 1431 1600 1495 fignificat,
1637 1435 1712 1480 cui
1748 1432 2060 1482 inseminatum
2096 1436 2269 1487 bonum
2295 1442 2346 1489 δε

294 1543 297 1545 ,
340 1517 521 1559 verum,
558 1500 686 1564 quod
708 1498 942 1546 succeffive
965 1499 1086 1562 apud
1121 1514 1213 1553 eos,
1248 1499 1328 1561 qui
1350 1498 1584 1554 Noachus‚
1620 1511 1858 1556 vocantur,
1889 1500 2101 1560 discuffis,
2136 1504 2250 1553 ficut
2273 1507 2344 1554 di.

342 1567 490 1624 ctum,
526 1567 654 1614 malis
677 1566 732 1622 ὅτ,
751 1563 884 1622 falsis,
920 1563 1155 1624 succrevit,
1192 1563 1266 1634 sed
1305 1564 1426 1629 apud
1462 1564 1833 1623 antediluvian03‚
1867 1569 1947 1630 qui
1983 1570 2227 1632 perierunt,
2262 1570 2348 1636 per

342 1634 554 1691 zizanias,
590 1632 860 1680 exstinctum
884 1630 959 1678 est.
1241 1671 1245 1675 ,

413 1716 520 1763 732.
557 1698 695 1746 Vers:
725 1715 768 1762 5.
804 1700 867 1746 Et
889 1698 1001 1759 fecit
1028 1697 1183 1746 Noach
1218 1697 1444 1762 secundum
1482 1714 1611 1756 omne,
1658 1698 1768 1764 quod
1801 1702 2005 1763 praecepit
2048 1704 2088 1750 ei
2123 1704 2347 1767 Jehovah‚

343 1766 566 1829 fignificat
596 1778 648 1812 ut
681 1767 805 1828 prius
841 1764 967 1828 quod
1008 1765 1068 1827 ita
1098 1762 1284 1814 factum.
1563 1797 1566 1802 -

411 1832 631 1879 Videatur
644 1832 780 1895 Cap:
816 1830 1025 1895 praeced:
1066 1829 1191 1877 vers:
1220 1848 1298 1887 22,
1334 1830 1412 1880 ubi
1430 1830 1514 1878 bis
1539 1830 1722 1889 dicitur,
1756 1833 1885 1896 quod
1922 1833 2140 1884 Noachus
2176 1834 2348 1896 fecerit,

343 1898 417 1946 hic
459 1898 600 1945 modo
634 1896 802 1952 semel·‚
838 1898 887 1944 &
943 1897 1005 1944 ibi
1045 1898 1187 1954 Deus,
1225 1896 1297 1944 hic
1322 1910 1473 1947 autem
1499 1898 1740 1959 Jehovah;
1776 1899 1903 1948 causa
1925 1899 2005 1958 est,
2041 1903 2147 1965 quia
2169 1903 2230 1950 ibi
2252 1907 2348 1968 agi-

345 1978 422 2012 tur
445 1964 501 2011 de
526 1963 912 2019 intellectualibus,
949 1963 1021 2010 hic
1062 1963 1118 2010 de
1156 1963 1420 2010 voluntariis
1446 1986 1461 2020 3
1506 1964 1816 2018 intellectualia
1853 1965 2051 2030 spectant
2096 1969 2348 2018 voluntaria

346 2030 459 2078 ficut
496 2030 578 2076 alia
602 2030 652 2077 &
677 2029 885 2076 distincta
906 2045 932 2076 a
955 2028 1012 2086 se,
1047 2028 1120 2075 sed
1138 2030 1390 2076 voluntaria
1412 2029 1606 2093 spectant
1629 2031 1942 2079 intellectualia
1964 2032 2077 2079 ficut
2099 2031 2225 2082 unita
2247 2035 2348 2093 fibi,

348 2108 425 2145 aut
447 2095 559 2143 ficut
581 2111 745 2152 unum,
780 2111 884 2141 narn
909 2111 934 2142 a
956 2095 1190 2142 voluntate
1214 2096 1478 2152 intellectus,
1514 2112 1620 2159 quae
1644 2097 1770 2144 causa
1797 2097 1876 2154 est,
1911 2099 2037 2160 quod
2063 2099 2123 2146 ibi
2149 2100 2233 2159 bis,
2263 2100 2344 2164 fa-

348 2179 454 2220 cere,
490 2162 681 2219 dicatur,
717 2162 790 2209 hic
813 2160 956 2208 modo
979 2160 1142 2215 semel;
1179 2173 1279 2208 turn
1305 2162 1432 2225 quod
1456 2161 1516 2208 ibi
1539 2163 1680 2219 DeUS,
1706 2163 1779 2209 hic
1803 2176 1954 2211 autem
1977 2165 2196 2225 jehovah.
2364 2160 2368 2166 ’

422 2245 479 2294 73
490 2246 530 2291 3.
567 2226 687 2275 Vers
697 2246 708 2276 ε
736 2228 779 2275 6.
833 2229 897 2276 Et
919 2227 1076 2276 Noach
1108 2227 1231 2287 filius
1255 2229 1542 2290 sexcentorum
1578 2244 1795 2285 annorum,
1849 2231 1903 2279 &3
1938 2230 2146 2279 diluvium
2173 2233 2371 2296 sadum,

352 2295 559 2359 aquarum
572 2295 705 2358 super
726 2304 844 2342 terra
866 2312 880 2341 :
916 2310 997 2358 per
1018 2293 1283 2350 Noachum,
1317 2294 1445 2357 quod
1468 2294 1587 2340 filius
1609 2294 1920 2343 sexcentorum
1945 2313 2183 2356 annorum,
2208 2300 2345 2364 figni-
2371 2355 2373 2357 ¹

353 2361 515 2408 ficatur
548 2360 683 2408 status
705 2361 880 2423 primus
911 2361 1164 2408 tentationis
1186 2359 1279 2424 ejus
1298 2378 1311 2407 :
1346 2376 1427 2423 per
1449 2360 1678 2407 diluvium
1699 2377 1918 2424 aquarum
1951 2362 2080 2427 super
2101 2377 2231 2424 terra,
2255 2367 2345 2431 fig-
2365 2422 2368 2424 v

356 2426 565 2474 nificatur
576 2425 840 2474 ,tentationis
864 2425 1247 2474 inchoamentum.

428 2508 537 2557 734.
572 2493 626 2540 In
654 2492 1012 2556 praecedentibus
1041 2495 1194 2539 actum
1234 2492 1297 2540 est
1335 2492 1391 2540 de
1426 2492 1797 2542 intellectualibus
1832 2495 1966 2553 veriS,
2002 2496 2167 2560 quibus
2203 2498 2348 2547 horno

358 2558 573 2608 Ecclefiae
595 2558 813 2606 Noachus
836 2558 988 2616 dictae,
1024 2576 1048 2605 a
1069 2559 1276 2606 Domino
1307 2558 1544 2606 instructus
1583 2557 1687 2617 fuit,
1723 2574 1962 2626 antequam
1998 2563 2370 2627 regeneraretur,

360 2628 482 2690 Cap:
507 2641 653 2689 praec:
679 2623 798 2672 vers:
832 2641 884 2687 13
912 2625 968 2671 ad
991 2624 1022 2672 f.
1063 2626 1111 2671 ὅτ
1137 2626 1240 2672 dein
1265 2625 1321 2672 de
1344 2626 1606 2672 voluntariis
1645 2626 1791 2684 bonis,
1827 2629 1990 2692 quibus
2029 2624 2166 2688 etiarn
2199 2647 2225 2677 a
2247 2631 2347 2678 Do·

361 2692 488 2738 mino
512 2691 719 2747 donatus,
755 2692 803 2737 in
827 2690 914 2738 hoc
937 2692 1062 2754 Cap:
1090 2708 1114 2738 a
1138 2691 1255 2740 vers:
1289 2710 1307 2740 1
1334 2692 1390 2739 ad
1417 2709 1443 2754 5
1466 2715 1480 2747 ·‚
1505 2693 1601 2748 ubi,
1636 2695 1743 2756 quia
1765 2694 1821 2740 de
1844 2693 2045 2756 utrisque
2071 2696 2234 2757 agitur,
2270 2712 2350 2759 ap-

361 2771 485 2821 paret
523 2758 635 2804 ficut
673 2759 890 2820 repetitio.
958 2758 1099 2805 Nunc
1140 2771 1290 2805 autem
1325 2760 1475 2820 agitur
1496 2759 1552 2804 de
1585 2760 1826 2806 tentatione
1849 2757 1958 2821 ejus,
1994 2760 2043 2805 δε
2064 2761 2250 2822 quidem
2274 2762 2348 2809 hic

361 2823 420 2870 de
458 2824 613 2885 primo
648 2823 777 2880 statu,
812 2825 862 2870 &
901 2823 960 2871 fic
985 2824 1040 2871 de
1062 2824 1378 2871 inchoamento
1410 2825 1666 2871 tentationis
1686 2841 1710 2870 a
1736 2823 1855 2870 vers:
1884 2825 1913 2870 6
1936 2824 1990 2870 ad
2023 2843 2072 2873 11
2096 2847 2111 2880 ;
2148 2827 2197 2872 &
2222 2829 2349 2890 quod
2375 2827 2378 2832 ’

361 2888 550 2953 quisque
588 2889 740 2936 videre
779 2889 942 2952 potest,
977 2892 1141 2937 iterum
1180 2893 1376 2937 occurrit
1416 2890 1637 2952 repetitiO,
1673 2905 1778 2935 nam
1811 2890 1857 2936 in
1896 2889 1983 2936 hoc
2015 2890 2143 2938 versu
2167 2892 2355 2953 dicitur,

363 2954 491 3018 quod
513 2953 679 3001 Noach
715 2952 803 3001 fuit
839 2955 956 3002 filius
995 2956 1306 3003 sexcentorum
1336 2970 1574 3010 annorum,
1610 2970 1716 3000 cum
1755 2953 1927 3001 factum
1961 2956 2185 3004 diluvium
2221 2958 2352 3023 super

367 3033 513 3075 terra;
549 3018 622 3066 sed
647 3021 695 3065 in
716 3020 839 3066 vers:
873 3039 890 3068 1
907 3040 943 3069 1.
982 3023 1106 3083 quod
1141 3023 1187 3067 in
1211 3037 1328 3067 anno
1351 3019 1666 3066 sexcentesimo
1689 3021 1798 3081 vitae
1820 3018 1942 3084 ejus,
1968 3022 2115 3069 mense
2138 3023 2353 3084 secundo,

366 3085 417 3134 δε
451 3086 630 3133 decimo
670 3085 860 3147 septimo
899 3087 1005 3132 die:
1055 3090 1218 3150 pariter
1239 3085 1347 3133 vers
1355 3105 1370 3133 :
1409 3085 1510 3148 seq:
1544 3101 1599 3149 »7.
1641 3086 1765 3149 quod
1803 3085 2029 3134 intraverit
2051 3090 2268 3138 Noachus
2302 3094 2355 3145 ‚in

366 3168 514 3199 arcam
540 3168 647 3199 eum
682 3151 785 3198 filiis
823 3153 871 3198 &
912 3152 1146 3208 uxoribus,
1181 3152 1396 3207 similiter,
1431 3151 1551 3199 vers:
1578 3150 1673 3214 seq:
1701 3170 1771 3216 13.
1806 3164 1904 3200 tum
1947 3155 2072 3216 quod
2109 3155 2259 3203 bestiae
2282 3157 2350 3202 in-

363 3231 536 3266 trarunt
568 3221 615 3265 in
639 3234 787 3266 arcam
811 3217 867 3265 ad
888 3218 1154 3275 Noachum,
1192 3218 1319 3267 vers:
1349 3223 1393 3274 8,
1421 3236 1464 3282 97.
1504 3218 1704 3265 similiter
1737 3220 1888 3276 etiam,
1923 3220 2043 3270 vers:
2075 3239 2153 3281 14,
2179 3239 2257 3285 15,
2282 3224 2354 3270 16.

2297 3305 2356 3337 CX
