2788 3736
448 236 579 300 616
943 210 1918 289 GENESIS.

440 362 512 409 hic
528 359 703 408 dicatur
722 359 765 405 in
781 355 899 405 senio
913 353 1052 412 bone,
1077 353 1250 418 Angeli
1264 352 1485 417 nusquam
1502 353 1757 419 percipiunt
1775 353 1964 410 senium,
1983 356 2079 407 imo
2098 358 2305 424 ignorant
2327 359 2447 426 quid

444 425 632 483 senium,
671 440 774 472 nam
790 421 965 487 jugiter
991 422 1048 468 ad
1077 422 1221 467 vitam
1236 418 1496 487 juventutis
1532 421 1583 467 δι
1607 419 1917 468 adolescentiae
1942 424 2168 482 tendunt3
2204 428 2303 474 talis
2327 429 2439 483 vita,

446 492 635 557 proinde
661 489 754 553 ejus
789 487 989 536 coelestia
1011 488 1060 535 &
1095 486 1336 550 spiritualia
1365 485 1484 544 sunt,
1519 503 1626 550 quae
1659 486 1991 551 intelliguntur,
2026 505 2133 537 cum
2158 491 2329 540 senium
2363 493 2443 540 bo-

449 574 559 605 num
586 558 635 605 &
660 555 818 603 similia
842 557 887 601 in
906 553 1061 601 Verbo
1085 565 1342 601 occurrunt.
1810 566 1820 572 ·
2292 596 2295 602 ,

520 629 658 686 1855.
695 623 740 667 V
744 621 833 668 ers:
878 617 950 668 16.
978 622 1039 669 Et
1057 622 1323 682 generatione
1346 629 1503 683 quarta
1532 619 1728 668 redibunt
1750 621 1849 678 huc,
1883 623 1983 686 quia
2007 638 2086 670 non
2103 624 2343 687 consumata
2364 627 2447 672 ini-

446 691 587 756 quitas
624 691 933 736 Emorraeorum
973 687 1098 750 usque
1139 687 1233 733 huc.
1305 686 1606 734 Generatione
1640 699 1797 749 quarta
1827 688 2049 736 'redibunt
2085 689 2192 746 huc,
2225 689 2451 754 *fignificat

451 771 632 819 tempus
656 756 705 802 δε
740 753 905 801 statum
950 753 1266 800 restitutionis:
1302 753 1407 815 quia
1452 769 1545 800 non
1585 751 1846 801 consumata
1870 755 2080 818 iniquitas
2103 756 2450 805 Emorraeorum

452 821 591 885 usque
613 821 720 877 huc,
757 819 978 884 significat
1001 818 1216 866 ultimum
1243 830 1442 882 tempuS,
1479 819 1595 866 dum
1619 835 1711 867 non
1735 820 1929 884 amplius
1947 820 2097 869 ullum
2129 821 2317 870 bonum.
2374 818 2377 819 ⁷

529 888 667 951 1856.
704 886 1002 935 Generatione
1019 897 1179 948 quarta
1202 883 1415 931 redibunt
1447 884 1554 942 huc,
1589 884 1715 949 quod
1746 886 1969 950 significet
2006 899 2188 952 tempus
2213 890 2263 937 ὅτ
2286 888 2454 938 statum

454 954 760 1007 restitutionis,
796 951 970 1000 constat
992 968 1016 998 a
1032 951 1354 1014 significatione
1372 953 1672 1014 generationis
1694 965 1870 1015 quartae
1897 975 1911 1009 ;
1946 956 2176 1017 generatio
2191 967 2352 1019 quarta
2367 956 2455 1019 fig-

457 1021 611 1068 nificat
633 1021 758 1067 idem
777 1035 828 1066 ae
844 1018 1141 1081 quadraginta
1158 1018 1207 1064 &
1230 1018 1577 1082 quadringenta,
1614 1034 1779 1082 nempe
1803 1021 2059 1068 tentationis
2089 1020 2372 1070 durationem
2404 1022 2455 1069 δι’

458 1086 644 1144 statum,
680 1086 737 1133 de
755 1101 846 1148 qua
869 1083 999 1147 supra
1022 1083 1078 1130 ad
1095 1082 1222 1131 vers:
1267 1100 1342 1145 13,
1377 1084 1441 1130 est
1464 1083 1798 1135 diminutivum
1824 1086 2061 1148 quoddam
2078 1087 2184 1135 inde
2204 1110 2219 1144 3
2255 1088 2346 1136 slve
2360 1104 2455 1136 ma-

451 1153 528 1218 jor
567 1167 783 1200 numerus
813 1150 903 1197 sive
943 1151 1109 1206 minor,
1147 1149 1290 1196 modo
1327 1147 1529 1210 ejusdem
1553 1148 1788 1213 prosapiae,
1824 1151 1946 1198 idern
1986 1154 2200 1210 involvit,
2236 1165 2287 1201 ut
2332 1155 2459 1221 prius

456 1219 691 1282 aliquoties
730 1216 934 1262 dietum:
982 1214 1110 1277 quod
1159 1214 1400 1260 Generatio
1445 1225 1606 1277 quarta
1636 1229 1731 1262 non
1785 1215 1982 1279 aliquam
2022 1221 2361 1282 generationem
2402 1221 2458 1267 ab

458 1284 685 1340 Abramo,
722 1297 804 1329 nec
827 1280 883 1328 ab
922 1278 1061 1336 Isaeo,
1095 1295 1178 1327 nec
1217 1295 1242 1326 a
1261 1278 1454 1340 jacobo,
1489 1279 1729 1343 fignificet,
1764 1281 1935 1329 constat
1949 1282 2277 1339 ab,Historicis
2299 1285 2459 1344 Verbi,

457 1349 766 1415 generationes
788 1348 912 1395 enim
936 1346 1086 1410 plures
1122 1342 1324 1402 fuerunt,
1360 1346 1410 1394 δε
1442 1345 1515 1394 hae
1553 1344 1741 1404 diversae
1766 1363 1792 1394 a
1815 1345 1901 1395 suis
1934 1348 2155 1412 patribus,
2191 1354 2300 1398 cum
2340 1352 2459 1400 redi*

462 1417 569 1464 bant
588 1439 603 1472 ς
639 1415 743 1462 alibi
761 1413 963 1461 similiter
996 1412 1194 1460 occurrit
1215 1411 1462 1460 Generatio
1483 1425 1657 1476 quarta,
1675 1412 1766 1460 .sed
1787 1413 2008 1478 nusquam
2027 1414 2246 1479 fignificat
2269 1418 2315 1464 in
2339 1416 2461 1464 sensu

461 1485 637 1530 interno
653 1483 1004 1547 generationem,
1041 1479 1113 1526 hic
1152 1493 1277 1534 vere,
1314 1488 1497 1543 tempus
1521 1479 1571 1526 δι
1611 1477 1777 1526 statum
1813 1481 2120 1539 restitutionis,
2178 1484 2283 1547 quia
2321 1483 2462 1531 finem

463 1549 667 1657 illorutgi,
723 1562 830 1610 quae
870 1544 1182 1609 significantur
1240 1558 1323 1608 per
1365 1544 1679 1609 quadraginta,
1728 1544 1801 1592 seu
1844 1547 2180 1611 quadringinta,
2237 1549 2461 1608 videatur,

464 1632 526 1663 n:
556 1620 598 1664 v8
641 1614 752 1670 2‚&
784 1617 839 1662 18
916 1648 926 1659 .
1636 1624 1638 1626 ’

538 1685 678 1743 ι85”.
717 1627 959 1742 Qia4n70n
984 1675 1242 1725 consumata
1265 1676 1475 1741 iniqui-tas
1492 1677 1841 1727 Emorraeorum
1865 1672 2005 1743 usque
2027 1679 2137 1738 huc,
2171 1681 2300 1745 quod
2322 1681 2458 1746 figni-

466 1748 573 1796 ficet
590 1745 809 1793 ultimum
826 1757 1007 1808 tempus
1031 1744 1146 1791 dum
1164 1759 1255 1791 non
1279 1745 1474 1807 amplius
1497 1744 1647 1792 ullum
1671 1744 1866 1803 bonum,
1902 1745 2074 1795 constat
2094 1763 2119 1795 a
2141 1746 2463 1811 significatione

467 1814 715 1870 Emorraei,
747 1823 849 1859 tum
867 1828 892 1858 a
918 1810 1243 1874 significatione
1274 1810 1639 1859 Consumationis
1659 1830 1670 1859 ε
1708 1828 1787 1876 per
1809 1813 2104 1862 Emorraeum
2127 1814 2175 1860 in
2198 1814 2352 1863 Verbo
2376 1815 2464 1879 fig-

467 1880 677 1927 nificatur
700 1877 875 1926 malurn
904 1878 950 1924 in
974 1893 1151 1940 genere,
1186 1892 1245 1924 ex
1274 1876 1400 1925 causa
1422 1877 1528 1942 quia
1550 1889 1664 1926 terra
1685 1879 1864 1927 Canaan
1887 1891 2048 1928 vocata
2069 1879 2133 1928 est
2164 1892 2279 1928 terra
2298 1881 2466 1929 Emor-
2509 1884 2513 1889 '

469 1961 688 2002 raeorum,
723 1957 776 1991 ut
798 1943 973 1992 constat
1004 1944 1127 2007 apud
1161 1943 1346 1992 Ezech:
1383 1959 1503 1992 xw:
1543 1961 1590 2008 3,
1624 1961 1672 2005 4.
1708 1948 1927 1995 &Amos
1954 1962 2028 1995 11:
2063 1965 2109 2012 9.
2136 1963 2208 1997 10.
2234 1963 2370 2011 quare
2392 1947 2465 1994 hic

469 2028 551 2077 per
571 2012 868 2060 Emorraeum
899 2010 1209 2074 significantur
1231 2025 1391 2058 omnes
1424 2022 1580 2075 gentes
1617 2022 1748 2059 terrae
1771 2012 2004 2070 Canaanis,
2039 2028 2121 2077 per
2158 2029 2267 2077 quas
2290 2013 2461 2078 fignifi-

471 2091 567 2126 cata
590 2077 689 2125 sunt
722 2076 840 2124 mala
871 2076 921 2124 δε
951 2074 1055 2123 falsa
1078 2078 1124 2124 in
1149 2076 1310 2140 specie,
1347 2089 1399 2125 ut
1436 2077 1562 2140 prius
1585 2077 1780 2136 dietum,
1817 2078 1922 2126 inde
1937 2095 2020 2144 per
2042 2079 2339 2127 Emorraeum
2361 2095 2462 2127 om-

474 2146 548 2191 nia
565 2144 681 2191 mala
703 2145 750 2190 in
783 2158 958 2206 genere.
1028 2142 1539 2191 PerConsumationem
1571 2143 1850 2207 significatur
1881 2145 2100 2192 ultimum
2123 2157 2320 2208 tempus,
2356 2156 2467 2193 cum

468 2211 665 2275 amplius
681 2209 862 2256 nullum
881 2209 1069 2257 bonurn.
1142 2209 1277 2274 Qid
1294 2221 1446 2257 autem
1461 2211 1507 2256 in
1525 2208 1647 2256 sensu
1673 2211 1849 2258 interno
1871 2210 2139 2274 intelligitur
2154 2226 2236 2275 per
2251 2211 2318 2268 id,
2335 2212 2465 2275 quod

473 2293 566 2324 non
588 2275 847 2324 consumata
854 2277 1067 2340 iniquitas
1083 2276 1432 2324 Emorraeorum
1447 2274 1587 2339 usque
1599 2275 1704 2333 huc,
1721 2291 1938 2333 arcanum,
1948 2275 2013 2323 est
2031 2299 2046 2332 ;
2083 2278 2144 2324 ita
2158 2275 2199 2324 se
2211 2276 2345 2325 habet
2357 2293 2466 2325 cum

476 2343 606 2390 malis
626 2343 671 2389 in
692 2342 827 2390 altera
849 2343 959 2398 vita,
995 2342 1123 2404 quod
1140 2357 1233 2389 non
1256 2344 1504 2405 puniantur
1521 2353 1759 2404 antequam
1797 2342 1913 2390 mala
1948 2358 2108 2390 eorum
2142 2342 2200 2391 ad
2234 2342 2467 2391 summum

475 2408 694 2472 perducta
715 2407 816 2462 smt,
851 2407 900 2454 ὅτ
925 2407 1011 2453 hoc
1035 2408 1082 2453 in
1102 2409 1339 2454 communi
1361 2408 1410 2454 &
1434 2408 1481 2454 in
1496 2407 1752 2471 particulari
1776 2429 1790 2463 ς
1826 2408 1913 2455 tale
1930 2409 2053 2456 enim
2075 2408 2139 2456 est
2162 2410 2469 2473 aequilibrium

476 2476 526 2521 in
542 2473 677 2522 altera
691 2474 801 2529 vita,
837 2484 889 2519 ut
907 2471 1055 2536 ipsum
1077 2472 1252 2520 malum
1275 2471 1317 2520 se
1335 2474 1511 2537 puniat,
1546 2472 1619 2520 seu
1657 2474 1787 2537 quod
1823 2474 1931 2522 mali
1961 2476 2189 2523 incurrant
2214 2477 2261 2523 in
2282 2492 2470 2540 poenam
2494 2496 2501 2500 ‘

480 2540 605 2597 mali,
643 2538 718 2587 sed
741 2551 852 2586 tunc
894 2554 1002 2586 cum
1041 2538 1098 2586 ad
1122 2538 1354 2590 summum
1377 2539 1651 2603 perduftum
1684 2538 1778 2597 est,
1814 2543 2160 2605 unumquodvis
2183 2541 2359 2590 malum
2391 2543 2471 2590 ha·

479 2606 556 2654 bet
573 2605 704 2653 suum
721 2606 985 2662 terminum,
1020 2605 1070 2653 &
1093 2605 1181 2653 hoc
1216 2621 1326 2653 cum
1358 2606 1614 2653 diversitate
1646 2606 1769 2670 apud
1799 2610 2176 2672 unumquemvis,
2209 2625 2350 2672 quem
2381 2621 2470 2656 ter-

480 2673 662 2720 minum
699 2669 946 2735 transgredi
969 2687 1061 2718 non
1084 2671 1204 2728 licet,
1240 2688 1348 2719 cum
1387 2671 1533 2719 malus
1553 2671 1909 2736 transgreditur„
1925 2687 2036 2722 tunc
2068 2673 2110 2722 se
2132 2677 2386 2739 praecipitat
2423 2676 2472 2722 in

480 2754 688 2802 poenam,
724 2738 810 2785 hoc
835 2739 882 2785 in
905 2738 1032 2785 omni
1053 2737 1340 2802 particulari:
1377 2737 1578 2786 fimiliter
1600 2740 1646 2785 in
1670 2741 1924 2797 communi,
1960 2740 2002 2788 se
2027 2741 2135 2788 mali
2157 2742 2204 2788 in
2239 2738 2471 2787 infernum

481 2804 732 2851 detrudunt
769 2819 862 2851 non
894 2816 1147 2860 momento,
1183 2803 1258 2851 sed
1282 2803 1516 2852 successive
1535 2823 1547 2852 :
1584 2804 1830 2853 hoc‘trahit
1846 2807 2072 2870 originem
2096 2821 2123 2853 a
2143 2806 2273 2868 Lege
2289 2808 2472 2854 univer-

482 2868 557 2917 sali
580 2869 768 2917 Ordinis
793 2886 817 2917 a
839 2871 1046 2918 Domino
1070 2870 1276 2927 instituti,
1312 2870 1440 2935 quod
1464 2872 1693 2919 Dominus
1715 2871 1937 2935 nusquam
1953 2873 2150 2935 aliquem
2173 2871 2219 2918 in
2243 2870 2471 2920 infernum

480 2934 705 2990 demittat,
731 2934 803 2981 sed
826 2936 952 2998 quod
969 2934 1115 2999 ipsum
1143 2936 1333 2994 malum,
1361 2936 1432 2983 seu
1450 2936 1541 3002 ipse
1565 2936 1726 2994 malus,
1752 2937 1793 2984 se
1807 2933 2031 2994 detrudat,
2066 2938 2116 2985 &
2133 2938 2220 2986 hoc
2237 2937 2472 2987 succeffive

478 3000 623 3064 usque
645 2999 760 3047 dum
786 3001 957 3048 malum
974 3001 1291 3051 consumatum
1306 3001 1385 3059 est,
1422 3019 1504 3050 nec
1518 3003 1686 3066 aliquid
1704 3003 1809 3048 boni
1825 3002 2020 3066 amplius
2037 3017 2275 3068 appareat,
2308 3020 2472 3068 quam-

482 3066 563 3114 diu
587 3065 759 3129 aliquid
783 3065 913 3123 boni,
942 3067 1141 3115 elevatur
1180 3068 1237 3115 ab
1260 3067 1450 3125 inferne,
1486 3070 1531 3115 at
1563 3083 1671 3131 cum
1710 3083 1801 3115 non
1826 3068 1907 3116 nis1
1931 3069 2122 3128 malum,
2157 3069 2249 3134 ipse
2271 3070 2474 3119 detrudi-

481 3133 624 3180 turin
659 3129 919 3189 infernum,
956 3148 1103 3179 unum
1148 3129 1213 3180 ab‘
1242 3133 1380 3190 altero
1422 3133 1547 3196 prius
1585 3132 1879 3197 separandum
1923 3135 2003 3194 est,
2037 3152 2144 3185 nam
2168 3136 2250 3185 fibi
2271 3136 2474 3201 opposita

481 3198 585 3248 sunt
611 3221 625 3256 ·,
660 3200 872 3264 utrinque
894 3199 1090 3264 pendere
1113 3215 1207 3249 non
1245 3198 1501 3249 concessum
1523 3198 1621 3258 est,
1658 3200 1757 3250 haec
1778 3199 1898 3262 sunt,
1932 3218 2039 3268 quae
2062 3202 2371 3268 significantur
2393 3218 2479 3267 per

2347 3268 2476 3334 quod
