2788 3736
832 244 1270 312 CAPUT
1361 243 1868 310 NONUM.-
2262 269 2391 333 311

390 378 482 432 nali
502 377 638 437 sunt3
672 376 750 429 hic
772 377 915 428 timor
936 379 988 428 &
1010 379 1085 428 hic
1108 390 1252 427 terror
1279 375 1344 426 est
1364 377 1447 442 qui
1470 376 1720 442 percipitur
1741 375 1864 442 apud
1884 373 2120 426 hominem
2136 393 2223 443 pro
2239 376 2293 426 iis
2308 392 2419 443 quae

326 498 328 500 ,
388 442 493 502 sunt
515 457 673 496 contra
694 445 1012 495 conscientiam
1033 468 1047 503 3
1081 461 1220 511 quare
1240 446 1380 501 etiam
1402 457 1457 492 ut
1478 444 1687 509 primum
1710 443 1884 508 aliquid
1907 457 2066 493 contra
2096 444 2417 494 conscientiam

387 515 486 578 agit
509 515 560 562 &
584 514 804 578 loquitur,
839 514 1224 570 intentationem,
1258 512 1310 560 δε
1342 512 1391 558 in
1415 508 1620 558 morsum
1645 510 1929 559 conscientiae
1951 514 2096 570 venit,
2132 512 2220 560 hoc
2243 513 2325 571 est,
2366 513 2417 561 in

386 581 646 629 cruciatum
670 581 899 645 quendam
922 581 1048 645 quali
1089 577 1371 627 infernalem.
1442 576 1591 641 Qod
1619 577 1762 625 timor
1799 578 2074 640 praedicetur
2095 580 2154 627 de
2178 580 2325 638 malis,
2361 576 2414 628 δε

387 657 532 696 terror
555 647 613 696 de
636 645 769 705 falfis,
806 648 867 694 ita
906 646 948 694 se
980 646 1148 702 habet;
1183 644 1365 709 spiritus
1403 643 1529 707 apud
1549 643 1788 693 hominem
1827 661 1921 691 non
1952 648 2013 693 ita
2035 647 2200 694 timent
2224 646 2344 694 mala
2365 661 2412 693 a·

385 729 511 777 gere,
548 730 599 762 ac
633 715 799 761 timent
829 711 936 761 falsa
958 713 1122 777 loqui;
1173 711 1319 759 homo
1358 712 1482 758 enim
1522 725 1603 774 per
1642 726 1747 757 vera
1771 710 1881 757 fidei
1910 712 2165 771 renascitur,
2201 713 2252 761 &
2299 729 2412 761 con·

386 779 619 829 scientiam
645 781 828 845 accipit,
862 795 1000 844 quare
1044 795 1139 826 non
1170 777 1396 842 spiritibus
1420 777 1528 825 licet
1548 775 1653 824 falsa
1687 778 1911 824 excitare:
1947 779 2073 842 apud
2096 796 2410 844 unumquem-

385 848 456 894 vis
481 848 606 895 enim
623 863 785 895 eorum
808 855 902 894 non
923 844 990 894 est
1011 845 1092 893 nifi
1125 845 1318 903 malum,
1362 846 1424 892 ita
1439 855 1493 892 ut
1515 845 1562 892 in
1586 842 1710 901 malo
1732 843 1836 900 fint,
1870 843 1961 907 ipsa
1984 857 2143 893 natura
2173 862 2337 894 eorum
2357 849 2410 896 δε

382 910 492 962 inde
515 915 668 962 omnis
691 924 889 961 conatus
913 928 1092 969 eorum,
1128 910 1193 959 est
1225 912 1402 959 malum
1422 933 1438 967 3
1474 911 1525 958 δι
1545 912 1652 974 quia
1674 911 1722 957 in
1747 910 1872 957 malo
1895 909 2014 968 sunt,
2048 912 2099 959 δε
2127 929 2288 960 eorum
2313 914 2409 961 vita

384 981 570 1045 propria
592 979 790 1028 confistit
813 981 860 1027 in
879 978 1017 1036 malo,
1053 977 1303 1043 ignoscitur
1333 977 1386 1024 iis
1416 992 1528 1025 cum
1557 977 1734 1024 malum
1759 976 1948 1033 faciunt,
1983 978 2168 1042 quando
2186 980 2232 1026 in
2256 979 2413 1043 aliquo

386 1046 470 1095 usu
493 1046 626 1104 sunt,
662 1046 736 1095 sed
760 1043 922 1094 falsum
938 1045 1066 1108 loqui
1090 1061 1184 1092 non
1196 1044 1495 1108 permittitur,
1519 1042 1649 1091 causa
1666 1043 1747 1102 est,
1766 1056 1819 1091 ut
1832 1043 2002 1093 discant
2019 1045 2133 1109 quid
2150 1061 2332 1103 verum,
2356 1047 2409 1094 δε

383 1113 461 1171 fic,
497 1126 724 1178 quantum
762 1112 944 1177 possint,
979 1111 1299 1169 emendentur,
1334 1123 1387 1158 ut
1427 1109 1667 1159 inserviant
1705 1111 1839 1158 alicui
1862 1111 1942 1158 vili
1966 1111 2099 1168 usui;
2136 1111 2210 1160 sed
2234 1113 2292 1160 de
2317 1113 2405 1170 his,

383 1196 442 1227 ex
457 1181 629 1228 Divina
650 1179 846 1228 Domini
871 1177 1203 1235 Misericordia,
1237 1178 1371 1242 plura
1393 1179 1441 1225 in
1469 1176 1770 1242 sequentibus.
1842 1179 1990 1242 Apud
2018 1179 2254 1227 hominem
2280 1195 2408 1243 rege-

383 1259 591 1295 neratum
615 1245 850 1301 fimiliter;
901 1261 1006 1293 nam
1047 1242 1272 1292 formatur
1310 1243 1407 1309 ejus
1441 1239 1711 1292 conscientia
1745 1260 1801 1292 ex
1842 1247 1960 1292 veris
1995 1245 2120 1303 fidei,
2157 1246 2264 1294 inde
2297 1263 2409 1294 con·

382 1312 563 1370 scientia
583 1314 678 1376 ejus
702 1311 765 1361 est
787 1310 1059 1360 conscientia
1083 1311 1210 1369 reffi,
1245 1311 1394 1376 ipsum
1430 1310 1605 1360 malum
1629 1314 1739 1359 vitae
1759 1313 1800 1359 ei
1824 1311 1889 1360 est
1912 1310 2091 1370 falsum,
2127 1315 2235 1377 quia
2250 1326 2409 1362 contra

382 1395 544 1428 verum
578 1380 715 1428 fidei:
752 1379 877 1427 aliter
900 1378 1023 1443 apud
1047 1377 1285 1426 hominem
1309 1379 1653 1443 Antiquissimae
1675 1378 1910 1437 Ecclefie,
1958 1381 2037 1444 qui
2067 1381 2407 1445 perceptionem

379 1446 556 1505 habuit,
597 1448 634 1494 is
658 1445 833 1494 malum
856 1447 968 1494 vitae
990 1446 1196 1509 percepit
1231 1459 1284 1493 ut
1308 1446 1501 1503 malum,
1537 1447 1588 1494 &
1611 1443 1773 1493 falsum
1798 1445 1907 1494 fidei
1931 1443 1984 1494 ut
2007 1445 2183 1495 falsum.

451 1519 562 1579 987.
600 1514 751 1578 Qod
771 1513 903 1577 super
934 1528 1125 1560 omnem
1167 1511 1354 1560 bestiam
1389 1525 1521 1560 terrae
1554 1513 1779 1576 fignificet
1818 1512 1949 1578 super
1988 1515 2261 1578 cupiditates
2297 1529 2406 1579 quae

380 1579 484 1628 sunt
509 1582 665 1638 animi,
702 1580 876 1630 constat
896 1596 921 1628 a
940 1579 1269 1644 significatione
1298 1578 1450 1628 bestiae
1486 1582 1534 1627 in
1556 1579 1730 1636 Verbo,
1767 1579 1847 1627 ubi
1870 1596 1953 1644 per
1975 1581 2070 1628 illas
2094 1581 2405 1646 significantur

378 1648 455 1695 vel
477 1647 751 1705 affeffiones,
784 1647 859 1695 vel
877 1647 1174 1710 cupiditates;
1210 1646 1464 1694 affestiones
1488 1646 1597 1695 boni
1620 1663 1701 1710 per
1725 1646 1880 1695 bestias
1903 1648 2053 1705 miteS,
2087 1649 2249 1713 utileS,-
2265 1665 2403 1701 mun-

378 1714 490 1770 das;
527 1714 781 1762 affeffiones
805 1714 911 1761 mali
944 1712 1018 1761 seu
1040 1713 1308 1778 cupiditates
1340 1730 1421 1778 per
1444 1713 1602 1761 bestias
1631 1715 1850 1771 immites,
1888 1715 2085 1771 inutiles,
2121 1716 2402 1772 immundas,

379 1779 437 1828 de
475 1781 643 1844 quibus
676 1781 900 1837 videatur,
937 1797 997 1827 n:
1024 1798 1108 1840 45,
1141 1781 1225 1840 46,
1271 1797 1385 1842 142,
1425 1797 1536 1841 143,
1578 1781 1690 1840 246,
1736 1780 1863 1846 776:
1915 1780 2120 1850 hiclquia
2143 1781 2401 1846 significant

380 1847 666 1910 cupiditates,
701 1859 925 1895 vocantur
947 1845 1100 1894 bestiae
1123 1858 1271 1904 terrae,
1307 1863 1403 1895 non
1423 1845 1577 1894 bestiae
1599 1848 1710 1911 agri.
1783 1847 1928 1914 Qod
1952 1848 2214 1896 dominium
2247 1849 2399 1896 homi-

378 1915 448 1960 nis
486 1916 733 1977 regenerati
770 1913 901 1978 super
939 1913 1227 1977 cupiditates,
1263 1915 1439 1971 attinet,
1478 1912 1730 1971 sciendum,
1771 1914 1899 1977 quod
1939 1916 1986 1962 in
2023 1917 2228 1963 maximo
2250 1931 2400 1980 errore

375 1979 479 2034 sint,
515 1982 565 2028 δε
588 1980 809 2045 nusquam
830 1980 1093 2044 regenerati,
1128 1982 1209 2044 qui
1233 1981 1441 2037 credunt,
1477 1980 1610 2044 >quod
1635 1981 1801 2044 possint
1829 1997 1888 2028 ex
1924 1982 1966 2029 se
2008 1982 2233 2030 dominari
2265 1981 2399 2044 super

376 2046 520 2102 mala,
558 2046 702 2095 homo
723 2048 847 2094 enim
871 2063 964 2095 non
986 2046 1051 2094 est
1073 2047 1155 2094 nis1
1180 2047 1374 2105 malum,
1397 2046 1462 2095 est
1484 2049 1719 2111 congeries
1754 2047 1999 2105 malorum,
2030 2050 2180 2096 omnis
2200 2047 2295 2112 ejus
2311 2065 2396 2096 vo·

374 2113 523 2170 luntas
553 2113 616 2161 est
639 2130 762 2162 mere
786 2113 994 2170 malum,
1029 2113 1159 2177 quod
1203 2114 1268 2162 est
1313 2114 1442 2179 quod
1481 2114 1678 2171 dietum,
1713 2114 1836 2178 Cap:
1873 2130 2019 2178 praec:
2050 2119 2083 2142 “
2116 2131 2232 2165 vm
2256 2135 2270 2164 ε
2315 2132 2392 2166 21.

374 2184 412 2237 .“
446 2180 727 2245 figmentum
750 2181 901 2229 cordi-s
934 2180 1133 2228 hominis
1157 2180 1221 2228 est
1244 2181 1421 2230 malum
1455 2197 1481 2229 a
1502 2183 1698 2245 pueritia
1718 2178 1875 2244 ejus'':
1925 2180 2150 2229 ostensum
2179 2183 2293 2230 mihi
2330 2182 2398 2231 est

358 2260 456 2310 ‘per
480 2249 634 2294 vivam
658 2249 996 2312 experientiam,
1032 2247 1160 2312 quod
1184 2248 1327 2296 homo
1366 2249 1417 2296 ὅτ,
1456 2247 1652 2313 spirituS,
1693 2249 1791 2296 imo
1827 2249 2033 2313 angelus,
2067 2250 2114 2296 in
2144 2247 2186 2296 fe
2226 2249 2397 2313 spelita-

374 2324 463 2367 tus7
503 2313 589 2361 hoc
613 2315 692 2371 est,
727 2330 866 2361 omne
887 2313 983 2378 ejus
1018 2315 1277 2379 proprium,
1314 2315 1368 2362 fit
1390 2315 1658 2363 viliffirnum
1678 2330 2056 2372 excrementum;
2093 2318 2143 2363 &
2161 2316 2288 2380 quod
2313 2315 2396 2364 fibi

356 2378 554 2426 „relicitus
582 2396 674 2428 non
715 2380 847 2444 spiret
886 2381 967 2428 nisi
1004 2382 1126 2439 odia,
1160 2383 1403 2437 vindictas,
1437 2382 1740 2440 crudelitateS,
1776 2383 1826 2430 δε
1861 2383 2077 2430 adulteria
2113 2381 2358 2431 foedissima
2376 2405 2395 2440 ·,

374 2444 475 2492 haec
499 2445 602 2493 sunt
624 2444 720 2510 ejus
742 2448 948 2510 Propria,
973 2447 1022 2496 ὅτ
1050 2447 1150 2496 haec
1174 2447 1278 2496 sunt
1299 2447 1396 2514 ejus
1419 2449 1672 2497 Voluntas:
1707 2449 1836 2514 quod
1858 2451 1996 2498 etiam
2019 2451 2245 2498 unicuivis
2269 2450 2302 2498 fi
2323 2467 2393 2498 re·

372 2512 531 2576 flectit,
567 2513 765 2561 constare
802 2513 963 2575 potest,
1000 2513 1147 2563 solum
1186 2531 1244 2563 ex
1280 2531 1352 2574 eo,
1388 2512 1517 2580 quo‘d
1545 2516 1706 2573 hofmo,
1741 2516 1857 2564 dum
1893 2515 2106 2574 nascitur,
2151 2518 2212 2564 est
2240 2518 2394 2565 vilissi-

375 2594 510 2626 mum
535 2582 700 2626 vivum
725 2581 840 2627 inter
863 2595 1022 2627 omnes
1045 2578 1157 2629 feras
1189 2582 1240 2628 &
1274 2581 1464 2639 bestias;
1502 2584 1549 2630 &
1587 2599 1697 2631 cum
1735 2582 1945 2631 adolescit
1978 2601 2030 2632 ac
2071 2583 2135 2631 sui
2164 2582 2280 2647 juris
2317 2584 2392 2641 fit,

373 2644 458 2692 nisi
480 2646 660 2694 vincula
681 2659 878 2703 externa,
915 2661 1022 2709 quae
1045 2645 1147 2709 sunt
1170 2646 1298 2710 legis,
1333 2650 1384 2696 &
1400 2649 1583 2696 vincula
1606 2665 1712 2713 quae
1735 2649 1818 2696 fibi
1839 2648 1963 2707 facit,
2000 2662 2053 2697 ut
2076 2652 2306 2699 maximus
2334 2650 2392 2698 fit

376 2713 426 2759 &
451 2711 705 2768 dstiffimus,
743 2712 1038 2776 impedirent,
1075 2726 1222 2760 rueret
1244 2715 1291 2760 in
1315 2730 1462 2775 omne·
1476 2713 1616 2771 nefas,
1653 2731 1734 2763 nec
1747 2715 1993 2779 quiesceret
2006 2716 2271 2780 priusquam
2285 2732 2390 2764 om-

372 2793 452 2825 nes
474 2779 520 2826 in
543 2779 756 2827 universo
778 2776 1100 2843 subjugaverit,
1138 2782 1186 2827 δε
1211 2781 1423 2828 omnium
1449 2783 1495 2828 in
1518 2780 1729 2828 universo
1758 2798 1869 2845 opes
1893 2781 2142 2838 corraserit‚
2178 2799 2262 2831 nec
2286 2799 2390 2847 par·

373 2857 493 2891 ceret
515 2845 612 2903 ulli,
648 2848 728 2894 nifi
753 2847 835 2911 qui
857 2845 899 2892 se
922 2859 975 2893 ut
1011 2845 1161 2894 servos
1184 2847 1297 2894 viles
1321 2845 1602 2895 submitteret
1622 2870 1636 2904 ;
1671 2847 1772 2895 talis
1795 2847 1859 2895 est
1890 2848 2191 2914 unusquisque
2225 2850 2389 2909 homo,

376 2910 548 2957 tametsi
573 2913 604 2958 ii
628 2929 720 2960 non
745 2914 1018 2977 percipiunt,
1054 2915 1135 2977 qui
1175 2914 1221 2961 in
1263 2914 1614 2978 impoflibilitate
1638 2915 1687 2961 ὅτ,
1711 2915 1982 2978 impotentia
2004 2915 2122 2973 sunt,
2157 2917 2207 2964 δε
2231 2919 2311 2981 qui
2336 2920 2386 2964 in

372 2977 568 3024 vinculis
590 2977 694 3036 illis,
730 2980 788 3027 de
809 2979 976 3044 qm'bus
1000 2980 1193 3036 diffum,
1229 2979 1304 3028 sed
1329 2982 1430 3028 data
1451 2980 1734 3045 poffibilitate
1770 2983 1821 3028 &
1853 2984 2069 3046 potentia.
2105 2984 2155 3030 &
2184 2985 2389 3031 relaxatis

374 3042 586 3099 vinculis,
623 3056 803 3093 tanturn
826 3060 1020 3104 ruerent,
1056 3060 1282 3111 quantum
1321 3049 1525 3112 possent:
1578 3046 1686 3095 ferae
1732 3047 1954 3113 nusquam
1997 3047 2098 3097 sunt
2135 3050 2259 3108 tales,
2312 3051 2388 3097 hae

374 3106 618 3167 nascuntur
646 3111 693 3158 in
726 3113 956 3175 quendam
994 3126 1169 3162 naturae
1216 3115 1457 3171 ordinem;
1493 3131 1598 3179 quae
1622 3115 1824 3163 immites
1847 3116 1897 3164 ὅτ
1922 3132 2096 3179 rapaces
2121 3116 2242 3173 sunt,
2276 3115 2390 3164 infe-

373 3187 479 3230 runt
501 3175 598 3225 aliis
626 3176 819 3236 malum,
843 3170 930 3228 *sed
971 3180 1118 3230 modo
1154 3180 1196 3230 se
1227 3182 1407 3230 tutandi
1431 3182 1589 3239 causa,
1626 3183 1675 3232 &
1700 3182 1829 3248 quod
1853 3183 2075 3234 devorent
2097 3184 2217 3243 aliaS,
2241 3183 2315 3296 {sd
2340 3194 2392 3229 ut

2315 3259 2396 3296 ent
