<?xml version="1.0" encoding="UTF-8"?>
<!DOCTYPE html PUBLIC "-//W3C//DTD XHTML 1.0 Transitional//EN"
    "http://www.w3.org/TR/xhtml1/DTD/xhtml1-transitional.dtd">
<html xmlns="http://www.w3.org/1999/xhtml" xml:lang="en" lang="en">
 <head>
  <title>
</title>
<meta http-equiv="Content-Type" content="text/html;charset=utf-8" />
  <meta name='ocr-system' content='tesseract 3.04.00' />
  <meta name='ocr-capabilities' content='ocr_page ocr_carea ocr_par ocr_line ocrx_word'/>
</head>
<body>
  <div class='ocr_page' id='page_1' title='image "arcanacaelestiaq01sweduoft_0077.png"; bbox 0 0 2788 3736; ppageno 0'>
   <div class='ocr_carea' id='block_1_1' title="bbox 736 212 2390 299">
    <p class='ocr_par' dir='ltr' id='par_1_1' title="bbox 736 212 2390 299">
     <span class='ocr_line' id='line_1_1' title="bbox 736 212 2390 299; baseline -0.001 -20"><span class='ocrx_word' id='word_1_1' title='bbox 736 213 1163 279; x_wconf 80' lang='lat' dir='ltr'><strong>CAPUT</strong></span> <span class='ocrx_word' id='word_1_2' title='bbox 1271 212 1905 291; x_wconf 67' lang='lat' dir='ltr'>TERTIUM</span> <span class='ocrx_word' id='word_1_3' title='bbox 2305 218 2390 299; x_wconf 69' lang='lat'>67</span> 
     </span>
    </p>
   </div>
   <div class='ocr_carea' id='block_1_2' title="bbox 324 349 2402 2532">
    <p class='ocr_par' dir='ltr' id='par_1_2' title="bbox 324 349 2402 2532">
     <span class='ocr_line' id='line_1_2' title="bbox 448 349 2393 419; baseline -0.004 -14"><span class='ocrx_word' id='word_1_4' title='bbox 448 371 558 419; x_wconf 84' lang='lat'><strong>250.</strong></span> <span class='ocrx_word' id='word_1_5' title='bbox 591 352 731 402; x_wconf 90' lang='lat' dir='ltr'>Vers:</span> <span class='ocrx_word' id='word_1_6' title='bbox 764 371 837 416; x_wconf 86' lang='lat'>15.</span> <span class='ocrx_word' id='word_1_7' title='bbox 880 408 883 411; x_wconf 13' lang='grc' dir='ltr'><em>Α</em></span> <span class='ocrx_word' id='word_1_8' title='bbox 910 354 973 400; x_wconf 87' lang='lat' dir='ltr'>Et</span> <span class='ocrx_word' id='word_1_9' title='bbox 1003 354 1270 400; x_wconf 82' lang='lat' dir='ltr'><em>inimicitiam</em></span> <span class='ocrx_word' id='word_1_10' title='bbox 1302 364 1460 414; x_wconf 82' lang='lat' dir='ltr'>ponam</span> <span class='ocrx_word' id='word_1_11' title='bbox 1483 354 1595 398; x_wconf 88' lang='lat' dir='ltr'>inter</span> <span class='ocrx_word' id='word_1_12' title='bbox 1617 362 1675 408; x_wconf 84' lang='lat' dir='ltr'>te,</span> <span class='ocrx_word' id='word_1_13' title='bbox 1711 350 1767 400; x_wconf 65' lang='lat'>{52²</span> <span class='ocrx_word' id='word_1_14' title='bbox 1789 353 1902 398; x_wconf 82' lang='lat' dir='ltr'>inter</span> <span class='ocrx_word' id='word_1_15' title='bbox 1923 351 2165 397; x_wconf 80' lang='lat' dir='ltr'>mulierem:</span> <span class='ocrx_word' id='word_1_16' title='bbox 2203 349 2258 398; x_wconf 66' lang='lat'>{9³</span> <span class='ocrx_word' id='word_1_17' title='bbox 2281 353 2393 397; x_wconf 80' lang='lat' dir='ltr'>inter</span> 
     </span>
     <span class='ocr_line' id='line_1_3' title="bbox 366 415 2402 485; baseline -0.004 -15"><span class='ocrx_word' id='word_1_18' title='bbox 366 415 664 485; x_wconf 54' lang='lat' dir='ltr'>semen&#39;kuum</span> <span class='ocrx_word' id='word_1_19' title='bbox 702 420 759 470; x_wconf 74' lang='lat'>{9⁹</span> <span class='ocrx_word' id='word_1_20' title='bbox 784 423 900 467; x_wconf 87' lang='lat' dir='ltr'>inter</span> <span class='ocrx_word' id='word_1_21' title='bbox 934 421 1075 483; x_wconf 87' lang='lat' dir='ltr'>semen</span> <span class='ocrx_word' id='word_1_22' title='bbox 1111 421 1230 483; x_wconf 69' lang='grc' dir='ltr'>ς’ως</span> <span class='ocrx_word' id='word_1_23' title='bbox 1266 418 1343 466; x_wconf 85' lang='lat' dir='ltr'>Ille</span> <span class='ocrx_word' id='word_1_24' title='bbox 1380 417 1637 464; x_wconf 80' lang='lat' dir='ltr'><em>conculcabit</em></span> <span class='ocrx_word' id='word_1_25' title='bbox 1672 417 1757 463; x_wconf 88' lang='lat' dir='ltr'>tibi</span> <span class='ocrx_word' id='word_1_26' title='bbox 1794 426 1956 479; x_wconf 86' lang='lat' dir='ltr'>caput;</span> <span class='ocrx_word' id='word_1_27' title='bbox 1991 415 2052 468; x_wconf 64' lang='grc' dir='ltr'>ξεῖ,</span> <span class='ocrx_word' id='word_1_28' title='bbox 2088 426 2138 477; x_wconf 76' lang='lat' dir='ltr'>tu</span> <span class='ocrx_word' id='word_1_29' title='bbox 2174 415 2294 463; x_wconf 85' lang='lat' dir='ltr'>laedes</span> <span class='ocrx_word' id='word_1_30' title='bbox 2316 419 2402 464; x_wconf 70' lang='lat' dir='ltr'>Illi·⁴</span> 
     </span>
     <span class='ocr_line' id='line_1_4' title="bbox 377 481 2389 546; baseline -0.003 -12"><span class='ocrx_word' id='word_1_31' title='bbox 377 487 625 534; x_wconf 82' lang='lat' dir='ltr'><em>calcaneum.</em></span> <span class='ocrx_word' id='word_1_32' title='bbox 695 485 944 533; x_wconf 86' lang='lat' dir='ltr'>Neminem</span> <span class='ocrx_word' id='word_1_33' title='bbox 970 484 1103 532; x_wconf 90' lang='lat' dir='ltr'>hodie</span> <span class='ocrx_word' id='word_1_34' title='bbox 1133 485 1259 540; x_wconf 86' lang='lat' dir='ltr'>latet,</span> <span class='ocrx_word' id='word_1_35' title='bbox 1292 483 1420 546; x_wconf 89' lang='lat' dir='ltr'>quod</span> <span class='ocrx_word' id='word_1_36' title='bbox 1443 482 1543 529; x_wconf 85' lang='lat' dir='ltr'>haec</span> <span class='ocrx_word' id='word_1_37' title='bbox 1581 481 1636 528; x_wconf 93' lang='lat' dir='ltr'>s1t</span> <span class='ocrx_word' id='word_1_38' title='bbox 1663 484 1822 544; x_wconf 67' lang='lat' dir='ltr'>¹prima</span> <span class='ocrx_word' id='word_1_39' title='bbox 1840 481 2085 545; x_wconf 87' lang='lat' dir='ltr'>Prophetia</span> <span class='ocrx_word' id='word_1_40' title='bbox 2112 482 2171 529; x_wconf 90' lang='lat' dir='ltr'>de</span> <span class='ocrx_word' id='word_1_41' title='bbox 2192 481 2389 529; x_wconf 88' lang='lat' dir='ltr'>adventu</span> 
     </span>
     <span class='ocr_line' id='line_1_5' title="bbox 377 546 2390 614; baseline -0.001 -15"><span class='ocrx_word' id='word_1_42' title='bbox 377 546 572 600; x_wconf 87' lang='lat' dir='ltr'>Domini</span> <span class='ocrx_word' id='word_1_43' title='bbox 594 553 641 598; x_wconf 93' lang='lat' dir='ltr'>in</span> <span class='ocrx_word' id='word_1_44' title='bbox 674 552 937 608; x_wconf 73' lang='lat' dir='ltr'>mundum,</span> <span class='ocrx_word' id='word_1_45' title='bbox 972 549 1156 614; x_wconf 79' lang='lat' dir='ltr'>exipfis</span> <span class='ocrx_word' id='word_1_46' title='bbox 1176 549 1325 596; x_wconf 82' lang='lat' dir='ltr'>verbis</span> <span class='ocrx_word' id='word_1_47' title='bbox 1348 549 1485 595; x_wconf 87' lang='lat' dir='ltr'>etiam</span> <span class='ocrx_word' id='word_1_48' title='bbox 1518 547 1635 594; x_wconf 88' lang='lat' dir='ltr'>clare</span> <span class='ocrx_word' id='word_1_49' title='bbox 1666 546 1866 595; x_wconf 89' lang='lat' dir='ltr'>constat:</span> <span class='ocrx_word' id='word_1_50' title='bbox 1908 548 2014 596; x_wconf 88' lang='lat' dir='ltr'>inde</span> <span class='ocrx_word' id='word_1_51' title='bbox 2034 549 2085 596; x_wconf 88' lang='lat'>&amp;</span> <span class='ocrx_word' id='word_1_52' title='bbox 2107 563 2164 595; x_wconf 83' lang='lat' dir='ltr'>ex</span> <span class='ocrx_word' id='word_1_53' title='bbox 2187 547 2390 611; x_wconf 87' lang='lat' dir='ltr'>Prophe-</span> 
     </span>
     <span class='ocr_line' id='line_1_6' title="bbox 375 612 2387 679; baseline -0.003 -12"><span class='ocrx_word' id='word_1_54' title='bbox 375 619 432 667; x_wconf 88' lang='lat' dir='ltr'>tis</span> <span class='ocrx_word' id='word_1_55' title='bbox 456 617 602 666; x_wconf 90' lang='lat' dir='ltr'>sciunt</span> <span class='ocrx_word' id='word_1_56' title='bbox 625 619 762 668; x_wconf 86' lang='lat' dir='ltr'>etiam</span> <span class='ocrx_word' id='word_1_57' title='bbox 785 618 958 679; x_wconf 85' lang='lat' dir='ltr'>Judaei,</span> <span class='ocrx_word' id='word_1_58' title='bbox 991 615 1119 679; x_wconf 86' lang='lat' dir='ltr'>quod</span> <span class='ocrx_word' id='word_1_59' title='bbox 1142 625 1360 678; x_wconf 86' lang='lat' dir='ltr'>venturus</span> <span class='ocrx_word' id='word_1_60' title='bbox 1375 613 1573 660; x_wconf 81' lang='lat' dir='ltr'>Meffias.</span> <span class='ocrx_word' id='word_1_61' title='bbox 1624 612 1715 658; x_wconf 86' lang='lat' dir='ltr'>Sed</span> <span class='ocrx_word' id='word_1_62' title='bbox 1739 612 1948 660; x_wconf 88' lang='lat' dir='ltr'>nondum</span> <span class='ocrx_word' id='word_1_63' title='bbox 1977 615 2216 678; x_wconf 85' lang='lat' dir='ltr'>quisquam</span> <span class='ocrx_word' id='word_1_64' title='bbox 2240 616 2387 671; x_wconf 85' lang='lat' dir='ltr'>novit,</span> 
     </span>
     <span class='ocr_line' id='line_1_7' title="bbox 373 676 2402 750; baseline -0.002 -19"><span class='ocrx_word' id='word_1_65' title='bbox 373 684 488 750; x_wconf 90' lang='lat' dir='ltr'>quid</span> <span class='ocrx_word' id='word_1_66' title='bbox 502 700 584 748; x_wconf 91' lang='lat' dir='ltr'>per</span> <span class='ocrx_word' id='word_1_67' title='bbox 600 683 864 749; x_wconf 76' lang='lat' dir='ltr'><strong>serpentem,</strong></span> <span class='ocrx_word' id='word_1_68' title='bbox 881 695 965 745; x_wconf 86' lang='lat' dir='ltr'>per</span> <span class='ocrx_word' id='word_1_69' title='bbox 979 679 1237 735; x_wconf 86' lang='lat' dir='ltr'>mulierem,</span> <span class='ocrx_word' id='word_1_70' title='bbox 1275 694 1357 742; x_wconf 92' lang='lat' dir='ltr'>per</span> <span class='ocrx_word' id='word_1_71' title='bbox 1370 676 1519 725; x_wconf 86' lang='lat' dir='ltr'>semen</span> <span class='ocrx_word' id='word_1_72' title='bbox 1532 677 1760 741; x_wconf 85' lang='lat' dir='ltr'>serpentis,</span> <span class='ocrx_word' id='word_1_73' title='bbox 1796 694 1877 742; x_wconf 90' lang='lat' dir='ltr'>per</span> <span class='ocrx_word' id='word_1_74' title='bbox 1898 677 2048 726; x_wconf 86' lang='lat' dir='ltr'>semen</span> <span class='ocrx_word' id='word_1_75' title='bbox 2067 680 2282 737; x_wconf 63' lang='lat' dir='ltr'>mulieris»,</span> <span class='ocrx_word' id='word_1_76' title='bbox 2307 697 2402 744; x_wconf 57' lang='lat' dir='ltr'>per,</span> 
     </span>
     <span class='ocr_line' id='line_1_8' title="bbox 375 742 2389 814; baseline 0 -20"><span class='ocrx_word' id='word_1_77' title='bbox 375 763 514 814; x_wconf 83' lang='lat' dir='ltr'>caput</span> <span class='ocrx_word' id='word_1_78' title='bbox 527 750 753 814; x_wconf 75' lang='lat' dir='ltr'>strpentis,</span> <span class='ocrx_word' id='word_1_79' title='bbox 777 742 905 811; x_wconf 82' lang='lat' dir='ltr'>quod</span> <span class='ocrx_word' id='word_1_80' title='bbox 919 744 1001 793; x_wconf 88' lang='lat' dir='ltr'>Ille</span> <span class='ocrx_word' id='word_1_81' title='bbox 1017 744 1332 800; x_wconf 88' lang='lat' dir='ltr'>conculcabit·,</span> <span class='ocrx_word' id='word_1_82' title='bbox 1366 744 1417 791; x_wconf 85' lang='lat'>&amp;</span> <span class='ocrx_word' id='word_1_83' title='bbox 1441 760 1524 808; x_wconf 90' lang='lat' dir='ltr'>per</span> <span class='ocrx_word' id='word_1_84' title='bbox 1546 743 1826 800; x_wconf 84' lang='lat' dir='ltr'>calcaneum,</span> <span class='ocrx_word' id='word_1_85' title='bbox 1848 743 1975 807; x_wconf 90' lang='lat' dir='ltr'>quod</span> <span class='ocrx_word' id='word_1_86' title='bbox 1998 744 2174 809; x_wconf 84' lang='lat' dir='ltr'>serpens</span> <span class='ocrx_word' id='word_1_87' title='bbox 2190 745 2389 802; x_wconf 79' lang='lat' dir='ltr'>laesuruS,</span> 
     </span>
     <span class='ocr_line' id='line_1_9' title="bbox 377 809 2388 881; baseline -0.002 -17"><span class='ocrx_word' id='word_1_88' title='bbox 377 817 425 864; x_wconf 90' lang='lat' dir='ltr'>in</span> <span class='ocrx_word' id='word_1_89' title='bbox 449 816 592 881; x_wconf 89' lang='lat' dir='ltr'>specie</span> <span class='ocrx_word' id='word_1_90' title='bbox 608 813 898 876; x_wconf 84' lang='lat' dir='ltr'>intelligatur,</span> <span class='ocrx_word' id='word_1_91' title='bbox 931 826 1068 875; x_wconf 88' lang='lat' dir='ltr'>quare</span> <span class='ocrx_word' id='word_1_92' title='bbox 1091 810 1190 859; x_wconf 83' lang='lat' dir='ltr'>haec</span> <span class='ocrx_word' id='word_1_93' title='bbox 1214 811 1492 874; x_wconf 87' lang='lat' dir='ltr'>exponenda.</span> <span class='ocrx_word' id='word_1_94' title='bbox 1562 811 1650 857; x_wconf 80' lang='lat' dir='ltr'>Per</span> <span class='ocrx_word' id='word_1_95' title='bbox 1671 810 1934 873; x_wconf 84' lang='lat' dir='ltr'>Serpentem</span> <span class='ocrx_word' id='word_1_96' title='bbox 1959 809 2035 874; x_wconf 85' lang='lat' dir='ltr'>hic</span> <span class='ocrx_word' id='word_1_97' title='bbox 2059 810 2326 874; x_wconf 86' lang='lat' dir='ltr'>intelligitur</span> <span class='ocrx_word' id='word_1_98' title='bbox 2341 815 2388 860; x_wconf 90' lang='lat' dir='ltr'>in</span> 
     </span>
     <span class='ocr_line' id='line_1_10' title="bbox 324 874 2387 952; baseline -0.002 -22"><span class='ocrx_word' id='word_1_99' title='bbox 324 890 341 903; x_wconf 67' lang='lat'><em>⁶</em></span> <span class='ocrx_word' id='word_1_100' title='bbox 376 898 540 952; x_wconf 84' lang='lat' dir='ltr'>genere</span> <span class='ocrx_word' id='word_1_101' title='bbox 571 895 709 927; x_wconf 87' lang='lat' dir='ltr'>omne</span> <span class='ocrx_word' id='word_1_102' title='bbox 733 877 925 934; x_wconf 86' lang='lat' dir='ltr'>malum,</span> <span class='ocrx_word' id='word_1_103' title='bbox 960 877 1008 924; x_wconf 90' lang='lat' dir='ltr'>in</span> <span class='ocrx_word' id='word_1_104' title='bbox 1032 875 1176 941; x_wconf 83' lang='lat' dir='ltr'>specie</span> <span class='ocrx_word' id='word_1_105' title='bbox 1197 892 1328 924; x_wconf 88' lang='lat' dir='ltr'>amor</span> <span class='ocrx_word' id='word_1_106' title='bbox 1347 874 1444 931; x_wconf 90' lang='lat' dir='ltr'>sui·,</span> <span class='ocrx_word' id='word_1_107' title='bbox 1479 891 1561 940; x_wconf 91' lang='lat' dir='ltr'>per</span> <span class='ocrx_word' id='word_1_108' title='bbox 1582 875 1833 942; x_wconf 86' lang='lat' dir='ltr'>Mulierem</span> <span class='ocrx_word' id='word_1_109' title='bbox 1867 875 2387 940; x_wconf 82' lang='lat' dir='ltr'>intelligitur·Eccles1a;</span> 
     </span>
     <span class='ocr_line' id='line_1_11' title="bbox 370 934 2387 1012; baseline -0.002 -17"><span class='ocrx_word' id='word_1_110' title='bbox 370 934 1045 1012; x_wconf 63' lang='lat' dir='ltr'>per-Semenserpentis&#39;omnis</span> <span class='ocrx_word' id='word_1_111' title='bbox 1067 942 1306 990; x_wconf 85' lang='lat' dir='ltr'>infidelitas</span> <span class='ocrx_word' id='word_1_112' title='bbox 1327 965 1342 998; x_wconf 92' lang='lat'>·,</span> <span class='ocrx_word' id='word_1_113' title='bbox 1377 958 1459 1006; x_wconf 89' lang='lat' dir='ltr'>per</span> <span class='ocrx_word' id='word_1_114' title='bbox 1473 942 1638 1007; x_wconf 77' lang='lat' dir='ltr'>Seme-n</span> <span class='ocrx_word' id='word_1_115' title='bbox 1662 941 1865 991; x_wconf 89' lang='lat' dir='ltr'>mulieris</span> <span class='ocrx_word' id='word_1_116' title='bbox 1886 941 2001 989; x_wconf 86' lang='lat' dir='ltr'>fides</span> <span class='ocrx_word' id='word_1_117' title='bbox 2021 945 2069 989; x_wconf 92' lang='lat' dir='ltr'>in</span> <span class='ocrx_word' id='word_1_118' title='bbox 2089 943 2350 990; x_wconf 86' lang='lat' dir='ltr'>Dominum</span> <span class='ocrx_word' id='word_1_119' title='bbox 2372 966 2387 998; x_wconf 74' lang='lat'>3</span> 
     </span>
     <span class='ocr_line' id='line_1_12' title="bbox 373 1007 2390 1078; baseline -0.002 -17"><span class='ocrx_word' id='word_1_120' title='bbox 373 1029 456 1078; x_wconf 89' lang='lat' dir='ltr'>per</span> <span class='ocrx_word' id='word_1_121' title='bbox 477 1011 574 1068; x_wconf 87' lang='lat' dir='ltr'>Ille,</span> <span class='ocrx_word' id='word_1_122' title='bbox 608 1009 707 1074; x_wconf 88' lang='lat' dir='ltr'>Ipse</span> <span class='ocrx_word' id='word_1_123' title='bbox 732 1010 994 1065; x_wconf 84' lang='lat' dir='ltr'>Dominus;</span> <span class='ocrx_word' id='word_1_124' title='bbox 1028 1024 1111 1072; x_wconf 89' lang='lat' dir='ltr'>per</span> <span class='ocrx_word' id='word_1_125' title='bbox 1133 1008 1286 1072; x_wconf 89' lang='lat' dir='ltr'>Caput</span> <span class='ocrx_word' id='word_1_126' title='bbox 1308 1007 1521 1073; x_wconf 89' lang='lat' dir='ltr'>serpentis</span> <span class='ocrx_word' id='word_1_127' title='bbox 1544 1007 1807 1056; x_wconf 87' lang='lat' dir='ltr'>dominium</span> <span class='ocrx_word' id='word_1_128' title='bbox 1830 1008 1938 1056; x_wconf 90' lang='lat' dir='ltr'>mali</span> <span class='ocrx_word' id='word_1_129' title='bbox 1959 1010 2008 1056; x_wconf 90' lang='lat' dir='ltr'>in</span> <span class='ocrx_word' id='word_1_130' title='bbox 2031 1025 2219 1073; x_wconf 85' lang='lat' dir='ltr'>genere,</span> <span class='ocrx_word' id='word_1_131' title='bbox 2254 1009 2304 1056; x_wconf 67' lang='lat' dir='ltr'>ac</span> <span class='ocrx_word' id='word_1_132' title='bbox 2342 1026 2390 1056; x_wconf 88' lang='lat' dir='ltr'>a-</span> 
     </span>
     <span class='ocr_line' id='line_1_13' title="bbox 374 1071 2389 1140; baseline -0.002 -13"><span class='ocrx_word' id='word_1_133' title='bbox 374 1078 514 1127; x_wconf 82' lang='lat' dir='ltr'>moris</span> <span class='ocrx_word' id='word_1_134' title='bbox 537 1071 670 1124; x_wconf 85' lang='lat' dir='ltr'>sui-in</span> <span class='ocrx_word' id='word_1_135' title='bbox 692 1075 868 1140; x_wconf 88' lang='lat' dir='ltr'>specie;</span> <span class='ocrx_word' id='word_1_136' title='bbox 903 1091 986 1139; x_wconf 88' lang='lat' dir='ltr'>per</span> <span class='ocrx_word' id='word_1_137' title='bbox 1000 1074 1277 1139; x_wconf 84' lang='lat' dir='ltr'>proculcare,</span> <span class='ocrx_word' id='word_1_138' title='bbox 1307 1074 1525 1138; x_wconf 85' lang='lat' dir='ltr'>depreffio</span> <span class='ocrx_word' id='word_1_139' title='bbox 1551 1087 1604 1122; x_wconf 88' lang='lat' dir='ltr'>ut</span> <span class='ocrx_word' id='word_1_140' title='bbox 1635 1073 1839 1122; x_wconf 88' lang='lat' dir='ltr'>ambulet</span> <span class='ocrx_word' id='word_1_141' title='bbox 1865 1073 1996 1139; x_wconf 88' lang='lat' dir='ltr'>super</span> <span class='ocrx_word' id='word_1_142' title='bbox 2010 1086 2183 1132; x_wconf 89' lang='lat' dir='ltr'>ventre,</span> <span class='ocrx_word' id='word_1_143' title='bbox 2219 1074 2269 1122; x_wconf 77' lang='grc' dir='ltr'>δε</span> <span class='ocrx_word' id='word_1_144' title='bbox 2286 1076 2389 1123; x_wconf 86' lang='lat' dir='ltr'>edat</span> 
     </span>
     <span class='ocr_line' id='line_1_14' title="bbox 373 1139 2381 1208; baseline -0.001 -17"><span class='ocrx_word' id='word_1_145' title='bbox 373 1145 646 1208; x_wconf 77' lang='lat' dir='ltr'>pulverem3</span> <span class='ocrx_word' id='word_1_146' title='bbox 689 1158 772 1207; x_wconf 90' lang='lat' dir='ltr'>per</span> <span class='ocrx_word' id='word_1_147' title='bbox 802 1141 1082 1198; x_wconf 86' lang='lat' dir='ltr'>calcaneum,</span> <span class='ocrx_word' id='word_1_148' title='bbox 1119 1141 1335 1188; x_wconf 89' lang='lat' dir='ltr'>infimum</span> <span class='ocrx_word' id='word_1_149' title='bbox 1368 1140 1583 1197; x_wconf 86' lang='lat' dir='ltr'>naturale,</span> <span class='ocrx_word' id='word_1_150' title='bbox 1618 1154 1672 1188; x_wconf 91' lang='lat' dir='ltr'>ut</span> <span class='ocrx_word' id='word_1_151' title='bbox 1704 1156 1996 1205; x_wconf 88' lang='lat' dir='ltr'>corporeum,</span> <span class='ocrx_word' id='word_1_152' title='bbox 2033 1141 2162 1205; x_wconf 88' lang='lat' dir='ltr'>quod</span> <span class='ocrx_word' id='word_1_153' title='bbox 2198 1139 2381 1188; x_wconf 87' lang='lat' dir='ltr'>laesurus</span> 
     </span>
     <span class='ocr_line' id='line_1_15' title="bbox 372 1210 2402 1258; baseline -0.001 0"><span class='ocrx_word' id='word_1_154' title='bbox 372 1210 414 1258; x_wconf 89' lang='lat' dir='ltr'>se</span> <span class='ocrx_word' id='word_1_155' title='bbox 493 1225 560 1258; x_wconf 90' lang='lat' dir='ltr'>ns.</span> <span class='ocrx_word' id='word_1_156' title='bbox 851 1250 854 1252; x_wconf 88' lang='lat'>.</span> <span class='ocrx_word' id='word_1_157' title='bbox 2059 1221 2064 1225; x_wconf 84' lang='lat'><strong>·</strong></span> <span class='ocrx_word' id='word_1_158' title='bbox 2398 1242 2402 1247; x_wconf 82' lang='lat'><em>-</em></span> 
     </span>
     <span class='ocr_line' id='line_1_16' title="bbox 373 1226 2390 1407; baseline -0.001 -17"><span class='ocrx_word' id='word_1_159' title='bbox 373 1226 560 1390; x_wconf 45' lang='grc' dir='ltr'>[ἷξες</span> <span class='ocrx_word' id='word_1_160' title='bbox 585 1273 1620 1407; x_wconf 48' lang='lat' dir='ltr'>Qffleqsfpemmissexsusah</span> <span class='ocrx_word' id='word_1_161' title='bbox 1653 1274 1834 1389; x_wconf 56' lang='lat' dir='ltr'>{xm</span> <span class='ocrx_word' id='word_1_162' title='bbox 1859 1290 2135 1390; x_wconf 37' lang='grc' dir='ltr'>εἰῶ</span> <span class='ocrx_word' id='word_1_163' title='bbox 2169 1275 2390 1405; x_wconf 54' lang='lat' dir='ltr'>{ms</span> 
     </span>
     <span class='ocr_line' id='line_1_17' title="bbox 372 1358 2400 1474; baseline -0 -18"><span class='ocrx_word' id='word_1_164' title='bbox 372 1425 506 1456; x_wconf 88' lang='lat' dir='ltr'>mum</span> <span class='ocrx_word' id='word_1_165' title='bbox 543 1359 625 1473; x_wconf 55' lang='lat' dir='ltr'>ger</span> <span class='ocrx_word' id='word_1_166' title='bbox 642 1378 909 1473; x_wconf 76' lang='lat' dir='ltr'>serpentem</span> <span class='ocrx_word' id='word_1_167' title='bbox 942 1407 1191 1474; x_wconf 77' lang='lat' dir='ltr'>significata</span> <span class='ocrx_word' id='word_1_168' title='bbox 1219 1407 1339 1464; x_wconf 87' lang='lat' dir='ltr'>sunt,</span> <span class='ocrx_word' id='word_1_169' title='bbox 1386 1418 1540 1455; x_wconf 91' lang='lat' dir='ltr'>ortum</span> <span class='ocrx_word' id='word_1_170' title='bbox 1570 1376 1650 1465; x_wconf 69' lang='lat' dir='ltr'>el&#39;c,</span> <span class='ocrx_word' id='word_1_171' title='bbox 1702 1423 1838 1472; x_wconf 90' lang='lat' dir='ltr'>quare</span> <span class='ocrx_word' id='word_1_172' title='bbox 1877 1424 1999 1455; x_wconf 87' lang='lat' dir='ltr'>nunc</span> <span class='ocrx_word' id='word_1_173' title='bbox 2033 1358 2191 1472; x_wconf 53' lang='grc' dir='ltr'>ἰΡίὶῖιιῑίι1</span> <span class='ocrx_word' id='word_1_174' title='bbox 2215 1408 2400 1455; x_wconf 84' lang='lat' dir='ltr'>malum·</span> 
     </span>
     <span class='ocr_line' id='line_1_18' title="bbox 368 1472 2396 1541; baseline -0.002 -18"><span class='ocrx_word' id='word_1_175' title='bbox 368 1474 693 1541; x_wconf 89' lang='lat' dir='ltr'>quodcunque,</span> <span class='ocrx_word' id='word_1_176' title='bbox 728 1476 779 1523; x_wconf 80' lang='grc' dir='ltr'>ὅτ</span> <span class='ocrx_word' id='word_1_177' title='bbox 820 1476 865 1526; x_wconf 88' lang='lat' dir='ltr'>in</span> <span class='ocrx_word' id='word_1_178' title='bbox 905 1473 1049 1540; x_wconf 77' lang='lat' dir='ltr'>specie</span> <span class='ocrx_word' id='word_1_179' title='bbox 1070 1489 1199 1522; x_wconf 86' lang='lat' dir='ltr'>amor</span> <span class='ocrx_word' id='word_1_180' title='bbox 1238 1472 1320 1530; x_wconf 91' lang='lat' dir='ltr'>sui,</span> <span class='ocrx_word' id='word_1_181' title='bbox 1358 1473 1430 1520; x_wconf 91' lang='lat' dir='ltr'>seu</span> <span class='ocrx_word' id='word_1_182' title='bbox 1460 1473 1624 1521; x_wconf 87' lang='lat' dir='ltr'>odium</span> <span class='ocrx_word' id='word_1_183' title='bbox 1654 1486 1812 1522; x_wconf 86' lang='lat' dir='ltr'>contra</span> <span class='ocrx_word' id='word_1_184' title='bbox 1843 1475 2115 1539; x_wconf 89' lang='lat' dir='ltr'>proximum</span> <span class='ocrx_word' id='word_1_185' title='bbox 2147 1475 2197 1522; x_wconf 75' lang='grc' dir='ltr'>δε</span> <span class='ocrx_word' id='word_1_186' title='bbox 2222 1475 2396 1531; x_wconf 20' lang='lat' dir='ltr'>Domi-7</span> 
     </span>
     <span class='ocr_line' id='line_1_19' title="bbox 370 1538 2387 1606; baseline -0.002 -16"><span class='ocrx_word' id='word_1_187' title='bbox 370 1557 503 1600; x_wconf 89' lang='lat' dir='ltr'>num,</span> <span class='ocrx_word' id='word_1_188' title='bbox 539 1541 665 1606; x_wconf 90' lang='lat' dir='ltr'>quod</span> <span class='ocrx_word' id='word_1_189' title='bbox 699 1541 823 1603; x_wconf 83' lang='lat' dir='ltr'>idem</span> <span class='ocrx_word' id='word_1_190' title='bbox 864 1541 930 1588; x_wconf 91' lang='lat' dir='ltr'>est</span> <span class='ocrx_word' id='word_1_191' title='bbox 961 1557 1071 1589; x_wconf 88' lang='lat' dir='ltr'>cum</span> <span class='ocrx_word' id='word_1_192' title='bbox 1094 1556 1248 1588; x_wconf 86' lang='lat' dir='ltr'>amore</span> <span class='ocrx_word' id='word_1_193' title='bbox 1287 1539 1364 1588; x_wconf 85' lang='lat' dir='ltr'>sui.</span> <span class='ocrx_word' id='word_1_194' title='bbox 1436 1540 1550 1589; x_wconf 91' lang='lat' dir='ltr'>Hoc</span> <span class='ocrx_word' id='word_1_195' title='bbox 1573 1540 1748 1588; x_wconf 87' lang='lat' dir='ltr'>malum</span> <span class='ocrx_word' id='word_1_196' title='bbox 1780 1538 1854 1587; x_wconf 86' lang='lat' dir='ltr'>seu</span> <span class='ocrx_word' id='word_1_197' title='bbox 1887 1540 2068 1597; x_wconf 88' lang='lat' dir='ltr'>odium,</span> <span class='ocrx_word' id='word_1_198' title='bbox 2101 1541 2209 1604; x_wconf 89' lang='lat' dir='ltr'>quia</span> <span class='ocrx_word' id='word_1_199' title='bbox 2230 1539 2387 1587; x_wconf 88' lang='lat' dir='ltr'>multi-</span> 
     </span>
     <span class='ocr_line' id='line_1_20' title="bbox 371 1605 2390 1672; baseline -0.002 -16"><span class='ocrx_word' id='word_1_200' title='bbox 371 1606 580 1672; x_wconf 75' lang='lat' dir='ltr'>plex&#39;est,</span> <span class='ocrx_word' id='word_1_201' title='bbox 615 1607 666 1655; x_wconf 75' lang='grc' dir='ltr'>ὅτ</span> <span class='ocrx_word' id='word_1_202' title='bbox 689 1607 820 1671; x_wconf 89' lang='lat' dir='ltr'>plura</span> <span class='ocrx_word' id='word_1_203' title='bbox 841 1605 936 1672; x_wconf 87' lang='lat' dir='ltr'>ejus</span> <span class='ocrx_word' id='word_1_204' title='bbox 960 1623 1141 1672; x_wconf 88' lang='lat' dir='ltr'>genera,</span> <span class='ocrx_word' id='word_1_205' title='bbox 1175 1607 1227 1655; x_wconf 74' lang='grc' dir='ltr'>δε</span> <span class='ocrx_word' id='word_1_206' title='bbox 1250 1605 1403 1670; x_wconf 88' lang='lat' dir='ltr'>plures</span> <span class='ocrx_word' id='word_1_207' title='bbox 1436 1605 1587 1655; x_wconf 89' lang='lat' dir='ltr'>adhuc</span> <span class='ocrx_word' id='word_1_208' title='bbox 1617 1605 1800 1671; x_wconf 88' lang='lat' dir='ltr'>species,</span> <span class='ocrx_word' id='word_1_209' title='bbox 1837 1608 1884 1655; x_wconf 89' lang='lat' dir='ltr'>in</span> <span class='ocrx_word' id='word_1_210' title='bbox 1908 1606 2065 1654; x_wconf 90' lang='lat' dir='ltr'>Verbo</span> <span class='ocrx_word' id='word_1_211' title='bbox 2097 1605 2390 1671; x_wconf 87' lang='lat' dir='ltr'>distinguitur</span> 
     </span>
     <span class='ocr_line' id='line_1_21' title="bbox 370 1671 2389 1740; baseline -0.001 -19"><span class='ocrx_word' id='word_1_212' title='bbox 370 1690 454 1738; x_wconf 91' lang='lat' dir='ltr'>per</span> <span class='ocrx_word' id='word_1_213' title='bbox 474 1673 732 1739; x_wconf 87' lang='lat' dir='ltr'>serpentum</span> <span class='ocrx_word' id='word_1_214' title='bbox 772 1689 952 1738; x_wconf 88' lang='lat' dir='ltr'>genera,</span> <span class='ocrx_word' id='word_1_215' title='bbox 987 1686 1040 1721; x_wconf 90' lang='lat' dir='ltr'>ut</span> <span class='ocrx_word' id='word_1_216' title='bbox 1074 1689 1156 1739; x_wconf 89' lang='lat' dir='ltr'>per</span> <span class='ocrx_word' id='word_1_217' title='bbox 1185 1689 1372 1740; x_wconf 86' lang='lat' dir='ltr'>angues,</span> <span class='ocrx_word' id='word_1_218' title='bbox 1406 1673 1607 1737; x_wconf 76' lang='lat' dir='ltr'>reguIOS,</span> <span class='ocrx_word' id='word_1_219' title='bbox 1643 1671 1831 1737; x_wconf 79' lang='lat' dir='ltr'>aspides,</span> <span class='ocrx_word' id='word_1_220' title='bbox 1866 1673 2190 1730; x_wconf 87' lang='lat' dir='ltr'>haemorrheos,</span> <span class='ocrx_word' id='word_1_221' title='bbox 2225 1673 2389 1737; x_wconf 83' lang='lat' dir='ltr'>preste-</span> 
     </span>
     <span class='ocr_line' id='line_1_22' title="bbox 372 1738 2386 1804; baseline -0.001 -16"><span class='ocrx_word' id='word_1_222' title='bbox 372 1755 441 1788; x_wconf 91' lang='lat' dir='ltr'>res</span> <span class='ocrx_word' id='word_1_223' title='bbox 474 1739 547 1788; x_wconf 90' lang='lat' dir='ltr'>seu</span> <span class='ocrx_word' id='word_1_224' title='bbox 585 1738 806 1803; x_wconf 88' lang='lat' dir='ltr'>serpentes</span> <span class='ocrx_word' id='word_1_225' title='bbox 835 1741 1024 1804; x_wconf 88' lang='lat' dir='ltr'>ignitos,</span> <span class='ocrx_word' id='word_1_226' title='bbox 1057 1756 1139 1803; x_wconf 86' lang='lat' dir='ltr'>per</span> <span class='ocrx_word' id='word_1_227' title='bbox 1169 1739 1392 1803; x_wconf 88' lang='lat' dir='ltr'>serpentes</span> <span class='ocrx_word' id='word_1_228' title='bbox 1416 1739 1618 1787; x_wconf 80' lang='lat' dir='ltr'>volantes</span> <span class='ocrx_word' id='word_1_229' title='bbox 1657 1751 1711 1786; x_wconf 93' lang='lat' dir='ltr'>ut</span> <span class='ocrx_word' id='word_1_230' title='bbox 1747 1739 1798 1787; x_wconf 77' lang='grc' dir='ltr'>δε</span> <span class='ocrx_word' id='word_1_231' title='bbox 1831 1752 2051 1804; x_wconf 87' lang='lat' dir='ltr'>repentes,</span> <span class='ocrx_word' id='word_1_232' title='bbox 2087 1755 2168 1803; x_wconf 89' lang='lat' dir='ltr'>per</span> <span class='ocrx_word' id='word_1_233' title='bbox 2190 1742 2386 1802; x_wconf 82' lang='lat' dir='ltr'>viperas,</span> 
     </span>
     <span class='ocr_line' id='line_1_23' title="bbox 373 1804 2388 1869; baseline -0.001 -15"><span class='ocrx_word' id='word_1_234' title='bbox 373 1807 436 1854; x_wconf 90' lang='lat' dir='ltr'>ita</span> <span class='ocrx_word' id='word_1_235' title='bbox 466 1805 716 1854; x_wconf 87' lang='lat' dir='ltr'>secundum</span> <span class='ocrx_word' id='word_1_236' title='bbox 749 1805 1026 1854; x_wconf 85' lang='lat' dir='ltr'>differentias</span> <span class='ocrx_word' id='word_1_237' title='bbox 1058 1805 1237 1861; x_wconf 88' lang='lat' dir='ltr'>veneni,</span> <span class='ocrx_word' id='word_1_238' title='bbox 1305 1804 1401 1852; x_wconf 87' lang='lat' dir='ltr'>uod</span> <span class='ocrx_word' id='word_1_239' title='bbox 1439 1804 1503 1853; x_wconf 88' lang='lat' dir='ltr'>est</span> <span class='ocrx_word' id='word_1_240' title='bbox 1525 1804 1718 1852; x_wconf 87' lang='lat' dir='ltr'>odium:</span> <span class='ocrx_word' id='word_1_241' title='bbox 1772 1817 1825 1852; x_wconf 91' lang='lat' dir='ltr'>ut</span> <span class='ocrx_word' id='word_1_242' title='bbox 1857 1806 1982 1869; x_wconf 90' lang='lat' dir='ltr'>apud</span> <span class='ocrx_word' id='word_1_243' title='bbox 1996 1806 2199 1862; x_wconf 73' lang='lat' dir='ltr'>Esaiam,</span> <span class='ocrx_word' id='word_1_244' title='bbox 2238 1810 2274 1832; x_wconf 86' lang='lat'><strong>“</strong></span> <span class='ocrx_word' id='word_1_245' title='bbox 2306 1805 2388 1852; x_wconf 86' lang='lat' dir='ltr'>Ne</span> 
     </span>
     <span class='ocr_line' id='line_1_24' title="bbox 376 1869 2390 1936; baseline -0 -17"><span class='ocrx_word' id='word_1_246' title='bbox 376 1877 411 1900; x_wconf 90' lang='lat'><strong>“</strong></span> <span class='ocrx_word' id='word_1_247' title='bbox 443 1871 616 1920; x_wconf 77' lang='lat' dir='ltr'>laeteris&#39;</span> <span class='ocrx_word' id='word_1_248' title='bbox 630 1870 856 1918; x_wconf 87' lang='lat' dir='ltr'>Philistaea</span> <span class='ocrx_word' id='word_1_249' title='bbox 882 1883 979 1919; x_wconf 87' lang='lat' dir='ltr'>tota</span> <span class='ocrx_word' id='word_1_250' title='bbox 1010 1883 1080 1927; x_wconf 88' lang='lat' dir='ltr'>tu,</span> <span class='ocrx_word' id='word_1_251' title='bbox 1114 1870 1245 1935; x_wconf 82' lang='lat' dir='ltr'>quod</span> <span class='ocrx_word' id='word_1_252' title='bbox 1299 1870 1420 1918; x_wconf 66' lang='lat' dir='ltr'>taeta</span> <span class='ocrx_word' id='word_1_253' title='bbox 1440 1871 1573 1935; x_wconf 85' lang='lat' dir='ltr'>virga</span> <span class='ocrx_word' id='word_1_254' title='bbox 1610 1872 1864 1936; x_wconf 84' lang='lat' dir='ltr'>percutiens</span> <span class='ocrx_word' id='word_1_255' title='bbox 1900 1884 1962 1930; x_wconf 91' lang='lat' dir='ltr'>te,</span> <span class='ocrx_word' id='word_1_256' title='bbox 2006 1887 2113 1919; x_wconf 88' lang='lat' dir='ltr'>nam</span> <span class='ocrx_word' id='word_1_257' title='bbox 2146 1871 2205 1919; x_wconf 91' lang='lat' dir='ltr'>de</span> <span class='ocrx_word' id='word_1_258' title='bbox 2241 1869 2390 1918; x_wconf 71' lang='lat' dir='ltr'>rad1ce</span> 
     </span>
     <span class='ocr_line' id='line_1_25' title="bbox 377 1934 2389 2005; baseline -0 -21"><span class='ocrx_word' id='word_1_259' title='bbox 377 1943 411 1966; x_wconf 70' lang='lat'>‘³</span> <span class='ocrx_word' id='word_1_260' title='bbox 433 1939 646 2002; x_wconf 74' lang='lat' dir='ltr'>serpentis</span> <span class='ocrx_word' id='word_1_261' title='bbox 683 1936 824 1984; x_wconf 85' lang='lat' dir='ltr'>exibit</span> <span class='ocrx_word' id='word_1_262' title='bbox 855 1937 1040 1999; x_wconf 86' lang='lat' dir='ltr'>regulus,</span> <span class='ocrx_word' id='word_1_263' title='bbox 1074 1937 1125 1984; x_wconf 76' lang='grc' dir='ltr'>δε</span> <span class='ocrx_word' id='word_1_264' title='bbox 1161 1934 1334 1983; x_wconf 59' lang='lat' dir='ltr'>fruitus</span> <span class='ocrx_word' id='word_1_265' title='bbox 1357 1934 1453 1999; x_wconf 85' lang='lat' dir='ltr'>ejus</span> <span class='ocrx_word' id='word_1_266' title='bbox 1478 1937 1642 2005; x_wconf 65' lang='lat' dir='ltr'>prester</span> <span class='ocrx_word' id='word_1_267' title='bbox 1662 1937 1869 1993; x_wconf 88' lang='lat' dir='ltr'>volans,”</span> <span class='ocrx_word' id='word_1_268' title='bbox 1889 1953 2010 1986; x_wconf 77' lang='lat' dir='ltr'>xiv:</span> <span class='ocrx_word' id='word_1_269' title='bbox 2034 1954 2130 2003; x_wconf 82' lang='lat'><strong>.29·&#39;</strong></span> <span class='ocrx_word' id='word_1_270' title='bbox 2154 1936 2281 1985; x_wconf 84' lang='lat' dir='ltr'>radix</span> <span class='ocrx_word' id='word_1_271' title='bbox 2303 1935 2389 1983; x_wconf 88' lang='lat' dir='ltr'>ser-</span> 
     </span>
     <span class='ocr_line' id='line_1_26' title="bbox 372 2000 2391 2069; baseline 0 -19"><span class='ocrx_word' id='word_1_272' title='bbox 372 2005 519 2069; x_wconf 89' lang='lat' dir='ltr'>pentis</span> <span class='ocrx_word' id='word_1_273' title='bbox 547 2001 621 2069; x_wconf 11' lang='lat' dir='ltr'>&#39;‘³st</span> <span class='ocrx_word' id='word_1_274' title='bbox 660 2001 851 2050; x_wconf 89' lang='lat' dir='ltr'>sensuale</span> <span class='ocrx_word' id='word_1_275' title='bbox 889 2004 940 2050; x_wconf 76' lang='grc' dir='ltr'>δε</span> <span class='ocrx_word' id='word_1_276' title='bbox 979 2001 1295 2058; x_wconf 89' lang='lat' dir='ltr'>scientificum,</span> <span class='ocrx_word' id='word_1_277' title='bbox 1330 2002 1515 2066; x_wconf 87' lang='lat' dir='ltr'>regulus</span> <span class='ocrx_word' id='word_1_278' title='bbox 1546 2001 1612 2050; x_wconf 90' lang='lat' dir='ltr'>est</span> <span class='ocrx_word' id='word_1_279' title='bbox 1650 2003 1827 2050; x_wconf 85' lang='lat' dir='ltr'>malurn</span> <span class='ocrx_word' id='word_1_280' title='bbox 1849 2019 1906 2050; x_wconf 87' lang='lat' dir='ltr'>ex</span> <span class='ocrx_word' id='word_1_281' title='bbox 1935 2000 2043 2051; x_wconf 89' lang='lat' dir='ltr'>falso</span> <span class='ocrx_word' id='word_1_282' title='bbox 2064 2003 2187 2060; x_wconf 89' lang='lat' dir='ltr'>inde,</span> <span class='ocrx_word' id='word_1_283' title='bbox 2218 2001 2391 2068; x_wconf 89' lang='lat' dir='ltr'>prester</span> 
     </span>
     <span class='ocr_line' id='line_1_27' title="bbox 372 2067 2388 2134; baseline -0.002 -16"><span class='ocrx_word' id='word_1_284' title='bbox 372 2069 531 2118; x_wconf 81' lang='lat' dir='ltr'>volans</span> <span class='ocrx_word' id='word_1_285' title='bbox 566 2068 631 2117; x_wconf 90' lang='lat' dir='ltr'>est</span> <span class='ocrx_word' id='word_1_286' title='bbox 666 2068 890 2133; x_wconf 86' lang='lat' dir='ltr'>cupiditas</span> <span class='ocrx_word' id='word_1_287' title='bbox 929 2084 1037 2133; x_wconf 87' lang='lat' dir='ltr'>quae</span> <span class='ocrx_word' id='word_1_288' title='bbox 1059 2068 1123 2116; x_wconf 89' lang='lat' dir='ltr'>est</span> <span class='ocrx_word' id='word_1_289' title='bbox 1146 2069 1310 2116; x_wconf 90' lang='lat' dir='ltr'>amoris</span> <span class='ocrx_word' id='word_1_290' title='bbox 1333 2067 1411 2115; x_wconf 89' lang='lat' dir='ltr'>sui.</span> <span class='ocrx_word' id='word_1_291' title='bbox 1482 2067 1548 2116; x_wconf 88' lang='lat' dir='ltr'>Et</span> <span class='ocrx_word' id='word_1_292' title='bbox 1570 2068 1694 2132; x_wconf 89' lang='lat' dir='ltr'>apud</span> <span class='ocrx_word' id='word_1_293' title='bbox 1717 2068 1919 2116; x_wconf 87' lang='lat' dir='ltr'>eundem</span> <span class='ocrx_word' id='word_1_294' title='bbox 1942 2069 2210 2134; x_wconf 85' lang='lat' dir='ltr'>prophetam</span> <span class='ocrx_word' id='word_1_295' title='bbox 2234 2069 2294 2117; x_wconf 91' lang='lat' dir='ltr'>de</span> <span class='ocrx_word' id='word_1_296' title='bbox 2317 2068 2388 2115; x_wconf 86' lang='lat' dir='ltr'>iis-</span> 
     </span>
     <span class='ocr_line' id='line_1_28' title="bbox 371 2133 2389 2198; baseline -0.001 -13"><span class='ocrx_word' id='word_1_297' title='bbox 371 2136 481 2185; x_wconf 90' lang='lat' dir='ltr'>dem</span> <span class='ocrx_word' id='word_1_298' title='bbox 521 2135 649 2184; x_wconf 83' lang='lat' dir='ltr'>aliter</span> <span class='ocrx_word' id='word_1_299' title='bbox 683 2137 761 2193; x_wconf 90' lang='lat' dir='ltr'>ita,</span> <span class='ocrx_word' id='word_1_300' title='bbox 804 2140 839 2163; x_wconf 89' lang='lat'><strong>“</strong></span> <span class='ocrx_word' id='word_1_301' title='bbox 871 2135 980 2183; x_wconf 85' lang='lat' dir='ltr'>Ova</span> <span class='ocrx_word' id='word_1_302' title='bbox 998 2135 1158 2198; x_wconf 79' lang='lat' dir='ltr'>Reguli</span> <span class='ocrx_word' id='word_1_303' title='bbox 1189 2133 1448 2192; x_wconf 81' lang='lat' dir='ltr'>excludent,</span> <span class='ocrx_word' id='word_1_304' title='bbox 1498 2135 1549 2183; x_wconf 75' lang='grc' dir='ltr'>δε</span> <span class='ocrx_word' id='word_1_305' title='bbox 1573 2134 1698 2182; x_wconf 77' lang='lat' dir='ltr'>,telas</span> <span class='ocrx_word' id='word_1_306' title='bbox 1730 2151 1904 2183; x_wconf 87' lang='lat' dir='ltr'>araneae</span> <span class='ocrx_word' id='word_1_307' title='bbox 1935 2148 2122 2192; x_wconf 85' lang='lat' dir='ltr'>texent;</span> <span class='ocrx_word' id='word_1_308' title='bbox 2159 2135 2295 2184; x_wconf 89' lang='lat' dir='ltr'>edens</span> <span class='ocrx_word' id='word_1_309' title='bbox 2329 2135 2389 2182; x_wconf 85' lang='lat' dir='ltr'>de</span> 
     </span>
     <span class='ocr_line' id='line_1_29' title="bbox 375 2196 2389 2266; baseline -0.002 -15"><span class='ocrx_word' id='word_1_310' title='bbox 375 2209 410 2230; x_wconf 91' lang='lat'><strong>“</strong></span> <span class='ocrx_word' id='word_1_311' title='bbox 444 2196 544 2251; x_wconf 81' lang='lat' dir='ltr'>ovis</span> <span class='ocrx_word' id='word_1_312' title='bbox 568 2218 729 2250; x_wconf 88' lang='lat' dir='ltr'>eorum</span> <span class='ocrx_word' id='word_1_313' title='bbox 750 2202 961 2259; x_wconf 88' lang='lat' dir='ltr'>moritur,</span> <span class='ocrx_word' id='word_1_314' title='bbox 995 2202 1046 2250; x_wconf 75' lang='grc' dir='ltr'>δε</span> <span class='ocrx_word' id='word_1_315' title='bbox 1070 2217 1181 2249; x_wconf 89' lang='lat' dir='ltr'>cum</span> <span class='ocrx_word' id='word_1_316' title='bbox 1220 2202 1509 2265; x_wconf 85' lang='lat' dir='ltr'>exprimitur,</span> <span class='ocrx_word' id='word_1_317' title='bbox 1543 2200 1806 2266; x_wconf 74' lang='lat' dir='ltr'>excluditur</span> <span class='ocrx_word' id='word_1_318' title='bbox 1823 2203 2035 2265; x_wconf 87' lang='lat' dir='ltr'>Vipera‚&#39;’</span> <span class='ocrx_word' id='word_1_319' title='bbox 2059 2218 2177 2250; x_wconf 73' lang='lat' dir='ltr'>mx:</span> <span class='ocrx_word' id='word_1_320' title='bbox 2204 2219 2249 2265; x_wconf 88' lang='lat'>5.</span> <span class='ocrx_word' id='word_1_321' title='bbox 2288 2203 2389 2248; x_wconf 89' lang='lat' dir='ltr'>Ser·</span> 
     </span>
     <span class='ocr_line' id='line_1_30' title="bbox 374 2265 2385 2335; baseline -0.001 -18"><span class='ocrx_word' id='word_1_322' title='bbox 374 2285 485 2332; x_wconf 88' lang='lat' dir='ltr'>pens</span> <span class='ocrx_word' id='word_1_323' title='bbox 508 2267 581 2318; x_wconf 83' lang='lat' dir='ltr'>hic</span> <span class='ocrx_word' id='word_1_324' title='bbox 605 2269 652 2316; x_wconf 94' lang='lat' dir='ltr'>in</span> <span class='ocrx_word' id='word_1_325' title='bbox 675 2268 954 2333; x_wconf 72' lang='lat' dir='ltr'>Apooelypfi</span> <span class='ocrx_word' id='word_1_326' title='bbox 977 2280 1168 2316; x_wconf 86' lang='lat' dir='ltr'>vocatur</span> <span class='ocrx_word' id='word_1_327' title='bbox 1202 2267 1331 2316; x_wconf 85' lang='lat' dir='ltr'>draco</span> <span class='ocrx_word' id='word_1_328' title='bbox 1370 2265 1498 2314; x_wconf 91' lang='lat' dir='ltr'>rufus</span> <span class='ocrx_word' id='word_1_329' title='bbox 1537 2269 1587 2315; x_wconf 77' lang='grc' dir='ltr'>δι</span> <span class='ocrx_word' id='word_1_330' title='bbox 1625 2272 1839 2335; x_wconf 75' lang='lat' dir='ltr'>magnus,</span> <span class='ocrx_word' id='word_1_331' title='bbox 1889 2268 1941 2316; x_wconf 86' lang='lat'>&amp;</span> <span class='ocrx_word' id='word_1_332' title='bbox 1963 2270 2135 2333; x_wconf 83' lang='lat' dir='ltr'>serpens</span> <span class='ocrx_word' id='word_1_333' title='bbox 2170 2269 2385 2332; x_wconf 82' lang='lat' dir='ltr'>antiquus,</span> 
     </span>
     <span class='ocr_line' id='line_1_31' title="bbox 373 2333 2383 2400; baseline -0.001 -18"><span class='ocrx_word' id='word_1_334' title='bbox 373 2347 478 2383; x_wconf 90' lang='lat' dir='ltr'>tum</span> <span class='ocrx_word' id='word_1_335' title='bbox 501 2334 707 2383; x_wconf 89' lang='lat' dir='ltr'>diabolus</span> <span class='ocrx_word' id='word_1_336' title='bbox 728 2335 780 2382; x_wconf 85' lang='lat'>&amp;</span> <span class='ocrx_word' id='word_1_337' title='bbox 803 2333 984 2392; x_wconf 87' lang='lat' dir='ltr'>satanas,</span> <span class='ocrx_word' id='word_1_338' title='bbox 1019 2335 1101 2398; x_wconf 90' lang='lat' dir='ltr'>qui</span> <span class='ocrx_word' id='word_1_339' title='bbox 1141 2333 1312 2382; x_wconf 90' lang='lat' dir='ltr'>seducit</span> <span class='ocrx_word' id='word_1_340' title='bbox 1334 2333 1493 2382; x_wconf 86' lang='lat' dir='ltr'>orbem</span> <span class='ocrx_word' id='word_1_341' title='bbox 1517 2346 1736 2382; x_wconf 83' lang='lat' dir='ltr'>terrarum</span> <span class='ocrx_word' id='word_1_342' title='bbox 1760 2347 1931 2391; x_wconf 89' lang='lat' dir='ltr'>totum,</span> <span class='ocrx_word' id='word_1_343' title='bbox 1956 2350 2028 2382; x_wconf 82' lang='lat' dir='ltr'>x11</span> <span class='ocrx_word' id='word_1_344' title='bbox 2053 2353 2064 2382; x_wconf 72' lang='grc' dir='ltr'>ε</span> <span class='ocrx_word' id='word_1_345' title='bbox 2093 2353 2138 2398; x_wconf 83' lang='lat'>3,</span> <span class='ocrx_word' id='word_1_346' title='bbox 2164 2353 2209 2400; x_wconf 89' lang='lat'>9.</span> <span class='ocrx_word' id='word_1_347' title='bbox 2251 2335 2352 2398; x_wconf 89' lang='lat' dir='ltr'>Cap</span> <span class='ocrx_word' id='word_1_348' title='bbox 2372 2352 2383 2381; x_wconf 92' lang='lat'>:</span> 
     </span>
     <span class='ocr_line' id='line_1_32' title="bbox 374 2399 2389 2465; baseline -0.001 -17"><span class='ocrx_word' id='word_1_349' title='bbox 374 2417 463 2449; x_wconf 85' lang='lat' dir='ltr'>xx:</span> <span class='ocrx_word' id='word_1_350' title='bbox 504 2418 548 2451; x_wconf 93' lang='grc'>2.</span> <span class='ocrx_word' id='word_1_351' title='bbox 610 2401 686 2448; x_wconf 88' lang='lat' dir='ltr'>hic</span> <span class='ocrx_word' id='word_1_352' title='bbox 736 2401 787 2448; x_wconf 77' lang='grc' dir='ltr'>δε</span> <span class='ocrx_word' id='word_1_353' title='bbox 836 2400 941 2448; x_wconf 91' lang='lat' dir='ltr'>alibi</span> <span class='ocrx_word' id='word_1_354' title='bbox 977 2417 1058 2465; x_wconf 88' lang='lat' dir='ltr'>per</span> <span class='ocrx_word' id='word_1_355' title='bbox 1107 2400 1342 2449; x_wconf 85' lang='lat' dir='ltr'>diabolum</span> <span class='ocrx_word' id='word_1_356' title='bbox 1392 2399 1612 2463; x_wconf 89' lang='lat' dir='ltr'>nusquam</span> <span class='ocrx_word' id='word_1_357' title='bbox 1659 2399 1929 2464; x_wconf 89' lang='lat' dir='ltr'>intelligitur</span> <span class='ocrx_word' id='word_1_358' title='bbox 1979 2400 2138 2464; x_wconf 84' lang='lat' dir='ltr'>aliquis</span> <span class='ocrx_word' id='word_1_359' title='bbox 2183 2399 2389 2448; x_wconf 84' lang='lat' dir='ltr'>diabolus</span> 
     </span>
     <span class='ocr_line' id='line_1_33' title="bbox 376 2465 2387 2532; baseline -0 -18"><span class='ocrx_word' id='word_1_360' title='bbox 376 2479 429 2514; x_wconf 89' lang='lat' dir='ltr'>ut</span> <span class='ocrx_word' id='word_1_361' title='bbox 474 2468 685 2531; x_wconf 88' lang='lat' dir='ltr'>princeps</span> <span class='ocrx_word' id='word_1_362' title='bbox 730 2467 940 2525; x_wconf 85' lang='lat' dir='ltr'>aliorum,</span> <span class='ocrx_word' id='word_1_363' title='bbox 1015 2466 1091 2514; x_wconf 89' lang='lat' dir='ltr'>sed</span> <span class='ocrx_word' id='word_1_364' title='bbox 1147 2469 1297 2515; x_wconf 83' lang='lat' dir='ltr'>omnis</span> <span class='ocrx_word' id='word_1_365' title='bbox 1355 2465 1489 2514; x_wconf 90' lang='lat' dir='ltr'>turba</span> <span class='ocrx_word' id='word_1_366' title='bbox 1537 2466 1765 2515; x_wconf 90' lang='lat' dir='ltr'>malorum</span> <span class='ocrx_word' id='word_1_367' title='bbox 1822 2466 2080 2532; x_wconf 87' lang='lat' dir='ltr'>spirituum,</span> <span class='ocrx_word' id='word_1_368' title='bbox 2146 2465 2387 2532; x_wconf 86' lang='lat' dir='ltr'>ipsumque</span> 
     </span>
    </p>
   </div>
   <div class='ocr_carea' id='block_1_3' title="bbox 268 2533 564 2582">
    <p class='ocr_par' dir='ltr' id='par_1_3' title="bbox 268 2533 564 2582">
     <span class='ocr_line' id='line_1_34' title="bbox 268 2533 564 2582; baseline 0 0"><span class='ocrx_word' id='word_1_369' title='bbox 268 2536 280 2547; x_wconf 74' lang='grc'><em>“</em></span> <span class='ocrx_word' id='word_1_370' title='bbox 375 2533 564 2582; x_wconf 85' lang='lat' dir='ltr'>malum.</span> 
     </span>
    </p>
   </div>
   <div class='ocr_carea' id='block_1_4' title="bbox 309 2596 2385 3261">
    <p class='ocr_par' dir='ltr' id='par_1_4' title="bbox 309 2596 2385 3193">
     <span class='ocr_line' id='line_1_35' title="bbox 445 2596 2383 2664; baseline -0.002 -15"><span class='ocrx_word' id='word_1_371' title='bbox 445 2617 555 2663; x_wconf 84' lang='lat'><strong>252.</strong></span> <span class='ocrx_word' id='word_1_372' title='bbox 591 2599 739 2664; x_wconf 80' lang='lat' dir='ltr'>Qod</span> <span class='ocrx_word' id='word_1_373' title='bbox 777 2616 859 2664; x_wconf 86' lang='lat' dir='ltr'>per</span> <span class='ocrx_word' id='word_1_374' title='bbox 879 2599 1128 2648; x_wconf 87' lang='lat' dir='ltr'>Mulierem</span> <span class='ocrx_word' id='word_1_375' title='bbox 1150 2596 1444 2664; x_wconf 57' lang='lat' dir='ltr'>&#39;intelligatur</span> <span class='ocrx_word' id='word_1_376' title='bbox 1476 2599 1676 2656; x_wconf 86' lang='lat' dir='ltr'>Eccefia,</span> <span class='ocrx_word' id='word_1_377' title='bbox 1726 2616 1784 2647; x_wconf 86' lang='lat' dir='ltr'>ex</span> <span class='ocrx_word' id='word_1_378' title='bbox 1806 2597 2040 2664; x_wconf 85' lang='lat' dir='ltr'>Conjugio</span> <span class='ocrx_word' id='word_1_379' title='bbox 2080 2598 2251 2647; x_wconf 87' lang='lat' dir='ltr'>coelesti</span> <span class='ocrx_word' id='word_1_380' title='bbox 2274 2615 2383 2646; x_wconf 87' lang='lat' dir='ltr'>con-</span> 
     </span>
     <span class='ocr_line' id='line_1_36' title="bbox 374 2663 2384 2730; baseline -0 -16"><span class='ocrx_word' id='word_1_381' title='bbox 374 2666 484 2714; x_wconf 89' lang='lat' dir='ltr'>stare</span> <span class='ocrx_word' id='word_1_382' title='bbox 506 2665 669 2730; x_wconf 85' lang='lat' dir='ltr'>potest,</span> <span class='ocrx_word' id='word_1_383' title='bbox 705 2666 763 2713; x_wconf 91' lang='lat' dir='ltr'>de</span> <span class='ocrx_word' id='word_1_384' title='bbox 785 2682 880 2730; x_wconf 90' lang='lat' dir='ltr'>quo</span> <span class='ocrx_word' id='word_1_385' title='bbox 912 2665 1059 2730; x_wconf 91' lang='lat' dir='ltr'>supra,</span> <span class='ocrx_word' id='word_1_386' title='bbox 1110 2682 1173 2713; x_wconf 83' lang='lat' dir='ltr'>n:</span> <span class='ocrx_word' id='word_1_387' title='bbox 1206 2684 1311 2729; x_wconf 85' lang='lat'><strong><em>155.</em></strong></span> <span class='ocrx_word' id='word_1_388' title='bbox 1363 2663 1651 2729; x_wconf 85' lang='lat' dir='ltr'>Conjugium</span> <span class='ocrx_word' id='word_1_389' title='bbox 1674 2665 1854 2714; x_wconf 84' lang='lat' dir='ltr'>coeleste</span> <span class='ocrx_word' id='word_1_390' title='bbox 1877 2666 1962 2713; x_wconf 90' lang='lat' dir='ltr'>tale</span> <span class='ocrx_word' id='word_1_391' title='bbox 1985 2665 2065 2722; x_wconf 91' lang='lat' dir='ltr'>est,</span> <span class='ocrx_word' id='word_1_392' title='bbox 2100 2678 2154 2712; x_wconf 91' lang='lat' dir='ltr'>ut</span> <span class='ocrx_word' id='word_1_393' title='bbox 2175 2666 2384 2728; x_wconf 87' lang='lat' dir='ltr'>Coelum,</span> 
     </span>
     <span class='ocr_line' id='line_1_37' title="bbox 374 2732 2383 2797; baseline 0 -18"><span class='ocrx_word' id='word_1_394' title='bbox 374 2734 436 2780; x_wconf 89' lang='lat' dir='ltr'>ita</span> <span class='ocrx_word' id='word_1_395' title='bbox 457 2732 671 2789; x_wconf 85' lang='lat' dir='ltr'>Ecclefia,</span> <span class='ocrx_word' id='word_1_396' title='bbox 704 2733 885 2780; x_wconf 88' lang='lat' dir='ltr'>uniatur</span> <span class='ocrx_word' id='word_1_397' title='bbox 910 2733 1115 2784; x_wconf 83' lang='lat' dir='ltr'>Domino</span> <span class='ocrx_word' id='word_1_398' title='bbox 1137 2748 1219 2796; x_wconf 90' lang='lat' dir='ltr'>per</span> <span class='ocrx_word' id='word_1_399' title='bbox 1240 2732 1508 2796; x_wconf 81' lang='lat' dir='ltr'>Proprium,</span> <span class='ocrx_word' id='word_1_400' title='bbox 1539 2732 1653 2779; x_wconf 89' lang='lat' dir='ltr'>adeo</span> <span class='ocrx_word' id='word_1_401' title='bbox 1675 2744 1728 2779; x_wconf 93' lang='lat' dir='ltr'>ut</span> <span class='ocrx_word' id='word_1_402' title='bbox 1763 2732 1817 2779; x_wconf 88' lang='lat' dir='ltr'>fit</span> <span class='ocrx_word' id='word_1_403' title='bbox 1846 2733 1895 2779; x_wconf 87' lang='lat' dir='ltr'>in</span> <span class='ocrx_word' id='word_1_404' title='bbox 1918 2733 2123 2797; x_wconf 89' lang='lat' dir='ltr'>proprio,</span> <span class='ocrx_word' id='word_1_405' title='bbox 2158 2747 2264 2779; x_wconf 88' lang='lat' dir='ltr'>nam</span> <span class='ocrx_word' id='word_1_406' title='bbox 2287 2732 2371 2779; x_wconf 90' lang='lat' dir='ltr'>abs</span> <span class='ocrx_word' id='word_1_407' title='bbox 2367 2766 2383 2774; x_wconf 86' lang='lat'>-</span> 
     </span>
     <span class='ocr_line' id='line_1_38' title="bbox 375 2797 2383 2863; baseline -0 -17"><span class='ocrx_word' id='word_1_408' title='bbox 375 2814 465 2863; x_wconf 86' lang='lat' dir='ltr'>que</span> <span class='ocrx_word' id='word_1_409' title='bbox 493 2800 680 2863; x_wconf 85' lang='lat' dir='ltr'>proprio</span> <span class='ocrx_word' id='word_1_410' title='bbox 701 2798 796 2849; x_wconf 76' lang='lat' dir='ltr'>non</span> <span class='ocrx_word' id='word_1_411' title='bbox 816 2797 949 2851; x_wconf 81' lang='lat' dir='ltr'>datur</span> <span class='ocrx_word' id='word_1_412' title='bbox 971 2799 1097 2855; x_wconf 91' lang='lat' dir='ltr'>unio,</span> <span class='ocrx_word' id='word_1_413' title='bbox 1133 2799 1181 2845; x_wconf 89' lang='lat' dir='ltr'>in</span> <span class='ocrx_word' id='word_1_414' title='bbox 1212 2797 1340 2861; x_wconf 91' lang='lat' dir='ltr'>quod</span> <span class='ocrx_word' id='word_1_415' title='bbox 1380 2799 1622 2862; x_wconf 87' lang='lat' dir='ltr'>proprium</span> <span class='ocrx_word' id='word_1_416' title='bbox 1654 2813 1765 2844; x_wconf 90' lang='lat' dir='ltr'>cum</span> <span class='ocrx_word' id='word_1_417' title='bbox 1794 2798 2022 2845; x_wconf 88' lang='lat' dir='ltr'>Dominus</span> <span class='ocrx_word' id='word_1_418' title='bbox 2043 2814 2101 2845; x_wconf 86' lang='lat' dir='ltr'>ex</span> <span class='ocrx_word' id='word_1_419' title='bbox 2124 2798 2383 2846; x_wconf 86' lang='lat' dir='ltr'>Misericor-</span> 
     </span>
     <span class='ocr_line' id='line_1_39' title="bbox 377 2862 2385 2929; baseline 0 -18"><span class='ocrx_word' id='word_1_420' title='bbox 377 2864 451 2911; x_wconf 90' lang='lat' dir='ltr'>dia</span> <span class='ocrx_word' id='word_1_421' title='bbox 478 2865 670 2912; x_wconf 80' lang='lat' dir='ltr'>insinuat</span> <span class='ocrx_word' id='word_1_422' title='bbox 691 2865 1022 2920; x_wconf 84' lang='lat' dir='ltr'>Innocentiam,</span> <span class='ocrx_word' id='word_1_423' title='bbox 1056 2865 1242 2921; x_wconf 88' lang='lat' dir='ltr'>Pacem,</span> <span class='ocrx_word' id='word_1_424' title='bbox 1278 2865 1480 2919; x_wconf 89' lang='lat' dir='ltr'>Bonum,</span> <span class='ocrx_word' id='word_1_425' title='bbox 1515 2875 1625 2910; x_wconf 91' lang='lat' dir='ltr'>tunc</span> <span class='ocrx_word' id='word_1_426' title='bbox 1657 2876 1838 2927; x_wconf 82' lang='lat' dir='ltr'>apparet</span> <span class='ocrx_word' id='word_1_427' title='bbox 1877 2862 2016 2927; x_wconf 89' lang='lat' dir='ltr'>usque</span> <span class='ocrx_word' id='word_1_428' title='bbox 2054 2876 2107 2911; x_wconf 88' lang='lat' dir='ltr'>ut</span> <span class='ocrx_word' id='word_1_429' title='bbox 2142 2867 2385 2929; x_wconf 85' lang='lat' dir='ltr'>proprium</span> 
     </span>
     <span class='ocr_line' id='line_1_40' title="bbox 381 2929 2383 2995; baseline 0.001 -18"><span class='ocrx_word' id='word_1_430' title='bbox 381 2929 452 2978; x_wconf 90' lang='lat' dir='ltr'>sed</span> <span class='ocrx_word' id='word_1_431' title='bbox 495 2930 675 2978; x_wconf 87' lang='lat' dir='ltr'>coeleste</span> <span class='ocrx_word' id='word_1_432' title='bbox 706 2931 757 2979; x_wconf 76' lang='grc' dir='ltr'>ὅτ</span> <span class='ocrx_word' id='word_1_433' title='bbox 804 2929 1128 2987; x_wconf 84' lang='lat' dir='ltr'>feliciffimum,</span> <span class='ocrx_word' id='word_1_434' title='bbox 1161 2943 1215 2977; x_wconf 89' lang='lat' dir='ltr'>ut</span> <span class='ocrx_word' id='word_1_435' title='bbox 1235 2930 1392 2977; x_wconf 81' lang='lat' dir='ltr'>videas</span> <span class='ocrx_word' id='word_1_436' title='bbox 1427 2930 1551 2994; x_wconf 85' lang='lat' dir='ltr'>prius</span> <span class='ocrx_word' id='word_1_437' title='bbox 1585 2946 1642 2976; x_wconf 90' lang='lat' dir='ltr'>n:</span> <span class='ocrx_word' id='word_1_438' title='bbox 1675 2931 1779 2990; x_wconf 90' lang='lat'>164.</span> <span class='ocrx_word' id='word_1_439' title='bbox 1852 2929 1942 2977; x_wconf 87' lang='lat' dir='ltr'>Sed</span> <span class='ocrx_word' id='word_1_440' title='bbox 2014 2930 2111 2977; x_wconf 84' lang='lat' dir='ltr'>uale</span> <span class='ocrx_word' id='word_1_441' title='bbox 2144 2930 2383 2995; x_wconf 77' lang='lat' dir='ltr'>proprium</span> 
     </span>
     <span class='ocr_line' id='line_1_41' title="bbox 378 2947 2381 3061; baseline 0.001 -18"><span class='ocrx_word' id='word_1_442' title='bbox 378 2995 557 3044; x_wconf 85' lang='lat' dir='ltr'>coeleste</span> <span class='ocrx_word' id='word_1_443' title='bbox 577 2997 628 3044; x_wconf 77' lang='grc' dir='ltr'>ὅτ</span> <span class='ocrx_word' id='word_1_444' title='bbox 650 2997 924 3061; x_wconf 87' lang='lat' dir='ltr'>angelicum,</span> <span class='ocrx_word' id='word_1_445' title='bbox 960 2996 1087 3061; x_wconf 89' lang='lat' dir='ltr'>quod</span> <span class='ocrx_word' id='word_1_446' title='bbox 1111 3012 1136 3044; x_wconf 89' lang='lat' dir='ltr'>a</span> <span class='ocrx_word' id='word_1_447' title='bbox 1156 2997 1399 3052; x_wconf 87' lang='lat' dir='ltr'>Domin0;</span> <span class='ocrx_word' id='word_1_448' title='bbox 1433 2997 1484 3044; x_wconf 77' lang='grc' dir='ltr'>δε</span> <span class='ocrx_word' id='word_1_449' title='bbox 1501 2995 1631 3059; x_wconf 86' lang='lat' dir='ltr'>quale</span> <span class='ocrx_word' id='word_1_450' title='bbox 1654 2997 1896 3060; x_wconf 77' lang='lat' dir='ltr'>proprium</span> <span class='ocrx_word' id='word_1_451' title='bbox 1921 2947 2131 3058; x_wconf 42' lang='lat' dir='ltr'>hiemale</span> <span class='ocrx_word' id='word_1_452' title='bbox 2154 2998 2204 3044; x_wconf 73' lang='grc' dir='ltr'>δε</span> <span class='ocrx_word' id='word_1_453' title='bbox 2230 2997 2381 3049; x_wconf 85' lang='lat' dir='ltr'>diabo-</span> 
     </span>
     <span class='ocr_line' id='line_1_42' title="bbox 379 3061 2384 3129; baseline 0.003 -22"><span class='ocrx_word' id='word_1_454' title='bbox 379 3061 540 3117; x_wconf 88' lang='lat' dir='ltr'>licum,</span> <span class='ocrx_word' id='word_1_455' title='bbox 573 3063 699 3125; x_wconf 84' lang='lat' dir='ltr'>quod</span> <span class='ocrx_word' id='word_1_456' title='bbox 747 3078 774 3110; x_wconf 88' lang='lat' dir='ltr'>a</span> <span class='ocrx_word' id='word_1_457' title='bbox 809 3062 964 3121; x_wconf 84' lang='lat' dir='ltr'>semet,</span> <span class='ocrx_word' id='word_1_458' title='bbox 999 3062 1208 3128; x_wconf 69' lang='lat' dir='ltr'>nondum</span> <span class='ocrx_word' id='word_1_459' title='bbox 1250 3061 1342 3112; x_wconf 90' lang='lat' dir='ltr'>dici</span> <span class='ocrx_word' id='word_1_460' title='bbox 1371 3061 1553 3129; x_wconf 72' lang='lat' dir='ltr'>potest,</span> <span class='ocrx_word' id='word_1_461' title='bbox 1587 3061 1687 3109; x_wconf 83' lang='lat' dir='ltr'>talis</span> <span class='ocrx_word' id='word_1_462' title='bbox 1717 3061 1779 3111; x_wconf 87' lang='lat' dir='ltr'>est</span> <span class='ocrx_word' id='word_1_463' title='bbox 1804 3061 2069 3120; x_wconf 87' lang='lat' dir='ltr'>differentia,</span> <span class='ocrx_word' id='word_1_464' title='bbox 2104 3064 2246 3127; x_wconf 75' lang='lat' dir='ltr'>qualis</span> <span class='ocrx_word' id='word_1_465' title='bbox 2270 3065 2384 3115; x_wconf 82' lang='lat' dir='ltr'>inter</span> 
     </span>
     <span class='ocr_line' id='line_1_43' title="bbox 309 3126 2305 3193; baseline 0.002 -18"><span class='ocrx_word' id='word_1_466' title='bbox 309 3130 311 3132; x_wconf 77' lang='grc'><strong>’</strong></span> <span class='ocrx_word' id='word_1_467' title='bbox 380 3126 569 3175; x_wconf 81' lang='lat' dir='ltr'>Coelu&#39;m</span> <span class='ocrx_word' id='word_1_468' title='bbox 593 3127 642 3178; x_wconf 72' lang='grc' dir='ltr'>δι’</span> <span class='ocrx_word' id='word_1_469' title='bbox 675 3126 917 3178; x_wconf 77' lang='lat' dir='ltr'>infernum.</span> <span class='ocrx_word' id='word_1_470' title='bbox 1180 3163 1184 3169; x_wconf 79' lang='grc'><strong>-</strong></span> <span class='ocrx_word' id='word_1_471' title='bbox 2298 3189 2305 3193; x_wconf 87' lang='lat'>.</span> 
     </span>
    </p>

    <p class='ocr_par' dir='ltr' id='par_1_5' title="bbox 535 3191 2381 3261">
     <span class='ocr_line' id='line_1_44' title="bbox 535 3191 2381 3261; baseline 0.001 -20"><span class='ocrx_word' id='word_1_472' title='bbox 535 3191 540 3196; x_wconf 75' lang='grc'><em>’</em></span> <span class='ocrx_word' id='word_1_473' title='bbox 1467 3196 1513 3242; x_wconf 89' lang='lat' dir='ltr'>K</span> <span class='ocrx_word' id='word_1_474' title='bbox 1551 3211 1575 3241; x_wconf 85' lang='lat'>2</span> <span class='ocrx_word' id='word_1_475' title='bbox 1939 3195 1942 3198; x_wconf 64' lang='grc'><strong>“</strong></span> <span class='ocrx_word' id='word_1_476' title='bbox 1983 3257 1989 3260; x_wconf 16' lang='grc' dir='ltr'><strong>ῃ</strong></span> <span class='ocrx_word' id='word_1_477' title='bbox 2275 3214 2381 3261; x_wconf 78' lang='lat'>253,</span> 
     </span>
    </p>
   </div>
  </div>
 </body>
</html>
