2788 3736
400 254 535 339 564
708 214 720 219 ⁴
882 245 946 310 G
1036 241 1279 307 ΕΝ
1361 239 1570 307 Es
1659 242 1858 313 18.

394 385 514 437 bona
535 382 585 431 &
610 398 730 438 vera,
767 395 823 427 ex
847 378 1012 442 quibus
1035 388 1314 442 pugnatum,
1352 393 1445 426 non
1478 375 1618 425 effent
1651 372 1771 424 bona
1807 377 1859 426 ὅτ
1881 391 1986 427 vera
2009 379 2091 430 nist
2129 393 2411 448 apparenter,

397 452 448 499 ὅτ
472 449 596 513 quod
622 449 696 495 illa
729 447 1054 508 occupaverint
1094 457 1249 492 totum
1288 445 1548 492 Externum
1581 443 1845 491 Hominem
1888 460 1968 508 per
2000 446 2211 498 Lothum
2257 453 2408 500 filium

398 514 541 562 fratris
567 513 887 576 significatum,
924 524 1034 559 ωηο
1074 511 1267 559 Interior
1289 511 1474 566 Hom0‚
1511 509 1584 556 seu
1616 510 1823 557 Internus
1860 511 2061 560 Divinus
2101 519 2407 578 perpInterio—

401 598 495 628 rem
522 580 778 627 Hominem
804 578 1064 642 purificavit
1087 577 1194 633 illa·,
1230 577 1317 624 hoc
1341 576 1582 640 quomodo
1620 575 1691 633 fit,
1725 575 1948 641 nusquam
1989 578 2149 643 aliquis
2195 582 2300 631 scire
2323 602 2408 650 po-

402 647 499 702 test,
537 644 615 692 nili
641 647 713 693 cui
752 644 1005 692 revelatum
1045 643 1123 701 est,
1161 644 1356 690 influxus
1393 644 1518 691 enim
1563 642 1734 690 Interni
1759 644 1981 691 Hominis
2020 656 2103 709 per
2142 647 2411 700 Interiorem

402 714 474 759 seu
494 712 708 759 Medium
734 713 779 758 in
803 711 1079 775 Externum,
1114 709 1180 758 est
1202 726 1433 768 arcanum,
1468 710 1738 773 cumprimis
1779 709 1867 757 hoc
1903 721 2125 774 tempore,
2164 728 2271 762 cum
2296 733 2409 780 pau-

403 780 462 838 ci,
498 778 530 824 fi
556 777 652 833 ulli,
689 789 858 825 norunt
891 776 1007 841 quid
1024 777 1217 824 Interior
1240 777 1423 834 Homo,
1460 776 1611 823 minus
1651 775 1767 839 quid
1789 777 2029 834 Internus;
2065 779 2178 842 quid
2202 781 2411 831 Internus

403 844 848 901 &InteriorHomo,
873 843 980 890 vide
1011 859 1121 889 mox
1154 842 1283 906 supra
1315 843 1372 905 ad
1409 842 1539 890 vers:
1577 858 1665 904 133
1700 840 1776 890 sed
1807 843 1881 890 hic
1913 843 2059 906 qualis
2098 846 2298 896 influxus
2337 850 2409 908 fit,

405 912 557 974 paucis
582 910 756 957 dicetur
776 931 790 965 ;
827 910 1031 957 Internus
1056 910 1224 957 Homo
1256 908 1380 972 apud
1403 909 1762 972 unumquemvis
1785 896 2022 957 hominem
2058 911 2121 958 est
2143 911 2278 962 solius
2307 917 2410 964 Do·

409 978 539 1032 mini,
577 992 682 1023 nam
707 975 768 1022 ibi
791 976 994 1023 recondit
1016 976 1247 1023 Dominus
1271 975 1390 1022 bona
1408 975 1458 1022 ὅτ
1482 991 1602 1031 vera,
1639 974 1805 1038 quibus
1828 975 1969 1023 donat
1991 976 2227 1026 hominem
2263 979 2319 1028 ab
2339 983 2410 1030 in-

407 1039 559 1099 fantia,
597 1042 702 1089 inde
724 1057 806 1106 per
830 1041 905 1089 illa
922 1042 1072 1088 influit
1104 1043 1150 1089 in
1167 1042 1432 1090 Interiorem
1463 1040 1537 1089 seu
1559 1041 1865 1099 Rationalem,
1901 1042 1951 1089 ὅτ
1981 1058 2063 1106 per
2094 1043 2215 1093 hunc
2240 1047 2288 1093 in
2310 1047 2409 1095 Ex-

409 1110 637 1165 teriorem,
663 1108 721 1155 fic
754 1107 885 1155 datur
917 1109 1118 1155 Homini
1158 1109 1373 1171 cogitare,
1411 1108 1460 1154 ὅτ
1484 1107 1567 1154 efl‘e
1590 1106 1764 1154 homo:
1799 1106 1875 1154 sed
1912 1109 2112 1158 influxus
2148 1110 2204 1159 ab
2227 1112 2412 1162 Interno

409 1175 619 1228 Homine
637 1176 683 1221 in
698 1175 958 1220 Interiorem
983 1172 1055 1218 seu
1074 1174 1290 1219 Medium
1314 1174 1363 1221 ὅτ
1385 1173 1444 1219 fic
1463 1174 1510 1219 in
1526 1173 1814 1219 Exteriorem
1828 1172 1892 1220 est
1914 1173 2106 1236 duplex,
2123 1177 2194 1224 vel
2208 1195 2293 1241 per
2313 1196 2411 1229 coe.-

411 1239 534 1287 lestia
556 1239 629 1286 vel
652 1255 731 1302 per
755 1237 1012 1300 spiritualia,
1048 1236 1121 1283 seu
1145 1237 1273 1300 quod
1296 1237 1422 1284 idem
1444 1237 1523 1292 est,
1558 1236 1633 1283 vel
1669 1252 1751 1299 per
1791 1237 1910 1285 bona
1943 1240 2018 1286 vel
2056 1258 2137 1305 per
2171 1259 2294 1302 vera,
2329 1262 2412 1309 per

412 1305 606 1352 coelestia
639 1304 712 1351 seu
747 1303 864 1350 bona
896 1304 1046 1350 influit
1069 1301 1216 1350 solum
1243 1303 1367 1367 apud
1406 1303 1613 1349 homines
1653 1315 1955 1365 regeneratos,
1991 1308 2071 1368 qui
2108 1308 2182 1355 vel
2221 1326 2410 1376 percep-

411 1373 547 1428 tione,
584 1370 655 1418 vel
680 1367 947 1417 conscientia
970 1368 1125 1418 donati
1146 1368 1266 1426 sunt,
1302 1370 1363 1416 ita
1391 1384 1473 1432 per
1493 1371 1833 1433 perceptionem
1872 1369 1948 1417 vel
1971 1385 2052 1433 per
2074 1372 2408 1436 conscientiam,

412 1453 549 1501 quare
565 1437 762 1484 influxus
783 1451 865 1499 per
881 1434 1079 1483 coelestia
1094 1451 1187 1483 non
1203 1435 1335 1482 datur
1357 1435 1438 1481 nisi
1453 1434 1575 1498 apud
1598 1450 1674 1482 eos
1697 1437 1779 1498 qui
1793 1437 1840 1482 in
1857 1452 2010 1483 amore
2028 1438 2073 1485 in
2082 1439 2341 1490 Dominum
2358 1443 2409 1492 &

413 1505 462 1551 in
494 1503 702 1550 charitate
733 1517 840 1565 erga
862 1502 1126 1564 proximum
1152 1500 1283 1556 sunt;
1320 1517 1400 1565 per
1431 1499 1673 1564 spiritualia
1704 1512 1855 1548 autem
1879 1514 1957 1548 aut
1979 1518 2099 1560 vera,
2125 1504 2273 1554 influit
2304 1507 2406 1556 Do-

418 1570 570 1618 minus
594 1567 719 1631 apud
743 1570 1101 1631 unumquemvis
1132 1566 1386 1624 hominem,
1422 1568 1503 1629 qui
1547 1567 1744 1614 influxus
1784 1566 1864 1614 nisi
1902 1563 2035 1626 foret,
2081 1586 2173 1618 non
2196 1575 2409 1635 potuiflet

416 1635 558 1683 homo
581 1635 796 1698 cogitare,
832 1635 892 1681 ita
914 1649 996 1680 nec
1018 1633 1181 1696 loqui;
1215 1633 1400 1695 quando
1434 1632 1578 1678 homo
1600 1631 1699 1679 talis
1738 1631 1818 1688 est,
1856 1644 1908 1679 ut
1937 1647 2163 1697 pervertat
2200 1637 2319 1686 bona
2357 1640 2408 1688 ὅτ

417 1716 536 1758 vera,
574 1702 622 1748 ὅτ
647 1715 755 1747 cum
778 1699 890 1746 nihil
913 1711 1038 1746 curat
1060 1698 1258 1746 coelestia
1281 1700 1332 1746 ὅτ
1356 1697 1611 1762 spiritualia,
1646 1709 1756 1746 tunc
1781 1697 1930 1746 nullus
1963 1698 2027 1747 est
2050 1702 2246 1750 influxus
2269 1706 2409 1754 coele-

418 1766 554 1814 stium
578 1765 651 1814 seu
675 1765 920 1823 bonorum,
955 1764 1029 1813 sed
1051 1761 1117 1813 est
1153 1763 1227 1812 via
1271 1781 1356 1829 pro
1379 1761 1635 1813 coelestibus
1673 1765 1722 1813 &
1758 1762 1889 1813 bonis
1912 1762 2073 1824 clausa,
2096 1770 2158 1834 ,ὅτ
2182 1768 2322 1834 usque
2344 1767 2410 1835 est

415 1833 611 1880 influxus
634 1830 931 1897 spiritualium
955 1830 1029 1879 seu
1051 1847 1284 1889 verorum,
1317 1847 1424 1895 quae
1462 1832 1537 1878 via
1571 1830 1782 1879 continue
1821 1842 1973 1896 aperta
2009 1844 2213 1896 tenetur5
2249 1836 2412 1888 exinde

416 1898 618 1947 constare
647 1897 811 1963 potest,
846 1897 990 1962 qualis
1024 1897 1087 1946 est
1110 1899 1300 1946 Interior
1335 1897 1409 1946 seu
1433 1898 1639 1955 Medius,
1689 1897 1776 1946 hoc
1816 1897 1898 1956 est,
1933 1899 2183 1950 Rationalis
2227 1902 2411 1953 Homo.

417 1965 518 2013 Hic
540 1979 622 2028 per
643 1964 1208 2030 Abramumffrgnificatur
1229 1966 1437 2014 Internus
1461 1965 1630 2014 Homo
1670 1965 1719 2012 in
1740 1965 1946 2014 Interiori
1969 1965 2043 2015 seu
2068 1968 2263 2026 Medio3
2299 1985 2410 2019 cum

416 2030 614 2079 coelestia
636 2029 709 2079 seu
733 2030 853 2079 bona
874 2029 930 2078 ab
951 2032 1136 2080 Interno
1152 2033 1363 2080 Homine
1384 2032 1584 2080 influunt
1607 2032 1656 2078 in
1671 2030 1955 2089 Interiorem,
1978 2045 2086 2081 tunc
2101 2035 2307 2084 Internus
2329 2054 2355 2084 a
2390 2065 2410 2074 ·

415 2097 616 2160 propriat
639 2096 719 2158 fibi
741 2097 1007 2146 Interiorem
1031 2098 1104 2146 seu
1127 2098 1352 2156 medium,
1385 2098 1435 2147 &
1459 2097 1592 2146 suum
1615 2094 1737 2155 facit,
1774 2096 1848 2146 sed
1871 2098 2011 2162 usque
2034 2099 2098 2148 est
2120 2102 2312 2150 Interior
2352 2120 2409 2150 eu

417 2163 596 2210 medius
619 2162 761 2211 homo
781 2162 1012 2211 distinctus
1033 2164 1089 2212 ab
1110 2165 1325 2220 Intern03
1376 2164 1580 2212 similiter
1615 2164 1686 2220 fit,
1722 2180 1831 2211 cum
1870 2163 2076 2211 Internus
2118 2168 2286 2214 Homo
2325 2184 2408 2231 per

413 2226 683 2290 Interiorem
715 2228 788 2276 seu
811 2229 1031 2278 Medium
1069 2231 1219 2278 influit
1257 2232 1305 2279 in
1328 2230 1629 2286 Exteriorem,
1663 2241 1773 2275 tunc
1813 2244 1996 2292 quoque
2033 2233 2305 2294 appropriat¹
2327 2233 2413 2281 fibi

418 2292 544 2351 eum,
565 2295 614 2342 ὅτ
642 2293 772 2342 suum
802 2292 926 2353 facit,
962 2295 1034 2343 sed
1058 2297 1197 2360 usque
1220 2297 1284 2344 est
1305 2296 1518 2343 Exterior
1539 2296 1707 2343 Homo
1741 2293 1974 2342 distinctus
1997 2294 2054 2343 ab
2075 2296 2280 2345 Interiori
2299 2317 2310 2346 ε
2348 2300 2411 2347 ita

419 2375 556 2416 nunc,
582 2376 690 2407 cum
713 2362 913 2423 percepit
934 2361 1141 2409 Internus
1177 2363 1223 2408 in
1246 2362 1460 2408 Interiore
1499 2359 1571 2408 seu
1611 2360 1793 2417 Medio,
1829 2361 1957 2423 quod
1995 2360 2093 2409 talis
2132 2362 2268 2411 status
2307 2366 2414 2414 esset

418 2424 609 2473 Externi
631 2426 871 2482 Hominis,
906 2428 1031 2489 quod
1054 2442 1221 2489 nempe
1244 2427 1315 2474 hic
1347 2429 1552 2491 captivus
1592 2425 1750 2483 fastus,
1786 2426 1871 2474 hoc
1910 2427 1989 2485 est,
2040 2429 2166 2492 quod
2205 2429 2320 2477 bona
2355 2431 2409 2480 ὅτ

420 2505 524 2538 vera
545 2508 636 2539 non
661 2492 854 2555 genuina
877 2491 949 2538 sed
973 2494 1228 2556 apparentia
1253 2494 1571 2556 occupaverint
1594 2509 1717 2549 eum,
1753 2509 1777 2540 a
1799 2492 1964 2556 quibus
1987 2506 2145 2542 contra
2172 2507 2241 2542 tot
2264 2496 2410 2545 hostes

420 2559 662 2619 pugnavit,
698 2570 807 2604 tunc
844 2558 1040 2615 influxit,
1076 2559 1126 2606 ὅτ
1150 2559 1303 2606 omnia
1331 2561 1378 2606 in
1397 2559 1605 2607 ordinem
1630 2559 1820 2621 redegit,
1856 2560 1904 2606 &
1942 2559 2149 2607 liberavit
2184 2561 2315 2609 illum
2354 2562 2410 2611 ab

420 2621 507 2668 illis
530 2639 635 2685 quae
659 2622 936 2681 infestarunt,
970 2624 1020 2671 ὅτ
1041 2622 1100 2671 sic
1125 2624 1404 2688 purificavit,
1437 2637 1489 2672 ut
1511 2642 1676 2689 nempe
1699 2641 1791 2672 non
1815 2625 1932 2672 bona
1954 2627 2003 2673 ὅτ
2028 2642 2134 2673 vera
2156 2630 2412 2691 apparentia

419 2687 570 2745 effent,
606 2688 680 2736 sed
709 2689 827 2737 bona
850 2691 899 2736 ὅτ
923 2705 1027 2737 vera
1049 2692 1259 2753 genuina,
1284 2691 1417 2753 &Jfic
1440 2690 1678 2755 conjuncia
1700 2692 1884 2739 Interno
1908 2690 1979 2738 seu
2002 2692 2194 2750 Divino,
2230 2695 2279 2742 &
2302 2694 2408 2751 hoc,

420 2764 472 2798 ut
492 2754 684 2812 dictum,
719 2771 799 2818 per
836 2755 1101 2803 Interiorem
1131 2757 1203 2803 seu
1233 2756 1477 2804 Medium:
1527 2760 1574 2804 in
1610 2757 1691 2804 illo
1728 2758 1958 2804 Dominus
1997 2774 2087 2805 non
2128 2757 2282 2805 similis
2321 2756 2411 2807 fuit

417 2818 549 2864 alicui
573 2820 767 2878 homini,
784 2823 888 2884 quia
897 2821 1087 2869 Interior
1112 2822 1254 2886 Ipfius
1268 2823 1435 2870 Homo
1458 2823 1610 2886 quoad
1631 2822 1827 2872 coelestia
1848 2823 1921 2870 seu
1932 2824 2074 2877 Bona,
2109 2823 2309 2870 Divinus
2332 2822 2406 2872 fu-

417 2884 465 2940 it,
506 2884 554 2929 ὅτ
579 2884 633 2930 ab
657 2885 746 2946 ipsa
770 2888 1007 2935 nativitate
1046 2886 1285 2951 adjunctus
1309 2889 1527 2945 Interno·,
1566 2890 1770 2936 Internus
1808 2904 1917 2935 cum
1952 2887 2039 2933 hoc
2077 2887 2280 2936 Interiori
2319 2888 2409 2938 fuit

417 2948 515 3010 Ipse
533 2949 737 3008 Jehovah
762 2952 898 2998 Pater
916 2952 1092 3015 Ipfius3
1118 2966 1162 3001 at
1193 2955 1240 3001 in
1263 2954 1343 3001 illo
1366 2954 1521 3001 similis
1545 2952 1633 3000 fuit
1661 2954 1755 2999 aliis
1782 2951 2056 3008 hominibus,
2075 2953 2201 3016 quod
2216 2954 2408 3003 Interior

418 3012 562 3077 Ipfius
585 3014 752 3062 Homo
775 3017 925 3077 quoad
947 3017 1184 3079 spiritualia
1200 3019 1271 3065 seu
1295 3036 1415 3074 vera,
1451 3017 1686 3080 adjunEtus
1710 3016 1844 3063 fuerit
1866 3017 2093 3075 Externo,
2127 3020 2177 3066 ὅτ
2213 3019 2272 3067 fic
2296 3021 2408 3068 Hu-

420 3096 580 3127 manus
600 3102 614 3136 3
651 3079 724 3128 sed
747 3081 819 3128 hic
843 3096 1024 3143 quoque
1047 3099 1127 3144 per
1149 3099 1325 3147 pugnas
1346 3085 1645 3144 tentationum
1664 3079 1712 3128 &
1737 3083 1944 3129 victorias
1968 3086 2201 3132 continuas
2218 3101 2276 3133 ex
2299 3084 2406 3150 pro*-

418 3149 515 3209 pria
537 3147 752 3210 potentia,
787 3144 932 3194 &Eius
951 3162 1130 3209 quoque
1145 3150 1363 3205 DivinuS‚
1398 3148 1485 3194 hoc
1509 3147 1587 3203 est,
1616 3147 1834 3208 Jehovah.
1906 3150 2137 3197 Externus
2159 3151 2327 3199 Homo
2344 3150 2410 3199 est

417 3213 497 3274 qui
522 3212 767 3276 appellatur
789 3211 985 3266 Lothus‚
1030 3212 1105 3259 sed
1126 3214 1179 3260 ris
1231 3214 1279 3259 in
1327 3214 1467 3277 priori
1507 3213 1620 3260 statu
1660 3215 1826 3261 dicitur
1870 3215 1987 3262 filius
2027 3214 2186 3273 fratris,
2229 3218 2276 3263 in
2321 3216 2411 3265 hoc

417 3290 568 3326 autem
606 3279 742 3328 frater
777 3279 997 3336 Abrami3
1042 3291 1151 3327 tunc
1203 3280 1326 3346 enim
1378 3279 1525 3329 dietus
1576 3280 1638 3328 est
1675 3281 1795 3330 filius
1849 3278 2005 3330 fratris>
2048 3297 2154 3329 cum
2202 3298 2318 3395 verz
2332 3302 2335 3307 ’
2358 3283 2410 3328 ὅτ

2321 3361 2411 3395 ona
