2788 3736
581 235 955 303 cAPUT
1019 210 1546 298 DECIMUM
1604 207 2154 325 QUI'NTUM.
2257 245 2389 327 603

379 372 653 437 quutionem
676 385 786 417 cum
804 366 1015 432 Interno':
1052 381 1109 413 ex
1137 382 1235 430 quo
1266 363 1559 429 cognoscam,
1593 365 1721 430 quod
1745 364 2024 414 haereditabo
2048 365 2190 425 illam,
2212 367 2391 433 ¹signifi-

379 432 770 493 'cattentationem
793 447 951 482 contra
975 431 1204 482 Amorem
1221 432 1432 489 Domini,
1468 432 1549 495 qui
1571 432 1720 480 voluit
1742 445 1890 480 certus
1914 434 2026 481 fieri.

424 556 426 558 ,
453 496 593 570 1819.
631 504 780 564 Dixit,
816 501 1018 550 Domine
1035 499 1252 563 Jehovih‚
1277 498 1406 563 quod
1437 498 1661 562 significet
1682 500 1911 547 Interioris
1934 499 2133 549 hominis
2157 503 2279 566 quali
2304 506 2398 551 col-

375 568 695 636 loquutionem
721 585 833 631 cum
847 569 1050 625 Interno,
1090 565 1263 629 constat
1282 581 1340 614 ex
1363 565 1468 623 illis,
1504 581 1610 630 quae
1634 566 1680 613 in
1704 582 1827 630 praec
1848 586 1859 615 ε
1903 567 2033 615 versu
2058 569 2179 616 dic'ta
2210 569 2312 618 sunt
2337 574 2394 626 ad

375 639 451 687 illa
474 638 630 696 verba,
667 642 703 664 “
727 636 846 684 dixit
867 630 1081 682 ad'illum
1097 631 1357 696 Jehovah,”
1399 644 1503 679 tum
1525 648 1582 680 ex
1606 631 1694 679 illis
1718 650 1825 696 quae
1849 634 1896 680 in
1919 635 2040 683 vers:
2070 654 2113 684 2.
2158 635 2292 700 hujus
2308 640 2395 685 Ca—

375 707 503 771 pitis,
541 706 599 752 de
624 705 833 752 Domino
854 698 1077 765 Jehovih,
1113 699 1244 765 quod
1270 700 1323 748 fit
1339 699 1568 748 Interioris
1584 699 1814 748 Hominis
1837 700 2093 750 collocutio
2118 718 2227 750 cum
2251 705 2391 753 luten

374 790 458 830 no,
494 772 566 819 seu
583 769 828 834 Jehovah;
865 769 1094 833 imprimis
1118 783 1227 815 cum
1246 766 1342 815 fuit
1362 768 1408 815 in
1432 767 1695 815 tentatione.

449 845 589 890 1820.
625 838 702 887 Ex
724 846 819 902 quo
842 832 1118 900 cognoscam
1142 834 1270 900 quod
1294 833 1576 882 haereditabo
1593 833 1737 891 illam,
1772 835 1901 897 quod
1932 835 2154 900 significet
2178 841 2389 886 tentatio*

375 924 482 957 nem
506 917 664 964 contra
676 906 906 960 Amorem
923 903 1136 959 Domini,
1160 903 1242 967 qui
1265 902 1415 950 voluit
1437 914 1588 949 certus
1606 901 1720 958 fieri,
1746 901 1945 949 constare
1969 903 2118 966 potest
2133 919 2189 950 ex
2213 905 2394 963 dubita„

373 976 515 1032 tione,
551 989 659 1038 quae
692 974 740 1019 in
770 971 874 1037 ipsis
897 970 1048 1018 verbis
1083 969 1148 1017 est
1175 990 1191 1026 3
1222 970 1303 1033 qui
1328 969 1375 1016 in
1398 969 1645 1016 tentatione
1679 967 1761 1026 est,
1798 969 1835 1015 is
1868 970 1920 1016 in
1945 969 2088 1017 dubio
2112 970 2177 1017 est
2199 971 2257 1018 de
2280 973 2387 1029 fine,

373 1043 476 1090 finis
492 1039 556 1089 est
572 1055 718 1096 amor,
753 1051 910 1086 contra
937 1051 1079 1101 quern
1101 1048 1314 1100 pugnant
1334 1034 1444 1082 mali
1468 1035 1650 1099 spiritus
1673 1036 1723 1083 δι
1749 1035 1858 1082 mali
1881 1037 2021 1098 genii,
2058 1039 2107 1084 δε
2125 1053 2305 1101 ponunt
2329 1040 2388 1087 sic

374 1109 516 1156 finem
542 1110 588 1155 in
612 1106 772 1162 dubio,
810 1107 861 1153 δε
882 1119 937 1151 eo
960 1104 1107 1167 magis
1130 1103 1177 1150 in
1202 1101 1363 1160 dubio,
1396 1118 1493 1167 quo
1517 1103 1662 1165 magis
1685 1114 1838 1158 amat;
1875 1103 1957 1149 nisi
1980 1103 2082 1150 finis
2099 1106 2179 1167 qui
2196 1120 2386 1162 amatur,

371 1187 615 1240 poneretur
627 1174 674 1219 in
691 1171 853 1228 dubio,
878 1171 977 1217 imo
993 1171 1040 1217 in
1055 1167 1379 1234 desperatione,
1404 1168 1530 1216 nulla
1545 1167 1660 1217 foret
1677 1171 1866 1216 tentatio
1887 1192 1901 1224 ς
1926 1171 2156 1218 certitudo
2180 1172 2238 1219 de
2251 1189 2363 1220 even
2376 1202 2387 1209 -

373 1255 444 1297 tu,
469 1239 689 1306 praecedit
710 1238 970 1300 victoriam,
994 1237 1045 1284 &
1069 1235 1134 1284 est
1150 1236 1368 1283 victoriae.
1440 1235 1567 1301 Qia
1582 1236 1717 1300 pauci
1742 1234 1904 1293 sciunt,
1945 1238 2188 1300 quomodo
2206 1237 2248 1286 se
2261 1241 2386 1287 Ten—

371 1310 563 1356 tationes
580 1306 762 1363 habent,
786 1305 892 1352 licet
908 1303 1105 1367 breviter
1120 1303 1194 1350 hic
1210 1318 1463 1368 exponere;
1489 1302 1597 1352 mali
1618 1301 1793 1367 spiritus
1811 1301 2034 1367 nusquam
2051 1304 2261 1368 pugnant
2276 1322 2386 1354 con-

370 1388 441 1422 tra
453 1375 553 1431 alia,
579 1388 722 1438 quam
739 1388 847 1436 quae
858 1371 1003 1419 homo
1016 1382 1157 1428 amat,
1180 1370 1232 1418 &
1248 1386 1303 1417 eo
1319 1371 1465 1417 acrius
1482 1381 1711 1434 pugnant,
1734 1385 1831 1433 quo
1854 1370 2082 1418 ardentius
2103 1385 2252 1429 amat;
2278 1374 2388 1420 mali

366 1443 507 1490 Genii
521 1439 639 1497 sunt,
656 1439 737 1502 qui
750 1448 960 1503 pugnant
973 1449 1132 1485 contra
1144 1436 1333 1500 illaquae
1355 1435 1460 1484 sunt
1474 1435 1722 1483 affectionis
1734 1434 1860 1493 boni,
1878 1436 1929 1484 δε
1944 1437 2052 1484 mali
2062 1438 2257 1502 Spiritus
2274 1456 2385 1488 con—

370 1521 441 1557 tra
457 1508 534 1555 illa
555 1523 663 1571 quae
677 1505 780 1553 sunt
795 1503 1047 1553 affectionis
1061 1504 1157 1551 veri
1170 1525 1186 1560 ·,
1210 1514 1264 1550 ut
1276 1502 1483 1568 primum
1497 1502 1869 1551 animadvertunt
1882 1503 1956 1551 vel
1974 1505 2243 1563 minimum,
2258 1508 2388 1570 quod

369 1575 515 1625 homo
550 1585 690 1630 amat,
725 1583 804 1619 aut
826 1564 1143 1638 appercipiunt
1163 1568 1288 1634 quali
1311 1567 1479 1616 olfactu
1512 1569 1641 1634 quod
1665 1571 1704 1617 ei
1719 1567 1984 1634 jucundum
2019 1571 2070 1618 &
2093 1571 2283 1620 charum
2301 1574 2383 1632 est,

372 1643 497 1692 illico
521 1641 611 1688 hoc
633 1638 964 1704 aggrediuntur
990 1638 1042 1685 δε
1068 1649 1292 1684 conantur
1314 1634 1555 1695 destruere,
1591 1638 1653 1684 ita
1675 1649 1827 1684 totum
1865 1636 2120 1695 hominem,
2154 1642 2264 1703 quia
2292 1643 2388 1689 vita

373 1707 472 1775 ejus
489 1706 687 1756 consistit
710 1709 756 1753 in
773 1704 1006 1753 amoribus
1026 1702 1150 1769 ejus;
1174 1703 1233 1751 fic
1250 1701 1475 1752 destruere
1487 1702 1724 1752 hominem
1738 1703 1851 1751 nihil
1869 1703 2058 1768 usquam
2073 1701 2387 1770 iisjucundius

370 1776 471 1831 est-,
507 1791 590 1822 nec
614 1772 845 1828 desistunt,
880 1771 914 1819 fi
937 1771 1013 1819 vel
1052 1769 1169 1820 foret
1205 1773 1252 1818 in
1291 1782 1534 1828 aeternum,
1569 1769 1652 1818 nifi
1691 1787 1717 1818 a
1736 1771 1945 1818 Domino
1985 1769 2265 1836 rejiciantur:
2301 1776 2385 1839 qui

372 1842 563 1905 maligni
592 1840 695 1888 sunt
718 1841 768 1898 &
791 1838 951 1895 dolofi,
990 1839 1214 1886 infinuant
1237 1837 1279 1886 se
1309 1838 1356 1884 in
1381 1837 1499 1902 ipsos
1520 1853 1712 1895 amores,
1748 1837 1837 1886 illis
1860 1838 2212 1898 adblandiendo,
2247 1841 2299 1889 δε
2324 1842 2385 1890 sic

371 1909 669 1959 introducunt
686 1906 942 1963 hominem,
976 1906 1028 1953 δε
1052 1921 1165 1954 mox
1188 1921 1295 1952 cum
1318 1904 1379 1954 fic
1396 1903 1745 1962 introduxerint,
1781 1904 2005 1954 destruere
2021 1922 2213 1963 amores,
2247 1909 2298 1955 δε
2322 1909 2384 1957 fic

373 1992 531 2026 necare
553 1974 791 2023 hominem
806 1985 1005 2031 tentant,
1041 1973 1093 2020 δε
1137 1972 1225 2020 hoc
1260 1970 1385 2019 mille
1423 1971 1593 2029 modis,
1626 1973 1708 2036 qui
1740 1971 2213 2038 incomprehenlibiles
2249 1972 2383 2025 sunt:

370 2060 455 2092 nec
479 2054 688 2108 pugnant
704 2057 760 2089 co
783 2039 945 2098 modo,
979 2039 1108 2104 quod
1135 2039 1455 2088 ratiocinentur
1482 2051 1640 2087 contra
1675 2038 1795 2087 bona
1831 2039 1883 2086 δε
1919 2055 2040 2097 vera,
2076 2040 2187 2088 tales
2208 2056 2384 2106 pugnae

372 2109 477 2165 sunt
499 2109 646 2166 nihili,
681 2124 790 2157 nam
813 2107 847 2154 fi
877 2105 1039 2155 millies
1061 2107 1368 2163 vincerentur,
1401 2103 1543 2170 usque
1565 2104 1786 2164 insistunt,
1821 2107 1996 2171 quippe
2019 2107 2250 2155 ratiocinia
2272 2125 2383 2157 con-

374 2176 584 2230 trabona
605 2176 654 2223 &
678 2189 788 2222 vera
808 2172 1031 2238 nusquam
1055 2173 1197 2221 deeffe
1224 2172 1441 2238 poffunt;
1477 2171 1558 2220 sed
1573 2185 1838 2237 pervertunt
1861 2173 1979 2221 bona
2002 2174 2052 2222 &
2074 2189 2196 2233 vera,
2242 2175 2295 2224 &
2313 2178 2383 2223 in-

371 2245 610 2297 flammant
622 2241 827 2305 quodam
842 2241 947 2305 igne
963 2240 1241 2305 cupiditatis,
1259 2240 1310 2288 δε
1327 2238 1636 2304 persuafionis,
1646 2253 1698 2288 ut
1714 2256 1808 2288 non
1824 2239 1931 2289 sciat
1944 2239 2089 2289 homo
2106 2242 2382 2306 aliterquam

369 2311 501 2377 quod
522 2311 571 2356 in
592 2308 727 2355 fimili
750 2307 999 2371 cupiditate
1021 2309 1071 2356 δε
1102 2307 1380 2372 persualione
1406 2306 1476 2364 fit,
1512 2307 1563 2355 δε
1599 2307 1854 2355 accendunt
1892 2307 1966 2356 illa
2006 2307 2137 2355 fimul
2154 2306 2383 2372 jucunde,

373 2375 502 2440 quod
524 2375 744 2439 arripiunt
776 2390 833 2420 ex
856 2373 1056 2421 hominis
1075 2372 1289 2437 jucundo
1312 2373 1511 2431 aliunde,
1547 2375 1597 2421 &
1627 2373 1688 2424 fic
1712 2373 1984 2422 dolofiffime
2004 2374 2213 2423 inficiunt
2236 2378 2287 2423 ὅτ
2312 2378 2380 2423 in-

374 2442 552 2499 festant,
588 2441 639 2490 &
656 2439 743 2489 hoc
757 2451 852 2487 tam
876 2438 1071 2497 solerter,
1106 2438 1294 2488 ferendo
1316 2439 1373 2488 ab
1393 2457 1490 2488 uno
1514 2441 1561 2488 in
1584 2440 1794 2497 alterum,
1822 2453 1874 2487 ut
1891 2441 1972 2488 nifi
1986 2441 2219 2490 Dominus
2240 2458 2380 2506 opem

372 2507 524 2567 ferret,
559 2506 782 2571 nusquam
806 2505 933 2554 sciret
965 2505 1110 2570 homo
1136 2506 1263 2554 aliter
1285 2521 1336 2553 ac
1358 2506 1487 2569 quod
1508 2509 1572 2554 ita
1601 2507 1680 2555 fit:
1719 2507 1921 2554 {imiliter
1943 2521 2102 2556 contra
2123 2508 2382 2556 affectiones

374 2577 486 2633 veri,
520 2590 629 2641 quae
650 2573 822 2622 faciunt
851 2571 1185 2630 conscientiam,
1219 2584 1274 2620 ut
1305 2573 1511 2636 primum
1533 2574 1849 2638 appercipiunt
1871 2574 2044 2638 aliquid
2078 2575 2382 2633 conscientiae,

371 2643 688 2708 qualecunque
725 2640 797 2696 fit,
831 2656 887 2687 ex
918 2637 1035 2687 falsis
1070 2640 1122 2689 &
1167 2639 1361 2687 infirmis
1400 2637 1523 2703 apud
1543 2638 1792 2687 'hominem
1822 2637 2022 2687 formant
2060 2640 2143 2688 fibi
2181 2642 2380 2690 affectio-

347 2765 351 2769 ⁴
374 2725 500 2767 nem,
533 2709 584 2757 &
614 2715 696 2772 per
717 2706 850 2762 hanc,
893 2707 989 2753 veri
1020 2706 1173 2753 lucem
1212 2706 1491 2764 inumbrant,
1526 2706 1577 2753 δε
1601 2705 1662 2754 fic
1694 2719 1976 2770 pervertunt,
2012 2707 2085 2756 vel
2110 2709 2381 2757 anxietatem

372 2775 616 2832 inducunt,
649 2775 699 2822 ὅτ,
723 2774 923 2822 cruciant
943 2795 957 2829 ;
991 2786 1158 2837 praeter
1178 2772 1308 2837 quod
1326 2773 1652 2837 cogitationem
1674 2772 1960 2837 pertinaciter
1987 2786 2167 2821 teneant
2206 2776 2252 2822 in
2290 2791 2382 2822 una

372 2857 441 2900 re,
471 2842 522 2889 δι
544 2841 603 2890 fic
625 2840 865 2905 phantasiis
888 2839 1014 2886 illam
1039 2838 1249 2903 implent,
1285 2839 1336 2888 &
1353 2839 1486 2886 simul
1510 2852 1621 2886 tunc
1644 2839 1918 2886 clandestine
1942 2840 2213 2904 cupiditates
2237 2841 2382 2905 phan-

373 2906 492 2954 tasiis
515 2907 759 2955 involvunt
779 2930 793 2963 ;
830 2919 999 2971 praeter
1021 2904 1369 2953 innumerabiles
1392 2906 1497 2954 alias
1521 2919 1650 2962 artes,
1684 2922 1791 2970 quae
1819 2905 2039 2970 nusquam
2064 2906 2252 2954 describi
2277 2909 2368 2972 pos
2368 2935 2382 2944 ·

374 2972 478 3022 sunt
499 2973 559 3021 ad
580 2985 804 3036 captum,
838 2990 982 3038 pauca
1013 2971 1132 3031 sunt,
1168 2974 1219 3021 δε
1252 2974 1623 3021 communiffima
1657 2973 1818 3029 mode,
1852 2989 1960 3034 quae
1982 2973 2040 3021 ad
2063 2973 2382 3022 conscientiam

374 3040 574 3088 hominis
595 3041 827 3102 pervenire
849 3039 1047 3103 poffunt,
1082 3055 1219 3104 quam
1238 3055 1335 3104 prae
1350 3040 1455 3088 *aliis
1486 3038 1708 3087 destruere
1732 3039 2246 3088 maxime⁴dele6tantun
2306 3042 2382 3088 Ex

374 3106 444 3162 his
460 3106 630 3170 paucis,
652 3105 748 3152 imo
763 3103 1053 3168 paucissimis,
1078 3106 1277 3155 constare
1293 3105 1456 3171 potest,
1492 3105 1648 3170 quales
1673 3105 1775 3154 sunt
1797 3107 2110 3163 Tentationes,
2152 3108 2198 3153 in
2220 3122 2382 3169 genere

372 3172 505 3237 quod
520 3169 635 3242 'tales
655 3171 742 3220 smt
757 3171 1040 3230 tentationes,
1074 3173 1228 3238 quales
1248 3188 1431 3289 amor&
1440 3172 1596 3288 :hilidli
1617 3189 1803 3238 quoque
1824 3172 2022 3222 constare
2043 3171 2207 3237 potest,
2210 3173 2384 3287 'Iquales

1632 3257 1659 3289 2
2259 3251 2383 3287 enta-
