2788 3736
666 226 1951 300 CAPUTTEssRTIUM.
2264 231 2347 316 85

313 368 397 439 fit
416 385 587 422 novum
601 364 875 420 Exordium
889 366 1029 429 vitoe,
1055 364 1248 437 quidam
1262 365 1364 437 post
1386 365 1626 436 majorem,
1648 365 1844 451 quidam
1856 365 1963 437 post
1979 365 2205 419 minorem
2229 377 2350 420 tem-

332 441 470 514 poris
491 460 688 504 moram,
710 441 958 524 seruntur
981 439 1090 492 inde
1113 439 1277 511 versus
1298 441 1585 522 Infirnum,
1622 443 1706 512 qui
1730 459 1845 494 vero
1881 440 1935 493 in
1961 439 2109 513 fide
2086 459 2141 493 in
2166 441 2347 494 Domi-

338 533 454 568 num
477 516 711 584 fuerunt,
769 514 811 566 ii
842 529 892 566 a
934 532 1050 567 novo
1098 511 1176 566 illo
1215 511 1432 567 Exordio
1478 512 1603 565 vitae
1644 513 1887 567 ducuntur
1924 526 2021 587 per
2047 513 2241 586 gradus
2285 514 2358 569 ad

340 588 574 642 Caelum.

420 680 447 733 3
464 679 544 734 17.
584 661 682 715 Sed
714 637 907 734 quidam
936 659 1021 712 ad
1043 638 1223 712 Caelum
1237 658 1438 722 lentius,
1481 658 1676 730 quidam
1709 660 1871 724 citius,
1908 661 2001 713 imo
2038 662 2186 715 etiam
2221 662 2349 727 vidi,

345 736 468 808 quod
500 736 659 809 aliqui
671 735 772 808 post
794 744 988 786 mortem
1006 728 1328 832 immediate
1304 751 1359 786 tn
1383 734 1562 788 Coelum
1581 732 1776 806 sublati
1788 735 1931 804 snt
1960 734 2116 805 solum
2149 735 2238 788 duo
2261 757 2348 790 ex-

340 810 491 882 empla
515 827 774 870 memorare
796 806 922 861 licet.

417 902 444 954 3
461 903 480 936 1
493 883 540 936 8.
578 880 788 952 Qidam
827 880 898 934 ad
931 899 1011 933 me
1042 879 1195 944 venit,
1234 881 1293 935 E?
1333 899 1509 933 mecum
1532 880 1779 952 loquutus,
1818 900 1877 933 ex
1901 880 2174 953 quibusdam
2190 883 2349 953 signis

339 957 544 1031 constare
575 955 754 1029 potuit,
817 954 941 1027 quod
984 965 1134 1025 nuper
1172 973 1198 1006 e
1234 953 1348 1007 vita
1382 953 1657 1028 excefflrim
1686 956 1905 1041 primum
1946 954 2194 1025 nesciebat,
2238 956 2349 1009 ubi-

337 1049 450 1084 nam
489 1030 608 1114 effet,
643 1039 827 1101 putans
855 1029 916 1100 st
957 1027 1039 1100 effi
1079 1028 1135 1080 in
1170 1027 1374 1081 mundo:
1412 1047 1605 1114 cumque
1651 1030 1700 1082 ei
1745 1028 1913 1086 datum
1929 1029 2101 1102 fiire,
2131 1026 2252 1102 quod
2294 1031 2348 1083 in

338 1106 506 1158 altera·
522 1115 665 1167 vita,
715 1103 776 1156 ξεῖ
828 1101 923 1155 uod
954 1121 1080 1156 nunc
1117 1120 1206 1155 non
1250 1100 1445 1155 haberet
1488 1104 1753 1175 quicquam,
1805 1114 1862 1155 ut
1895 1103 2092 1167 domum,
2128 1116 2244 1175 opes,
2289 1105 2350 1156 &³

316 1177 524 1247 fimilia,
567 1176 662 1250 fid
649 1120 860 1250 ᾳιιοιῖα
855 1174 958 1249 fft
1002 1177 1056 1229 in
1099 1175 1195 1229 alio
1234 1176 1412 1246 Regno,
1462 1176 1546 1229 ubi
1579 1179 1818 1248 privatus
1858 1176 2068 1230 omnibus
2111 1196 2218 1250 quae
2257 1178 2349 1230 ha-

335 1251 443 1308 buit
485 1252 539 1304 in
578 1249 761 1315 mundo,
799 1261 914 1303 tunc
951 1251 1199 1303 anxietate
1224 1247 1432 1321 affebtus
1455 1250 1688 1320 nestiebat
1711 1271 1796 1324 quo
1822 1251 1884 1322 st
1931 1251 2187 1323 conferret,
2234 1271 2347 1324 quo-

337 1344 424 1398 que
460 1323 723 1394 habitaret,
763 1323 860 1395 std
904 1324 951 1377 ei
987 1324 1255 1388 dicebatur,
1321 1323 1445 1408 quod
1483 1324 1615 1378 Solus
1662 1325 1904 1379 Dominus
1939 1326 1988 1379 ei
2031 1327 2089 1380 &
2139 1326 2348 1379 omnibus

328 1398 633 1470 prospiciat,
663 1391 778 1452 tunc
817 1398 1013 1451 relictus
1036 1397 1152 1471 fibi,
1191 1408 1246 1451 ut
1285 1397 1523 1468 cogitaret
1543 1398 1702 1469 ficut
1705 1401 1774 1452 in
1797 1398 1981 1467 mundo,
2023 1401 2082 1453 &³
2091 1396 2352 1472 cogitabat

342 1473 576 1542 (omnium
628 1472 753 1525 enim
801 1471 1106 1543 cogitationes
1150 1472 1205 1524 in
1261 1471 1422 1524 altera
1467 1473 1581 1526 vita
1614 1473 1811 1545 percipi
1857 1441 2100 1546 man’ifl’ste
2135 1473 2350 1558 pqffunt)

336 1545 457 1619 quid
489 1557 604 1599 tunc
633 1545 854 1615 jaceret,
919 1546 1046 1618 quia
1078 1544 1247 1617 absque
1301 1545 1508 1599 omnibus
1558 1547 1637 1611 iis,
1688 1561 1751 1600 ex
1795 1548 1962 1632 quibus
1999 1547 2219 1620 potugffi’t
2265 1548 2351 1600 vi-

335 1639 488 1673 vere:
510 1619 605 1692 st'd
633 1638 739 1672 cum
778 1619 832 1672 in
866 1620 1114 1672 anxietate
1135 1619 1224 1672 illa
1246 1619 1364 1705 effl’t,
1395 1619 1786 1691 transferebatur
1811 1623 1956 1674 inter
1996 1622 2211 1693 Spiritus
2255 1641 2350 1675 cae.-

336 1693 473 1762 lestes,
511 1693 596 1766 qui
637 1705 779 1747 erant
822 1713 882 1747 ex
906 1693 1074 1746 Cordis
1105 1694 1386 1765 provincia,
1431 1694 1510 1747 illi
1546 1695 1593 1747 ei
1636 1696 1793 1748 omnia
1841 1695 1992 1766 officia
2031 1694 2348 1779 prmstabant‚

336 1785 619 1839 quaecunque
640 1770 858 1838 usquee
802 1766 858 1818 d
837 1766 1122 1837 stderabat
1166 1770 1249 1820 hoc
1265 1768 1414 1837 sablo
1436 1769 1614 1820 iterum
1636 1768 1740 1838 fibi
1770 1768 1981 1831 relictus,
2027 1770 2242 1839 cogitare
2290 1789 2351 1822 ex

337 1841 592 1893 Charitate
627 1841 786 1911 caepit,
836 1838 1048 1911 quomodo
1085 1850 1274 1893 tantam
1311 1842 1537 1912 gratiam
1585 1841 1836 1913 rependere
1869 1841 2028 1915 poffe,t
2084 1861 2144 1894 ex
2183 1842 2351 1914 quibus

336 1911 586 1982 constabat,
627 1912 760 1984 quod,
798 1913 911 1965 dum
952 1913 1006 1965 in
1030 1913 1142 1965 vita
1167 1915 1391 1985 corporis,
1431 1915 1485 1967 in
1513 1914 1643 2017 fidei
1687 1915 1930 1968 charitate
1955 1915 2144 1986 fuerit,
2197 1934 2348 2014 quare

317 1986 538 2059 statim
516 2004 570 2039 tn
595 1986 770 2039 Coelum
791 1985 1015 2058 sublatus
1037 1986 1114 2056 ιβ.

415 2079 442 2131 3
459 2079 539 2131 19.
597 2059 768 2112 Alium
811 2079 983 2132 quoque
1023 2060 1136 2114 vidi
1183 2060 1455 2115 immediate
1514 2061 1568 2114 in
1614 2062 1794 2116 Caelum
1835 2057 1898 2116 ab
1938 2062 2142 2134 Angelis
2184 2073 2352 2116 trans-

337 2133 522 2199 latum,
586 2134 642 2186 &5
705 2134 827 2205 quod
875 2154 908 2186 a
955 2135 1199 2197 Domino
1221 2147 1507 2206 acceptatus,
1571 2137 1630 2190 &²
1681 2137 1727 2189 ei
1781 2137 1949 2209 osterya
1997 2136 2163 2207 gloria
2209 2138 2347 2191 Coeli.

337 2208 567 2263 Praeter
582 2207 808 2261 multam
824 2208 974 2261 aliam
1018 2208 1379 2280 experientiam,
1416 2209 1554 2281 quod
1593 2210 1786 2283 quidam
1822 2210 1923 2284 post
1966 2213 2180 2264 trao‘t'um
2224 2222 2343 2294 tem-

325 2283 519 2399 poris.

1770 2754 2343 2822 GENESEOQ
