2788 3736
352 288 484 371 336
926 272 1898 367 GENE‘SI'S.

343 418 393 465 &
412 418 458 464 in
475 412 762 463 intellectuali
786 410 971 460 formari
989 428 1109 460 nova
1124 412 1351 469 voluntas,
1388 428 1493 460 nam
1514 412 1575 461 ita
1592 424 1778 478 utraque
1799 415 1963 462 mentis
1978 431 2137 464 eorum
2157 431 2258 480 pars
2283 407 2361 466 co-

344 482 571 532 haerebat:
608 480 736 545 quod
775 480 882 543 quia
916 477 1182 543 praevisum,
1215 472 1352 527 etiam
1376 477 1610 542 provisum
1634 480 1885 527 aDomino
1906 479 2009 539 fuit,
2042 495 2096 530 ut
2124 483 2248 546 apud
2278 484 2360 532 ho-

347 551 518 596 minem
535 546 718 611 separari
741 545 882 610 poffet
898 545 1192 594 intellectuale
1215 543 1311 610 ejus
1334 561 1360 592 a
1381 546 1655 603 voluntario,
1681 547 1730 593 δε
1749 545 1809 594 fic
1825 548 2058 596 renovari:
2094 549 2144 596 δε
2162 548 2238 607 fic,
2256 551 2363 613 quia

345 613 598 678 provisum,
631 613 760 676 quod
783 611 881 660 talis
898 611 1041 660 homo
1063 611 1214 675 postea
1236 628 1329 660 non
1356 611 1575 668 existeret,
1609 612 1755 677 qualis
1778 628 1889 676 gens
1912 611 1991 660 ista
2013 614 2358 671 antediluviana‚

347 681 450 728 ideo
473 680 546 728 hic
571 679 756 736 dieitur,
790 678 917 742 quod
941 694 1034 726 non
1057 677 1340 725 exscindetur
1361 677 1556 741 amplius
1579 679 1674 726 ulla
1701 694 1805 726 caro
1827 678 1885 726 ab
1905 680 2034 742 aquis
2056 679 2232 729 diluvii.

421 762 559 810 1035.
597 745 662 793 Et
695 761 787 793 non
810 747 895 792 erit
922 743 1119 808 amplius
1142 745 1370 792 diluvium
1410 745 1468 792 ad
1503 744 1788 809 perdendum
1819 757 2000 803 terram,
2035 744 2163 809 quod
2191 745 2362 810 fignifi-

348 824 435 869 cet,
471 812 600 876 quod
622 811 721 859 talis
744 810 965 876 persuasio
988 809 1187 858 lethifera
1219 814 1268 859 δε
1304 810 1566 858 suffocativa
1602 827 1694 860 non
1731 811 1925 875 amplius
1954 811 2128 867 existet,
2165 812 2362 867 constare

347 877 495 943 potest
518 894 576 925 ex
604 877 928 942 significatione
960 876 1122 924 diluvii
1152 876 1393 941 respective
1427 877 1483 925 ad
1520 877 1875 926 antediluvianos
1907 878 1989 942 qui
2024 879 2270 942 perierunt,
2306 879 2364 928 de

347 961 439 1009 qua
461 944 620 1009 prius;
657 957 759 992 tum
781 945 838 991 e'x
860 941 1214 1007 persuafionibus
1244 959 1405 991 eorum
1428 943 1553 1001 diris,
1588 943 1646 991 de
1668 943 1836 1008 quibus
1870 961 1929 992 n:
1961 961 2072 1008 310,
2106 943 2219 1008 563,
2248 961 2360 1011 570,

352 1015 465 1074 581,
503 1012 612 1074 586.
650 1023 703 1058 ut
726 1011 776 1058 &
799 1026 856 1058 ex
879 1009 983 1067 illis,
1018 1024 1125 1072 quae
1157 1011 1214 1058 de
1244 1009 1507 1057 succedente
1531 1010 1752 1069 Ecclesia,
1786 1010 2006 1059 Noachus
2028 1011 2279 1075 appellata·,
2312 1012 2363 1060 δε

349 1093 488 1143 porro
510 1092 567 1124 ex
589 1076 873 1140 sequentibus
896 1076 954 1124 de
977 1091 1081 1124 arcu
1107 1076 1245 1124 iridis.

426 1144 565 1205 1036.
600 1142 723 1190 Vers
731 1161 742 1191 :
778 1160 851 1199 12,
886 1159 956 1206 13.
995 1144 1061 1189 Et
1082 1142 1192 1190 dixit
1217 1144 1352 1199 Deus,
1387 1141 1465 1190 hoc
1487 1141 1658 1205 signum
1685 1142 1877 1205 faederis,
1913 1143 2024 1209 quod
2043 1145 2137 1206 Ego
2167 1143 2219 1191 do
2250 1146 2362 1192 inter

351 1213 434 1259 Me
466 1210 522 1259 &
547 1211 660 1257 inter
682 1226 775 1265 vos,
811 1208 867 1257 δέ’
889 1210 1003 1255 inter
1024 1223 1178 1256 omnem
1199 1210 1386 1256 animam
1409 1210 1579 1265 vivam,
1614 1225 1706 1273 quae
1735 1210 1965 1273 vobiscum,
2001 1212 2047 1257 in
2075 1213 2364 1272 generationes
2411 1251 2419 1259 .

340 1276 504 1340 saeculi.
573 1277 733 1324 Arcum
756 1290 889 1322 meum
912 1274 1007 1322 dedi
1028 1277 1074 1321 in
1097 1275 1218 1331 nube,
1254 1274 1310 1323 &³
1341 1276 1425 1321 erit
1448 1277 1494 1321 in
1509 1274 1679 1338 stgnum
1705 1274 1881 1337 foederis
1909 1279 2023 1323 inter
2051 1280 2133 1325 Me
2164 1276 2220 1325 ἐξ
2252 1279 2365 1324 inter

351 1352 526 1390 terram.
598 1342 663 1389 Et
686 1341 802 1388 dixit
826 1340 1047 1402 Jehovah,
1084 1340 1308 1404 fignificat
1330 1340 1457 1404 quod
1482 1342 1541 1388 ita
1564 1341 1696 1388 effet:
1733 1340 1820 1388 hoc
1844 1341 2025 1405 signum
2050 1339 2250 1399 foederiS,
2273 1342 2363 1405 sig-

353 1408 504 1455 nificat
528 1407 750 1455 indicium
771 1405 1022 1471 praesentiae
1038 1407 1232 1455 Domini
1251 1408 1297 1453 in
1321 1406 1531 1455 charitate
1550 1425 1561 1455 :
1600 1407 1743 1468 Quod
1763 1408 1871 1471 Ego
1895 1408 1958 1455 do
1974 1411 2089 1455 inter
2112 1409 2197 1454 Me
2219 1410 2269 1455 &
2293 1410 2363 1455 in-

351 1486 420 1522 ter
444 1490 543 1532 VOS,
579 1473 800 1538 significat
822 1471 1191 1537 conjunctionem
1214 1474 1410 1521 Domini
1441 1489 1550 1520 cum
1574 1473 1760 1521 homine
1784 1490 1866 1537 per
1887 1473 2152 1521 charitatem
2172 1493 2183 1521 ε
2221 1477 2365 1522 δοίη-

351 1552 420 1588 ter
442 1556 629 1588 ornnem
667 1541 865 1587 animam
902 1541 1060 1586 vivam
1099 1556 1207 1603 quae
1238 1537 1496 1596 vobiscum,
1532 1539 1768 1603 significat,
1804 1552 1869 1587 ut
1926 1542 2032 1597 rius,
2068 1541 2222 1587 omnia
2255 1557 2363 1604 quae

351 1606 475 1670 apud
503 1606 736 1654 hominem
773 1618 1028 1669 regenerata
1066 1604 1194 1652 sunt:
1245 1606 1292 1652 in
1331 1603 1639 1669 'generationes
1677 1604 1845 1662 saeculi,
1882 1556 2104 1669 {gnificat
2143 1620 2364 1670 perpetuo

351 1688 509 1721 omnes
531 1675 612 1736 qui
635 1690 660 1719 e
684 1688 807 1720 novo
828 1684 1056 1719 creantur:
1094 1687 1251 1719 arcum
1276 1671 1381 1718 dedi
1405 1672 1450 1718 in
1476 1671 1611 1731 nube,
1647 1671 1869 1734 fignificat
1891 1671 2053 1719 statum
2078 1673 2274 1721 hominis
2297 1690 2364 1721 re-

353 1741 553 1803 generati
575 1738 831 1802 spiritualis,
855 1739 935 1801 qui
953 1736 1088 1784 instar
1109 1736 1234 1785 arcus
1258 1737 1382 1784 iridis
1407 1735 1499 1784 est:
1534 1736 1675 1785 nubes
1698 1737 1919 1800 significat
1936 1737 2173 1785 obscuram
2194 1739 2362 1796 lucem,

344 1807 401 1853 ‘in
424 1821 515 1869 qua
536 1803 599 1852 est
623 1805 859 1868 spiritualis
883 1805 1025 1851 homo
1047 1802 1288 1867 respective
1326 1804 1382 1850 ad
1423 1803 1682 1852 coelestem:
1722 1805 1775 1851 δε
1798 1806 1882 1851 erit
1905 1805 1952 1851 in
1976 1803 2156 1868 signum
2181 1803 2365 1853 foederis

353 1872 469 1919 inter
491 1872 576 1919 Me
601 1873 649 1919 &
674 1873 790 1918 inter
812 1883 993 1928 terram,
1028 1870 1268 1934 fignificat,
1304 1882 1357 1917 ut
1390 1870 1531 1934 prius,
1568 1870 1790 1918 indicium
1818 1868 2067 1934 praesentiae
2098 1872 2287 1918 Domini
2319 1873 2365 1919 in

355 1937 594 1994 charitate,
631 1950 746 1985 terra
767 1937 840 1984 hic
864 1936 928 1985 est
950 1939 1190 2001 proprium
1224 1937 1434 1984 hominis.
1505 1937 1630 1984 Haec
1654 1937 1809 1984 omnia
1831 1935 2026 2000 spectant
2042 1937 2274 1985 hominem
2298 1954 2364 1986 re-

356 2016 620 2067 generatum
645 2003 937 2067 spiritualem,
973 2003 1046 2051 seu
1071 2003 1319 2050 Ecclesiam
1344 2002 1630 2066 spiritualem.
2062 2061 2067 2063 .

433 2086 570 2134 1037.
607 2070 672 2121 Et
709 2069 827 2115 dixit
848 2069 992 2125 Deus,
1030 2069 1158 2132 quod
1183 2069 1418 2132 significet,
1459 2070 1521 2117 ita
1542 2068 1642 2126 este,
1677 2068 1802 2132 prius
1841 2068 2016 2115 dictum
2053 2069 2103 2116 &
2139 2067 2365 2117 ostensum

357 2135 440 2192 est,
475 2151 579 2183 nam
604 2135 767 2191 dicere,
804 2147 880 2182 aut
902 2135 1078 2182 dictum
1102 2135 1190 2181 Dei
1215 2134 1288 2181 seu
1311 2136 1519 2196 Jehovae,
1551 2134 1772 2198 fignificat
1796 2136 1858 2182 ita
1872 2134 1983 2181 effe:
2033 2135 2364 2197 Antiquissimi,
2419 2149 2423 2152 ’

358 2203 466 2265 quia
486 2200 689 2248 historice
713 2201 1039 2248 concinnabant
1063 2217 1129 2247 res
1152 2201 1384 2257 Ecclefiae,
1421 2217 1529 2248 cum
1553 2201 1773 2247 affirmare
1797 2200 1980 2256 vellent,
2017 2201 2143 2264 quod
2168 2202 2227 2247 ita
2243 2202 2363 2259 effet,

359 2266 585 2325 dicebant,
621 2267 738 2314 dixit
759 2268 903 2324 DeuS,
938 2267 1013 2314 vel
1037 2267 1153 2314 dixit
1168 2267 1391 2329 Jehovah,
1427 2268 1477 2314 &
1500 2278 1594 2313 erat
1614 2266 1701 2313 illis
1730 2263 1927 2314 formula
1965 2266 2288 2315 asseverationis
2317 2269 2368 2316 &

361 2333 731 2382 confirmationis.
1349 2328 1357 2340 '

435 2404 573 2462 1038.
611 2400 722 2447 Hoc
750 2398 931 2462 signum
953 2396 1155 2456 foederis,
1190 2399 1317 2462 quod
1341 2398 1563 2463 significet
1587 2398 1807 2447 indicium
1832 2398 2083 2462 praesentiae
2103 2401 2298 2448 Domini
2321 2402 2369 2448 in

362 2465 587 2520 charitate,
623 2464 794 2512 constat
814 2481 840 2512 a
862 2465 1185 2529 significatione
1208 2463 1392 2512 foederis
1418 2467 1466 2512 δε
1491 2465 1606 2529 signi
1635 2463 1820 2513 foederis
1841 2489 1855 2522 3
1890 2466 2019 2529 quod
2052 2464 2206 2514 foedus
2232 2467 2368 2530 figni-

362 2532 470 2580 ficet
493 2530 774 2595 praesentiam
797 2532 990 2578 Domini
1028 2533 1073 2578 in
1112 2531 1337 2588 charitate,
1373 2530 1601 2579 ostensum'
1632 2531 1695 2578 est
1721 2535 1845 2595 prius
1869 2533 1998 2596 Cap:
2024 2548 2096 2579 vr.
2137 2532 2260 2580 vers:
2294 2538 2365 2581 18.

362 2599 412 2646 ὅτ
450 2598 578 2662 supra
615 2599 663 2644 in
698 2596 786 2644 hoc
810 2598 972 2660 Capite
995 2597 1051 2645 ad
1074 2597 1200 2645 vers:
1227 2617 1271 2662 9.
1342 2598 1491 2662 Qod
1530 2597 1683 2645 foedus
1715 2599 1770 2645 s1t
1809 2597 2042 2662 praesentia
2079 2599 2271 2645 Domini
2321 2600 2392 2644 ine

363 2681 516 2713 amore
539 2664 589 2712 &
615 2664 840 2719 charitate,
877 2663 1047 2712 constat
1087 2680 1112 2711 a
1143 2677 1300 2711 natura
1322 2662 1543 2720 foederis;
1579 2680 1717 2712 omne
1756 2663 1909 2729 foedus
1946 2664 2010 2711 est
2037 2662 2383 2726 conjunctionis>

364 2731 506 2786 causa,
541 2742 593 2777 ut
616 2746 780 2793 nempe
804 2741 968 2778 mutuo
991 2732 1148 2778 vivant
1182 2732 1228 2778 in
1266 2731 1481 2788 amicitia,
1538 2742 1614 2778 aut
1653 2732 1700 2777 in
1739 2746 1923 2785 amore,
1972 2727 2241 2793 conjugium
2265 2731 2370 2777 inde

364 2811 548 2860 quoque
573 2797 819 2860 appellatur
840 2795 1023 2845 foedus:
1073 2794 1332 2860 conjunctio
1354 2797 1549 2844 Domini
1583 2811 1697 2843 cum·
1730 2797 1915 2843 homine
1947 2811 2039 2841 non
2062 2794 2195 2841 datur
2219 2797 2296 2842 niu
2323 2798 2369 2843 in

365 2878 518 2911 amore
554 2863 604 2909 ὅτ
645 2863 872 2919 charitate,
891 2873 899 2883 '
919 2868 1026 2917 nain
1063 2863 1295 2910 Dominus
1328 2862 1392 2910 est
1430 2859 1528 2926 Ipse
1559 2863 1704 2918 amor,
1749 2862 1800 2908 δε
1825 2859 2156 2918 Misericordia,
2200 2877 2370 2909 unum—

367 2929 578 2992 quemvis
603 2927 764 2975 salvare
787 2928 906 2986 vult,
940 2930 991 2976 δε
1027 2931 1076 2976 vi
1112 2927 1219 2977 forti
1256 2929 1314 2975 ad
1353 2929 1546 2984 coelum,
1582 2928 1669 2974 hoc
1707 2925 1786 2983 est,
1822 2925 1880 2972 ad
1908 2927 1949 2972 se
1980 2926 2228 2983 attrahere,
2265 2929 2376 2987 inde,

368 2993 555 3057 quisque
579 2992 684 3039 scire
707 2994 757 3040 ὅτ
781 2994 1051 3042 concludere
1088 2994 1250 3058 potest,
1285 2994 1413 3057 quod
1437 2993 1658 3056 nusquam
1681 2992 1841 3055 aliquis
1864 2989 2081 3056 conjungi
2104 2996 2236 3056 possit
2246 3010 2368 3057 Fcum
2382 2988 2389 3020 3'

368 3060 591 3120 Domino,
627 3058 708 3105 nifi
731 3074 811 3121 per
833 3059 946 3106 illud
969 3061 1095 3122 quod
1119 3060 1217 3123 Ipse
1239 3059 1319 3115 est,
1356 3057 1544 3113 hoc<est,
1588 3057 1668 3105 nisl
1690 3058 1833 3105 simile
1852 3056 2003 3115 faciat,
2039 3073 2116 3106 aut
2138 3075 2284 3107 unum
2302 3060 2389 3108 fa·-

371 3128 459 3174 ciat
480 3140 590 3172 cum
606 3123 724 3188 Ipso,
759 3123 847 3171 hoc
863 3123 942 3179 est,
979 3139 1031 3172 ut
1049 3137 1214 3172 reamet
1235 3125 1514 3180 Dominum,
1541 3124 1590 3171 δὲ
1616 3137 1737 3172 amet
1759 3125 2025 3188 proximum
2050 3126 2162 3185 sicut
2186 3124 2253 3182 se·,
2287 3143 2370 3190 per

369 3192 470 3241 haec
492 3189 638 3241 solum
663 3190 715 3238 fit
738 3187 1027 3254 conjunctim
1085 3190 1184 3239 haec
1218 3190 1282 3238 est
1326 3189 1535 3254 ipsissima
1555 3190 1743 3240 'effentia
1781 3190 2002 3249 foederi33
2047 3191 2234 3256 quando
2256 3208 2387 3240 con·-

2188 3255 2369 3321 junciio
