2788 3736
653 236 1537 338 „CAPUTDECIMUM
1585 235 2110 324 QJINTUM.
2248 265 2380 331 597

360 393 398 425 a
420 373 655 425 Domino:
696 375 778 438 qui
817 373 1057 423 nascuntur
1094 390 1123 422 a
1160 374 1384 430 Domino,
1425 374 1527 422 ‘hoc
1562 375 1645 432 est,
1690 376 1772 438 qui
1817 386 2152 439 regenerantur,
2193 378 2387 429 Domini

371 444 514 490 vitam
580 443 810 504 accipiunt
836 465 850 498 ;
902 443 1093 488 Domini
1150 442 1250 488 vita
1303 441 1384 496 est,
1450 452 1504 486 ut
1562 441 1757 498 dietum,
1812 458 1950 507 'amor
2005 444 2221 501 Divinus,
2293 445 2382 494 hoc

374 508 454 565 est,
528 524 658 556 amor
719 525 826 571 erga
870 507 1142 555 universum.
1179 523 1323 570 genus
1378 505 1652 563 humanum,
1721 508 1849 570 quod
1898 520 2070 567 toturn,
2132 510 2207 558 seu
2253 514 2385 575 quod

359 572 552 631 omnes,
589 575 620 621 fi
646 575 864 637 possibile,
906 574 1068 620 salvare
1115 574 1229 620 velit
1275 575 1323 620 in
1370 584 1629 628 aeternum;
1665 575 1747 637 qui
1794 590 1886 620 non
1937 578 2127 624 Domini
2175 594 2382 641 amorem

371 641 552 698 habent,
617 641 704 688 hoc
750 640 830 698 est,
892 640 973 704 qui
1020 655 1127 703 non?
1171 641 1439 704 proximum
1478 652 1642 687 amant
1682 639 1795 686 sicut
1842 640 1900 697 se,
1951 642 2170 705 nusquam
2219 645 2385 693 habent

359 709 569 765 ,Domini
607 710 770 765 vitam,
825 709 888 754 ita
925 704 1151 770 nusquam
1190 706 1246 753 ab
1292 705 1397 770 Ipso
1435 707 1544 762 nati,
1590 705 1663 752 seu
1704 723 1731 753 a
1762 706 2002 754 visceribus
2042 710 2184 773 Ipsius
2227 714 2384 775 egreffi

375 772 496 831 sunt,
538 790 674 838 quare
697 790 790 821 non
813 773 1100 836 poffunt.,ess”e
1123 768 1322 820 haeredes
1356 774 1511 836 Regni
1540 773 1715 836 Ipsius,
1754 790 1814 820 ex
1840 771 2004 836 quibus
2027 775 2216 833 constat,
2255 779 2386 841 quod

372 856 455 904 per
469 841 626 904 egredi
647 857 672 887 e
693 839 950 897 visceribus,
974 841 1022 886 in
1048 838 1173 887 sensu
1190 841 1384 896 interno,
1410 840 1483 888 hic
1508 839 1818 903 significentur
1841 841 1924 898 illi,
1962 843 2043 904 qui
2067 843 2115 889 in
2138 859 2291 890 amore
2333 847 2380 893 in

320 934 325 937 e
372 906 547 969 Ipsum,
581 907 631 954 &
665 908 714 954 in
737 922 891 954 amore
928 922 1035 970 erga
1079 908 1348 969 proximum
1374 905 1493 963 sunt,
1536 919 1589 953 ut
1613 906 1736 971 apud
1752 906 1948 964 Esaiam,
1993 914 2026 935 ‘⁶
2052 909 2126 956 Sic
2151 910 2267 956 dixit
2305 912 2383 971 Je-

378 979 411 1000 “
435 972 590 1021 hovah
613 974 901 1037 Redemptor
922 985 1046 1030 tuus,
1093 973 1282 1020 Sanctus
1305 973 1489 1030 Israelis,
1532 973 1638 1036 Ego
1655 973 1864 1034 Jehovah
1890 978 2010 1021 {leus
2050 987 2172 1032 tuuS,
2215 976 2383 1024 docens

376 1044 410 1067 “
437 1051 483 1088 te
508 1040 566 1087 ad
589 1038 943 1104 proficiendum,
985 1037 1152 1086 faciens
1175 1041 1239 1086 ire
1277 1052 1321 1087 te
1354 1041 1413 1093 in,
1441 1041 1531 1096 via,
1563 1056 1703 1103 quam
1741 1039 1961 1097 ambules,
1996 1043 2169 1090 utinam
2210 1043 2385 1092 auscul-

374 1110 410 1134 “
435 1106 558 1154 taffes
598 1107 836 1170 praeceptis
860 1107 988 1161 meis,
1030 1106 1080 1153 δε
1119 1105 1223 1153 effet
1267 1106 1380 1154 ficut
1402 1106 1571 1154 fluvius
1611 1122 1701 1170 pax
1745 1119 1836 1164 tua,
1865 1109 1913 1154 δε
1952 1106 2126 1171 justitia
2160 1122 2240 1156 tua
2271 1111 2385 1158 ficut

371 1177 406 1217 ‘ss
430 1173 592 1220 Ηυὲὶυε
618 1173 769 1229 maris,
804 1173 854 1220 &
878 1171 984 1218 esset
1006 1171 1129 1219 ficut‘
1165 1188 1294 1219 arena
1323 1172 1471 1220 semen
1512 1184 1666 1229 tuum,
1711 1174 1762 1220 δε
1808 1173 1946 1236 egrff
1982 1176 2189 1237 viscerum
2214 1187 2383 1226 tuarum

348 1240 350 1242 ’
370 1242 405 1266 “
428 1238 541 1286 ficut
563 1238 712 1302 scrupi
733 1236 880 1301 ejus,”
904 1253 1070 1284 xnvm
1092 1256 1103 1285 ε
1162 1253 1237 1302 17,
1284 1242 1358 1295 18,
1407 1256 1478 1304 19.
1506 1238 1655 1286 semen
1677 1238 1792 1286 ficut
1813 1256 1944 1287 arena
1966 1256 2051 1304 pro
2069 1240 2207 1300 bono,
2225 1246 2383 1307 egreffi

367 1304 595 1353 viscerum
619 1305 731 1351 ficut
753 1304 917 1369 scrupi,
953 1320 1039 1369 pro
1062 1320 1188 1361 vero,
1225 1306 1288 1352 ita
1309 1321 1396 1369 pro
1418 1305 1505 1352 illis
1529 1306 1610 1369 qui
1626 1306 1673 1352 in
1696 1322 1865 1363 amore,
1901 1323 2006 1354 nam
2044 1310 2075 1356 ii
2100 1308 2178 1355 soli
2201 1309 2302 1357 sunt
2336 1312 2385 1358 in

370 1387 524 1419 amore
549 1372 658 1419 boni
680 1372 730 1419 δε
747 1373 858 1418 veri.
894 1373 1115 1419 Praeterea
1138 1370 1318 1418 Viscera
1333 1373 1380 1418 in
1403 1371 1559 1419 Verbo
1581 1373 1718 1421 etiarn
1741 1371 1997 1435 significant
2026 1376 2272 1433 Amorem,
2309 1376 2384 1423 seu

372 1437 752 1494 Misericordiam,
778 1436 994 1493 excausa,
1019 1438 1126 1500 quia
1148 1436 1317 1484 viscera
1338 1440 1656 1501 generationis,
1693 1439 1920 1502 imprimis
1936 1440 2110 1488 Uterus
2134 1455 2383 1501 maternus,

346 1506 349 1508 ’
371 1504 688 1568 repraesentant
702 1504 751 1550 ὅτ
769 1503 829 1551 fic
843 1503 1098 1567 significant
1118 1519 1322 1551 amorem
1336 1503 1509 1552 castum
1526 1502 1908 1571 conjugialem,&
1926 1507 2032 1554 inde
2056 1525 2258 1556 amorem
2276 1526 2383 1573 erga

369 1569 579 1627 infantes,
627 1584 681 1617 ut
706 1570 828 1633 apud
848 1569 1048 1626 Esaiam,
1085 1575 1120 1597 ‘⁴‘
1145 1571 1417 1618 Commotio
1442 1573 1654 1635 Viscerum
1678 1583 1864 1629 tuorum,
1898 1574 1948 1630 δε
1972 1575 2285 1637 miserationum
2308 1589 2383 1624 tu-

372 1641 407 1663 “
432 1653 564 1684 arum
580 1653 687 1700 erga
734 1652 809 1683 me
839 1635 881 1682 se
927 1637 1298 1693 continuerunt,’'
1339 1653 1506 1685 LXIII:
1565 1656 1638 1701 15.
1681 1639 1804 1702 apud
1841 1640 2106 1700 Jeremiam,
2153 1647 2188 1670 “
2211 1643 2385 1691 Nonne

373 1708 408 1730 “
433 1703 554 1750 filius
577 1702 795 1767 pretiosus
828 1702 942 1749 mihi
967 1702 1207 1767 Ephraim,
1251 1719 1402 1751 nonne
1438 1716 1568 1751 natus
1591 1704 1868 1762 delitiarum,
1915 1719 2155 1770 propterea
2195 1722 2381 1757 contur-

369 1774 406 1796 “
434 1770 536 1818 bata
549 1768 651 1816 sunt
667 1770 836 1832 Viscera
853 1786 944 1817 mea
965 1769 1048 1826 illi,
1064 1769 1295 1832 miserando
1317 1771 1546 1834 miserabar
1568 1771 1754 1828 illum,''
1773 1787 1913 1819 xxxi:
1943 1790 2016 1822 20.
2060 1774 2172 1821 Inde
2189 1775 2381 1834 constat,

368 1836 498 1899 quod
521 1835 612 1899 ipse
637 1852 782 1892 amor,
824 1834 898 1882 seu
923 1834 1015 1899 ipsa
1031 1835 1348 1894 misericordia,
1383 1854 1433 1884 ac
1453 1836 1676 1886 miseratio
1695 1840 1887 1886 Domini
1914 1855 2023 1902 erga
2039 1841 2197 1889 Genus
2219 1841 2385 1890 huma-

370 1918 503 1959 num,
544 1901 663 1959 sunt,
699 1918 805 1966 quae
828 1904 876 1949 in
907 1900 1032 1950 sensu
1056 1903 1232 1951 interno
1263 1917 1343 1967 per
1365 1903 1548 1962 viscera,
1584 1906 1634 1952 &
1651 1921 1732 1969 per
1746 1907 1899 1970 egredi
1934 1923 1958 1952 e
1979 1905 2220 1956 visceribus
2243 1908 2382 1972 figni-

372 1969 584 2026 ficantur,
627 1968 945 2033 consequenter
983 1985 1064 2033 per
1093 1969 1283 2033 egreffos
1308 1970 1548 2018 visceribus
1573 1971 1654 2029 illi,
1690 1973 1771 2036 qui
1801 1974 1848 2020 in
1888 1988 2042 2020 amore
2079 1973 2180 2022 sunt
2207 1993 2217 2022 ε
2254 1975 2384 2039 quod

371 2035 596 2099 Regnum
616 2037 809 2083 Domini
824 2037 878 2084 fit
891 2053 1020 2084 amor
1043 2049 1251 2095 mutuus,
1268 2037 1477 2085 videatur
1490 2040 1633 2103 p'riUS,
1652 2055 1682 2086 n
1701 2057 1711 2086 :
1741 2043 1854 2102 548,
1877 2056 1971 2105 549
1994 2040 2107 2103 684,
2134 2037 2248 2105 693,
2269 2043 2384 2104 694.

343 2160 345 2162 Ι
446 2107 585 2162 1804.
624 2103 772 2164 Quod
794 2103 870 2150 ille
893 2102 1194 2160 haereditabit,
1240 2103 1465 2168 significet
1482 2105 1610 2169 quod
1627 2105 1697 2153 illi
1717 2105 1918 2154 haeredes
1939 2106 2067 2165 fient,
2109 2107 2285 2156 constat
2324 2124 2386 2156 ex

372 2168 698 2233 significatione
722 2169 934 2226 haeredis,
952 2170 1011 2217 de
1029 2186 1119 2233 qua
1142 2171 1309 2219 adium.
2439 2184 2441 2186 ’

447 2251 463 2280 1
478 2239 585 2296 805.
622 2235 744 2282 Vers
754 2255 766 2283 z
805 2252 850 2298 5.
890 2237 956 2284 Et
980 2236 1149 2284 educens
1171 2237 1289 2285 illum
1293 2237 1441 2300 foras,
1489 2239 1546 2288 &²
1568 2239 1700 2296 dixit,
1712 2241 1862 2304 spella
1885 2242 2018 2304 quaeso
2053 2242 2202 2305 versus
2222 2242 2380 2299 carlum,

373 2299 429 2348 &
451 2316 631 2348 numera
663 2301 828 2359 stellas,
851 2302 900 2361 st
928 2305 1091 2365 poteris
1114 2320 1334 2352 numerare
1378 2306 1494 2362 illas,
1542 2306 1598 2355 {9³
1615 2305 1727 2353 dtxit
1760 2307 1841 2362 illi,
1890 2310 1957 2353 ita
1980 2310 2061 2354 erit
2075 2308 2216 2371 semen
2244 2319 2377 2355 tuum.

373 2365 591 2413 Educens
615 2366 745 2414 illum
772 2366 904 2424 foraS,
951 2369 1173 2431 significat
1189 2371 1416 2419 Interioris
1439 2373 1663 2419 Hominis
1701 2373 1867 2430 visum,
1904 2375 1985 2436 qui
2018 2373 2075 2420 ab
2098 2376 2291 2422 externis
2311 2376 2383 2421 vi-

372 2431 452 2478 det
468 2433 670 2480 interna:
709 2427 910 2490 &di‘xin
947 2433 1093 2496 speeta
1107 2437 1262 2498 quaeso
1289 2437 1440 2485 versus
1458 2438 1653 2496 coelum,
1702 2439 1923 2502 significat
1938 2439 2382 2504 repraesentationem

357 2499 533 2560 ‘Regni
561 2500 753 2546 Domini
783 2501 830 2546 in
853 2499 1047 2546 universi
1078 2502 1347 2550 intuitione:
1389 2505 1439 2551 ὅτ
1472 2521 1660 2551 numera
1683 2505 1843 2562 stellas,
1888 2506 2113 2568 fignificat
2137 2505 2382 2570 repraesen-

372 2565 591 2612 tationem
605 2565 896 2613 bonorum&
923 2582 1146 2613 verorum
1163 2569 1210 2614 in
1233 2568 1428 2616 siderum
1453 2571 1692 2618 intuitione
1713 2589 1724 2618 ε
1762 2571 1795 2618 fi
1816 2573 1984 2634 poteris
2007 2588 2244 2619 numerare
2269 2572 2380 2630 illas,

375 2629 599 2692 significat
621 2629 1018 2679 frufflficationem
1051 2635 1216 2680 amoris
1245 2635 1308 2682 ·&
1349 2635 1776 2699 multiplicationem
1799 2637 1936 2686 fidei:
1971 2638 2022 2684 &
2055 2638 2187 2693 dixit.
2207 2638 2294 2695 illi,
2320 2640 2383 2687 ita

373 2699 458 2743 erit
488 2696 639 2745 semen
663 2712 815 2755 tuum,
848 2699 1072 2761 fignificat
1097 2699 1298 2748 haeredes
1322 2702 1479 2764 Regni
1503 2703 1709 2750 Domini.
2266 2718 2279 2722 ⁴

445 2765 584 2812 1806.
621 2764 849 2812 Educens*
862 2765 996 2813 illum
1020 2763 1156 2822 foraS,
1204 2767 1333 2830 quod
1374 2768 1594 2830 significet
1618 2769 1847 2818 Interioris
1875 2770 2098 2818 Hominis
2123 2769 2274 2819 visum
2297 2774 2377 2836 qui

373 2827 440 2874 ab'
451 2831 649 2878 externis
673 2831 800 2877 videt
825 2831 1010 2888 interna,
1047 2832 1246 2879 constare
1285 2834 1433 2896 potest
1472 2850 1528 2881 ex
1562 2833 1891 2897 'significatione
1930 2837 2122 2884 educere
2161 2835 2300 2894 foraS,
2331 2841 2382 2886 δε

376 2894 512 2954 simul
559 2912 618 2942 ex
654 2896 976 2960 sequentibus,
1030 2899 1210 2946 Interna
1247 2901 1527 2957 educuntur„
1573 2916 1682 2949 cum
1721 2903 1821 2964 quis
1859 2902 2194 2966 contemplatur
2238 2905 2383 2952 oculis

375 2961 577 3022 corporis
605 2962 782 3012 coelum
820 2962 1101 3021 stelliferum,
1154 2965 1204 3012 δε
1252 2967 1356 3014 inde
1400 2969 1572 3032 cogitat
1615 2967 1671 3014 de
1719 2969 1886 3031 Regno
1922 2969 2147 3026 Domini,
2205 2973 2390 3033 quoties.

373 3025 517 3072 homo
562 3026 731 3089 aliquid
757 3029 900 3076 oculis
939 3030 1026 3078 suis
1063 3030 1208 3088 videt,
1246 3033 1293 3080 δι
1333 3033 1407 3081 illa
1438 3049 1544 3096 quae
1591 3033 1749 3091 videt,
1802 3035 1914 3083 ficut
1961 3052 2053 3083 non
2096 3036 2254 3092 videt,
2306 3037 2386 3083 sed

375 3107 431 3136 ex
477 3091 564 3137 illis
619 3092 744 3139 videt
800 3093 872 3140 seu
923 3099 1095 3158 cogitat
1149 3098 1223 3146 illa
1272 3115 1377 3162 quae
1418 3099 1520 3147 sunt
1570 3099 1786 3149 Ecclefiae
1842 3113 1919 3149 aut
1956 3118 2062 3164 quae
2111 3101 2213 3148 sunt
2254 3103 2389 3158 coeli,

375 3166 486 3205 tunc
515 3157 636 3206 visus
658 3158 843 3208 interior
882 3158 956 3208 seu
995 3160 1174 3226 spiritus
1211 3177 1290 3215 aut
1327 3166 1492 3216 animae
1528 3163 1623 3232 ejus
1662 3165 2018 3216 educitursoras
2035 3188 2055 3222 Ξ
2099 3166 2190 3231 ipse
2223 3166 2391 3214 oculus,
2432 3225 2435 3230 .

2198 3233 2388 3299 Proprie
