2788 3736
406 198 732 323 2504
940 231 1923 303 GENEszs

396 376 471 431 tis,
507 372 645 421 Vers:
683 390 761 429 20,
792 387 845 420 21
873 389 882 419 :
921 370 1044 418 causa
1066 371 1146 428 est,
1182 372 1288 436 quia
1303 370 1512 419 nondum
1538 371 1650 420 fides
1674 372 1917 438 conjuneta
1938 374 2000 423 e'st
2024 375 2261 430 charitati·‚
2298 385 2407 421 tunc

400 443 605 505 primum
631 440 797 487 dicitur
820 439 963 486 homo
987 448 1288 502 regeneratuS,
1325 454 1434 486 cum
1458 455 1515 486 ex
1549 439 1758 487 charitate
1781 442 1894 504 agit,
1931 443 1975 488 in
2001 443 2209 490 charitate
2245 440 2308 488 est
2331 441 2410 501 Je-

398 508 567 563 hovah,
604 522 696 553 non
742 506 804 553 ita
849 507 896 553 in
937 505 1027 552 fide
1061 518 1304 570 antequam
1329 505 1530 553 charitati
1558 504 1748 570 jun6ta3
1799 507 1990 555 charitas
2026 509 2089 556 est
2136 508 2284 573 ipsum
2323 507 2407 554 effe

401 575 449 621 &
475 576 629 620 vivere
652 572 849 636 hominis
874 573 920 619 in
944 572 1078 619 altera
1096 574 1203 629 vita,
1230 571 1379 636 ipsum
1405 573 1506 619 Effe
1540 575 1588 620 &
1615 574 1783 620 Vivere
1815 573 1878 621 est
1912 575 2137 636 Jehovah,
2174 591 2309 639 quare
2333 590 2410 621 an·

401 636 587 704 tequam
611 639 673 686 est
696 640 745 686 &
779 640 897 686 vivit
925 638 1086 695 homo,
1122 655 1214 687 non
1239 640 1407 686 dicitur
1437 639 1559 703 apud
1582 655 1691 687 eum
1716 641 1799 687 effe
1823 640 2029 701 Jehovah
2054 641 2125 689 sed
2149 642 2289 696 Deus.

475 710 583 766 841.
622 706 768 771 Qod
792 722 872 769 per
892 705 1140 753 Noachum
1168 706 1459 769 significetur,
1495 719 1547 753 ut
1584 708 1725 770 prius,
1762 707 1904 755 homo
1930 709 2151 772 Antiquae
2175 708 2407 764 Ecclefiae,

403 773 453 820 &
478 789 561 837 per
583 788 772 820 omnem
794 770 954 829 feram,
990 772 1039 819 &
1064 788 1251 820 omnem
1278 772 1462 819 bestiam
1511 789 1618 836 quae
1652 789 1761 822 cum
1797 774 1877 822 illo
1911 775 1955 822 in
2003 791 2118 832 arca,
2154 774 2408 838 fignificen-

404 851 478 887 tur
513 842 668 887 omnia
698 855 806 903 quae
829 839 950 903 apud
975 838 1122 896 illum,
1159 838 1358 886 constare
1391 839 1537 903 potest
1567 839 1623 887 ab
1663 840 1768 898 illis,
1805 857 1911 904 quae
1952 843 2077 906 prius
2117 841 2173 888 de
2196 842 2410 899 Noacho,

401 906 451 954 ὅτ
477 906 534 953 (1(
557 906 886 970 significatione
909 905 1015 952 ferae
1040 907 1088 952 &
1116 905 1282 963 bestiae,
1319 906 1440 953 dicta
1472 904 1599 954 sunt:
1653 908 1764 955 Fera
1788 907 2034 971 induplici
2065 906 2188 955 sensu
2224 909 2270 955 in
2293 909 2408 955 Ver·

403 971 464 1020 bo
480 973 715 1037 accipitur,
749 988 834 1036 pro
857 973 908 1019 iis
933 972 1054 1036 apud
1079 972 1330 1030 hominem,
1365 989 1473 1035 quae
1499 974 1605 1020 viva
1628 972 1745 1031 sunt,
1781 975 1831 1022 &
1854 990 1938 1038 pro
1962 976 2014 1023 iis
2054 991 2160 1038 quae
2196 986 2408 1034 mortua,

404 1040 529 1102 quod
554 1056 639 1102 pro
663 1040 716 1086 iis
740 1056 846 1103 quae
870 1041 978 1086 viva
1002 1038 1118 1096 sunt,
1155 1039 1284 1086 causa
1306 1038 1385 1096 est,
1422 1040 1528 1102 quia
1551 1055 1646 1086 vox
1669 1040 1743 1087 illa
1765 1041 1811 1088 in
1837 1041 2024 1104 Lingua
2046 1042 2249 1090 Hebraea
2272 1041 2409 1106 figni-

403 1105 509 1154 ficat
542 1107 750 1161 Vivum3
803 1105 877 1152 sed
910 1107 1015 1169 quia
1046 1107 1362 1169 Antiquiffimi
1398 1106 1443 1152 in
1468 1105 1780 1153 humiliatione
1822 1107 1896 1153 sua
1932 1121 2220 1171 agnoverunt
2260 1107 2301 1155 se
2325 1123 2410 1171 pro

403 1170 524 1230 feris,
561 1172 664 1220 inde
687 1187 870 1235 quoque
911 1188 991 1235 per
1013 1172 1202 1219 eandem
1240 1187 1404 1220 vocem
1442 1171 1693 1235 significata
1731 1172 1832 1220 sunt
1867 1189 1973 1236 quae
2013 1175 2137 1237 apud
2174 1174 2410 1222 hominem

404 1252 614 1295 mortua·,
651 1239 723 1286 hic
756 1254 836 1302 per
868 1236 1006 1285 feram
1031 1238 1308 1301 significatur
1347 1250 1441 1285 tam
1474 1239 1601 1303 quod
1625 1239 1805 1297 vivum,
1841 1256 1980 1303 quam
2004 1241 2131 1303 quod
2171 1253 2410 1288 mortuum

403 1307 567 1364 inuno
600 1304 862 1367 complexu,
899 1304 1030 1367 quale
1060 1304 1168 1352 solet
1199 1305 1282 1352 effe
1323 1305 1446 1368 apud
1480 1305 1716 1353 hominem
1756 1304 1860 1369 post
1898 1308 2208 1365 tentationem,
2244 1309 2291 1354 in
2316 1323 2411 1371 quo

403 1373 511 1420 viva
533 1373 582 1420 &
607 1385 802 1428 mortua,
841 1371 911 1418 seu
936 1387 1040 1436 quae
1069 1372 1264 1419 Domini
1287 1370 1404 1428 sunt,
1441 1371 1491 1419 &
1528 1387 1634 1436 quae
1659 1371 1859 1420 hominis
1894 1374 2092 1437 propria,
2130 1375 2190 1422 ita
2227 1372 2411 1421 confusa

403 1451 634 1503 apparent,
671 1450 722 1486 ut
761 1439 841 1484 vix
878 1451 987 1485 tunc.
1028 1436 1132 1485 sciat
1171 1438 1331 1495 homo,
1366 1438 1477 1501 quid
1518 1454 1679 1486 verum
1719 1440 1769 1487 &
1808 1438 2008 1496 bonum3
2059 1439 2132 1488 sed
2180 1441 2410 1488 Dominus

405 1499 514 1564 t'unc:¹
545 1507 702 1552 omnia
741 1506 787 1551 in
827 1505 1034 1552 ordinem
1069 1505 1235 1568 redigit
1273 1506 1322 1552 &
1361 1504 1576 1569 disponit,
1613 1518 1664 1553 ut
1688 1505 1885 1554 constare
1918 1506 2064 1570 potest
2104 1506 2160 1554 ab
2193 1507 2279 1559 illis
2302 1522 2409 1571 quae

404 1570 679 1636 sequuntur:
728 1572 853 1635 quod
884 1572 997 1619 Fera
1032 1570 1255 1634 fignificet
1292 1587 1398 1634 quae
1437 1571 1560 1635 apud
1602 1571 1838 1619 hominem
1889 1575 1996 1620 viva
2034 1572 2174 1629 sunt,‘
2202 1574 2409 1621 videatur

406 1639 459 1692 in,
478 1640 604 1702 Cap:
647 1654 797 1702 praec:
834 1654 907 1685 vn
942 1637 997 1684 ad
1013 1637 1132 1685 vers:
1167 1655 1241 1698 14,
1277 1649 1380 1684 tum
1399 1653 1584 1701 quoque
1608 1640 1654 1685 in
1678 1637 1765 1686 hoc
1783 1640 1908 1703 Cap:
1945 1639 2001 1687 ad
2017 1639 2141 1688 vers:
2175 1656 2230 1705 17
2251 1641 2300 1687 δε
2325 1657 2403 1705 19:

355 1720 358 1721 ’
403 1706 529 1769 quod
566 1706 787 1768 significet
824 1721 929 1766 quae
951 1700 1074 1766 apud
1100 1704 1334 1750 hominem
1359 1702 1476 1761 sunt,
1512 1706 1648 1751 etiam
1674 1717 1869 1762 mortua,
1906 1704 2077 1753 constat
2114 1706 2169 1754 ab
2193 1707 2278 1754 illis
2302 1721 2409 1769 quae

401 1775 526 1834 prius
561 1773 617 1819 de
650 1769 751 1819 feris
781 1771 830 1818 ὅτ
873 1770 1019 1818 bestiis
1052 1771 1287 1834 aliquoties
1327 1768 1495 1818 ostensa
1534 1769 1651 1828 sunt,
1704 1783 1756 1819 ut
1795 1787 1854 1821 n:
1895 1789 1978 1836 45,
2013 1774 2095 1834 46,
2145 1789 2252 1834 142,
2299 1789 2407 1835 143,

403 1839 509 1898 246.
1632 1855 1634 1857 ·

470 1908 579 1966 842.
617 1905 681 1953 Et
704 1905 883 1953 transire
909 1903 1014 1953 fecit
1036 1906 1163 1953 Deus
1187 1916 1381 1953 ventum
1399 1904 1529 1969 super
1545 1918 1725 1962 terram,
1752 1905 1800 1952 &
1826 1903 2090 1953 desederunt
2111 1921 2257 1969 aquae,
2283 1904 2410 1969 quod

401 1971 655 2034 fignificent
702 1971 1035 2035 dispositionem
1091 1974 1303 2019 omnium
1358 1972 1404 2019 in
1445 1971 1576 2020 suum
1616 1972 1843 2028 ordinem,
1880 1971 2059 2019 constat
2088 1988 2145 2018 ex
2184 1972 2408 2036 significa-

404 2039 526 2084 tione
549 2039 688 2085 Venti
725 2039 769 2084 in
793 2038 983 2094 Verb03
1036 2054 1195 2086 omnes
1232 2039 1441 2101 Spiritus,
1478 2051 1570 2087 tam
1611 2038 1719 2085 boni
1746 2053 1883 2101 quam
1928 2037 2051 2093 mali,
2089 2050 2409 2100 comparantur

402 2105 451 2151 δ(
491 2105 780 2151 assimilantur
819 2117 976 2161 vento,
1013 2106 1148 2152 etiam
1175 2117 1397 2152 vocantur
1420 2105 1571 2160 venti·,
1608 2121 1688 2168 per
1718 2103 1908 2150 eandem
1941 2119 2108 2157 vocem
2149 2105 2193 2150 in
2221 2104 2410 2167 Lingua

402 2170 614 2234 originali
639 2172 959 2234 exprimuntur
981 2170 1175 2235 spiritus,
1201 2178 1285 2235 per'
1304 2187 1443 2234 quam
1469 2173 1623 2218 venti:
1650 2172 1695 2218 in
1722 2170 2057 2227 tentationibus,
2083 2186 2189 2233 quae
2212 2170 2284 2218 hic
2309 2170 2411 2217 sunt

401 2253 531 2300 aquae
554 2253 660 2301 quae
683 2236 961 2294 desederunt,
999 2238 1049 2284 u't
1074 2239 1197 2301 prius
1221 2237 1463 2293 ostensum,
1503 2237 1604 2284 sunt
1628 2236 1807 2300 spiritus
1827 2236 1931 2283 mali
1950 2239 2030 2300 qui
2056 2236 2292 2294 inundant,
2328 2238 2409 2300 qui

400 2305 642 2351 acervatim
667 2303 863 2350 influunt
892 2321 999 2351 cum
1037 2303 1124 2350 suis
1164 2303 1416 2367 phantasiis,
1459 2304 1509 2350 &
1538 2305 1737 2350 excitant
1776 2302 1936 2350 fimiles
1967 2319 2073 2366 quae
2113 2303 2234 2366 apud
2258 2303 2408 2350 homi-

398 2385 535 2426 nem,
572 2371 619 2417 hi
654 2369 847 2432 spiritus,
885 2369 956 2417 seu
979 2370 1050 2417 hae
1074 2370 1332 2434 phantasiae,
1358 2386 1466 2416 cum
1493 2369 1829 2434 disperguntur,
1866 2369 2032 2416 dicitur
2055 2371 2102 2416 in
2126 2369 2281 2417 Verbo
2313 2369 2409 2417 fieri

398 2451 479 2499 per
502 2449 711 2492 ventum,
748 2437 797 2484 δε
818 2436 1008 2499 quidem
1032 2452 1113 2500 per
1131 2449 1322 2483 ventum
1346 2435 1641 2491 orientalem,
1678 2435 1719 2482 se
1759 2435 1890 2483 habet
1927 2452 1995 2483 res
2029 2436 2149 2500 apud
2171 2435 2407 2484 hominem

398 2504 478 2565 qui
505 2504 548 2548 in
575 2504 833 2559 tentatione,
871 2519 978 2550 cum
994 2502 1152 2567 ,turbae
1186 2502 1258 2550 seu
1283 2519 1413 2566 aquae
1437 2503 1691 2549 tentationis
1730 2503 1907 2559 ceffant,
1945 2502 2057 2550 ficut
2081 2504 2127 2549 in
2152 2504 2407 2558 communi,

398 2570 525 2632 quod
562 2585 588 2617 a
624 2569 743 2633 pluri
778 2570 1047 2632 experientia
1081 2569 1188 2617 scire
1222 2570 1397 2626 datum,
1434 2570 1559 2632 quod
1590 2585 1753 2632 nempe
1781 2569 1888 2616 mali
1929 2568 2107 2632 spiritus
2147 2570 2193 2616 in
2232 2569 2409 2615 mundo

398 2635 638 2701 spirituum
679 2635 722 2682 se
757 2635 1031 2699 quandoque
1073 2637 1119 2683 in
1161 2635 1365 2683 cohortes
1397 2635 1669 2692 consocient,
1708 2638 1757 2682 ὅ(
1792 2636 1850 2682 fic
1891 2635 2043 2682 turbas
2080 2636 2292 2691 excitent,
2334 2634 2410 2681 sed

396 2702 693 2765 dispelluntur
716 2718 795 2766 per
819 2702 921 2749 alias
946 2702 1152 2749 cohortes
1188 2702 1444 2766 spirituum,
1482 2718 1508 2748 a
1545 2702 1700 2749 dextra
1739 2702 2063 2764 utplurimum,
2114 2701 2177 2765 fic·
2213 2717 2237 2746 a
2276 2701 2411 2764 plaga

395 2769 613 2826 orientali,
640 2769 868 2829 alluentes‚
893 2771 971 2832 qui
997 2769 1083 2816 illis
1108 2776 1283 2816 tantum
1312 2781 1489 2816 metum
1514 2769 1563 2816 ὃ(
1588 2781 1803 2815 terrorem
1839 2769 2081 2821 incutiunt,
2118 2778 2169 2812 ut
2193 2767 2304 2813 nihil
2329 2784 2407 2815 co-

394 2836 539 2895 gitent
574 2851 712 2897 quam
736 2835 794 2882 vde
840 2834 966 2898 fuga,
1003 2848 1112 2882 tunc
1136 2837 1214 2898 qui
1240 2835 1627 2897 selconsociarunt,
1664 2833 1984 2896 disperguntur
2000 2833 2046 2878 in
2064 2848 2222 2886 ornnes
2235 2833 2406 2897 plagas,

391 2900 441 2945 ὃ(
466 2900 524 2946 s1c
550 2900 853 2948 diffolvuntur
878 2902 1382 2964 societatesspirituum
1420 2901 1538 2948 male
1575 2898 1846 2946 confardtae:
1901 2897 2105 2946 cohortes
2147 2898 2405 2961 spirituum,

392 2966 472 3028 qui
497 2982 571 3013 eos
597 2967 656 3013 ita
684 2967 965 3030 dispergunt,
990 2980 1213 3015 vocantur
1230 2968 1405 3015 Ventus
1430 2965 1653 3013 orientalis
1673 2986 1686 3018 3
1711 2977 1877 3028 praeter
1894 2964 2018 3027 quod
2045 2966 2290 3012 innumeris
2313 2967 2408 3014 aliis

391 3033 540 3080 modis
563 3032 845 3094 dissipentur,
867 3036 946 3096 qui
972 3036 1111 3080 etiam
1124 3035 1264 3080 Venti
1279 3031 1509 3080 orientales
1528 3031 1645 3088 sunt,
1671 3031 1727 3077 de
1744 3030 1927 3094 quibus,
1953 3046 2010 3076 ex
2029 3032 2201 3078 Divina
2214 3033 2406 3081 Domini

389 3097 717 3166 Misericordia,
755 3100 802 3144 in
824 3099 1149 3161 sequentibus,
1183 3115 1291 3146 cum
1328 3100 1388 3145 ita
1425 3097 1603 3161 disperii
1645 3096 1744 3143 sunt
1782 3097 1888 3144 mali
1927 3096 2120 3160 spiritus,
2158 3104 2268 3146 tunc
2305 3100 2407 3162 post

388 3164 569 3216 turbam
604 3164 676 3213 seu
702 3164 1018 3211 turbulentum
1043 3164 1227 3221 statum,
1264 3166 1409 3211 oritur
1430 3164 1553 3227 quasi
1585 3163 1805 3221 serenum,
1843 3165 1916 3210 seu
1959 3164 2211 3210 silentium:
2248 3165 2404 3216 funili-

389 3242 455 3280 ter
492 3231 533 3280 se
556 3231 686 3283 habet
709 3247 818 3283 cum
844 3229 1046 3290 homine,
1084 3232 1162 3296 qui
1188 3233 1233 3279 in
1258 3233 1535 3287 tentatione3
1571 3231 1607 3278 is
1636 3231 1763 3279 dum
1803 3232 1850 3279 in
1892 3233 2135 3279 tentatione
2175 3228 2253 3286 est,
2291 3232 2406 3283 inter

2222 3297 2407 3346 turbam
