2788 3736
421 229 559 310 486
961 168 1938 293 GENES.JS.

415 364 660 418 recreatur,
686 360 799 408 ficut
821 371 1031 408 externus
1054 358 1198 407 homo
1220 375 1246 406 a
1268 358 1375 407 cibo
1398 357 1591 407 terrestri
1611 381 1626 416 3
1651 358 1725 408 ille
1742 359 1907 418 viftus,
1927 363 2014 425 'qui
2035 363 2098 417 est
2118 363 2296 429 spiritus
2318 362 2431 430 ejuS,

416 430 788 476 >communicatur
809 439 996 475 externo
1019 426 1214 483 homini,
1249 425 1312 474 ob
1336 426 1474 473 finem
1498 437 1551 474 ut
1573 438 1782 474 externus
1803 426 1947 474 homo
1969 427 2205 493 adaptetur
2229 434 2431 480 interno:

425 493 497 540 sed
523 494 611 540 cibi
638 494 700 539 illi
725 494 811 541 hoc
835 494 994 542 ordine
1017 493 1099 541 fibi
1123 492 1387 550 succedunt,
1425 492 1551 540 cibus
1575 493 1770 542 coelestis
1801 492 1865 541 est
1903 510 2042 542 omne
2067 496 2238 545 bonurn
2265 501 2432 546 amoris

420 561 473 606 δε
498 559 720 607 charitatis
743 577 769 608 a
790 562 1016 618 Domino,
1053 559 1180 607 cibus
1205 559 1441 623 spiritualis
1465 559 1529 607 est
1551 575 1690 608 omne
1710 575 1873 608 verum
1898 561 2024 619 fidei,
2059 578 2115 609 ex
2136 562 2206 610 his
2227 563 2337 612 cibis
2359 566 2430 611 vi-

422 638 539 672 vunt
562 626 741 690 angeli·,
775 627 940 676 exinde
961 626 1109 675 existit
1131 627 1275 683 cibuS,
1311 626 1391 690 qui
1415 642 1600 690 quoque
1639 626 1834 675 coelestis
1874 627 1925 676 ὅτ
1965 627 2200 692 spiritualis
2239 628 2321 687 est,
2355 630 2432 678 sed

423 689 607 740 inferior
642 693 894 758 angelicus,
930 709 988 742 ex
1015 709 1111 758 quo
1134 695 1302 741 vivunt
1326 692 1505 757 spiritus
1527 693 1720 758 angelici
1736 715 1753 750 3
1787 710 1843 742 ex
1865 693 1952 742 hoc
1977 696 2144 743 iterum
2183 694 2313 746 ,cibus
2349 698 2430 746 ad-

421 757 512 805 huc
542 757 725 808 inferior
747 761 939 810 coelestis
970 762 1019 809 ὅτ
1041 759 1293 824 spiritualis,
1329 761 1410 824 qui
1433 758 1497 808 est
1535 761 1719 808 rationis
1749 762 1799 808 &
1838 761 1944 809 inde
1983 761 2196 820 scientiae,
2248 777 2306 810 ex
2343 762 2431 811 hoc

421 827 590 872 vivunt
612 825 790 891 spiritus
813 827 952 884 boni;
988 826 1156 875 ultimo
1178 828 1305 874 venit
1327 826 1454 874 cibus
1486 842 1748 891 corporeus,
1783 828 1865 892 qui
1898 827 1963 876 est
1993 828 2189 886 homini,
2230 843 2338 877 curn
2363 831 2434 878 vi-

418 892 494 939 vit
519 892 564 938 in
586 908 793 958 corpore,
829 895 1071 958 proprius,
1107 894 1155 941 hi
1187 893 1277 942 cibi
1311 894 1574 941 mirabiliter
1596 894 1678 942 fibi
1702 894 2083 960 correspondent;
2119 895 2224 943 inde
2247 898 2435 960 quoque

423 970 563 1023 patet,
599 975 681 1007 cur
703 962 753 1009 ὅτ
775 960 1016 1025 quomodo
1039 959 1120 1007 fibi
1152 960 1380 1024 perplacet
1406 958 1598 1018 seientia,
1633 960 1675 1008 se
1697 962 1822 1010 enim
1845 961 1980 1010 habet
2000 962 2114 1010 sicut
2136 964 2362 1027 appetitus
2383 964 2433 1010 &

420 1024 602 1089 gustus,
637 1042 774 1090 quare
796 1028 933 1075 etiam
957 1025 1208 1075 scientificis
1241 1029 1287 1074 in
1322 1027 1500 1075 mundo
1532 1026 1791 1090 spirituum,
1843 1028 2166 1093 correspondet
2192 1027 2288 1076 esus
2315 1029 2438 1092 apud

425 1092 679 1151 hominem,
714 1095 765 1141 &
789 1093 1071 1141 scientiarum
1096 1093 1302 1158 cupidini
1332 1093 1423 1156 ipse
1445 1094 1671 1156 appetitus
1695 1095 1743 1142 &
1768 1094 1944 1157 gustus,
1980 1095 2108 1159 quod
2125 1095 2181 1143 ab
2201 1097 2432 1158 experien-

419 1154 488 1205 jfia
510 1159 698 1216 constat,
735 1160 793 1207 de
825 1175 933 1223 qua,
968 1175 1026 1206 ex
1055 1160 1225 1206 Divina
1246 1160 1441 1206 Domini
1465 1158 1798 1216 Misericordia,
1833 1161 1881 1208 in
1911 1160 2209 1225 sequentibus.

497 1229 588 1285 148
604 1242 639 1272 1.
676 1225 797 1273 Vers
806 1244 816 1274 ε
850 1242 923 1287 15.
973 1227 1037 1273 Et
1073 1225 1277 1272 viderunt
1316 1224 1437 1271 illam
1473 1226 1689 1287 principes
1731 1226 1993 1284 Pharaonis,
2046 1228 2102 1277 ἐξ
2147 1227 2436 1276 laudaverunt

423 1291 543 1339 illam
567 1291 627 1339 ad
645 1292 934 1348 Pharaonem,
969 1292 1025 1341 Β
1055 1291 1233 1356 affumta
1257 1290 1311 1352 eli
1331 1290 1512 1354 famina
1534 1290 1699 1339 domum
1722 1292 1982 1340 Pharaonis.
2051 1293 2280 1342 Viderunt
2312 1296 2437 1358 prin-

420 1358 548 1422 cipes
571 1358 831 1416 Pharaonis,
867 1358 1090 1422 fignificat
1124 1359 1336 1423 primaria
1364 1370 1612 1421 praecepta,
1648 1374 1755 1421 quae
1794 1357 1897 1406 sunt
1918 1359 2145 1423 principes
2168 1359 2434 1410 Pharaonis:

424 1424 477 1473 ὅτ
500 1425 741 1473 laudarunt
763 1426 887 1493 illam
911 1425 970 1472 ad
992 1423 1289 1481 Pharaonem,
1324 1423 1547 1486 significat
1584 1424 1712 1487 quod
1752 1423 2004 1488 placerent:
2058 1430 2108 1474 &
2149 1425 2336 1474 assumta
2373 1425 2439 1474 est

426 1488 622 1540 foemina
653 1491 848 1540 domum
872 1490 1132 1548 Pharaonis,
1168 1489 1392 1554 fignificat
1414 1490 1540 1554 quod
1565 1502 1842 1554 aucuparent
1864 1492 2082 1539 animum.

501 1558 910 1622 14·82.»Viderunt
947 1558 1173 1623 principes
1211 1556 1472 1614 Pharaonis,
1510 1557 1640 1620 quod
1681 1557 1904 1620 fignificet
1940 1558 2154 1622 primaria
2188 1571 2437 1624 praecepta,

420 1640 533 1688 -quae
557 1624 658 1672 sunt
681 1626 906 1688 principes
929 1625 1189 1681 Pharaonis,
1224 1621 1396 1671 constat
1417 1638 1474 1670 ex
1496 1622 1822 1687 significatione
1844 1623 2108 1688 principum
2147 1626 2197 1675 &
2229 1625 2425 1673 Pharao-

426 1692 530 1747 nis;
566 1693 791 1756 principes
815 1691 861 1738 in
884 1690 1040 1739 Verbo
1062 1690 1318 1754 significant
1340 1689 1416 1737 illa
1447 1705 1555 1754 quae
1593 1688 1696 1737 sunt
1733 1691 1962 1755 primaria,
1987 1703 2092 1742 'tam
2130 1691 2177 1740 in
2215 1691 2436 1744 historicis

422 1772 568 1821 quam
606 1758 654 1804 in
686 1757 962 1822 propheticis
984 1757 1158 1814 Verbi;
1195 1757 1246 1805 &
1268 1757 1446 1805 Pharao
1484 1755 1709 1820 fignificat
1747 1756 1874 1805 idem
1907 1773 1960 1805 ac
1983 1757 2236 1822 AEgyptuS,
2273 1759 2324 1806 &
2362 1758 2438 1807 hic

427 1824 663 1888 AEgyptus
703 1824 777 1871 seu
801 1824 975 1872 Pharao
1022 1826 1070 1872 in
1108 1825 1290 1889 optimo
1328 1822 1471 1881 sensu,
1504 1826 1612 1887 quia
1642 1823 1950 1888 praedicantur
1980 1823 2247 1877 descientia
2278 1826 2439 1889 cogni-

419 1890 621 1948 tionum,
656 1906 796 1955 quam
818 1892 1050 1939 Dominus
1072 1892 1119 1938 in
1141 1892 1332 1956 pueritia
1353 1891 1560 1954 primum
1581 1892 1781 1956 arripuit.
1853 1890 2001 1955 Qod
2023 1888 2191 1943 fuerint
2220 1892 2439 1956 ,primaria

426 1970 659 2021 praecepta
680 1973 734 2004 ex
757 1957 930 2016 Verbo,
965 1974 1022 2005 ex
1058 1958 1383 2023 significatione
1406 1957 1575 2007 horum
1605 1958 1653 2005 in
1683 1957 1807 2006 sensu
1831 1960 2009 2006 interno
2029 1957 2216 2006 constat.
2288 1959 2436 2023 Qod

429 2039 511 2088 per
547 2023 830 2071 Pharaonem
868 2025 916 2071 in
939 2024 1096 2073 Verbo
1130 2025 1408 2089 significetur
1443 2025 1568 2072 idem
1606 2041 1659 2072 ac
1698 2040 1782 2089 per
1804 2026 2069 2088 AEgypturn
2101 2026 2148 2073 in
2178 2026 2436 2082 communi,

430 2090 590 2138 multis
614 2090 872 2138 confirmari
894 2090 1059 2155 potest,
1094 2091 1208 2139 ficut
1235 2092 1371 2155 etiam
1404 2107 1485 2155 per
1501 2093 1653 2154 Reges
1682 2092 1876 2139 aliorum
1906 2105 2155 2153 regnorum
2185 2092 2441 2139 nominatos

428 2156 557 2204 idem
580 2172 631 2204 ac
655 2172 738 2221 per
759 2156 850 2221 ipsa
872 2159 1324 2221 nominaregnorum
1345 2177 1356 2206 :
1392 2158 1721 2221 perprincipes
1737 2168 1887 2204 autern
1904 2157 2124 2219 ‚primaria
2146 2155 2349 2214 illorum,
2384 2167 2440 2204 ut

431 2223 556 2285 apud
572 2223 769 2278 Esaiam,
804 2228 840 2251 “
865 2224 1003 2288 Stulti
1032 2226 1255 2287 Principes
1275 2225 1464 2279 Zoanis,
1498 2222 1714 2288 sapientes
1752 2221 1989 2270 consiliarii
2013 2222 2286 2278 Pharaonis3
2321 2238 2438 2287 quo-

429 2294 470 2315 ·“
506 2288 648 2336 modo
672 2290 819 2336 dicitis
843 2290 899 2336 ad
923 2290 1223 2346 Pharaonem,
1269 2290 1388 2337 filius
1410 2287 1662 2352 sapientum
1686 2304 1792 2352 ego,
1827 2287 1947 2336 filius
1983 2289 2438 2353 Regumantiquita-

430 2360 468 2408 ξ*
504 2356 578 2411 tis,
614 2354 816 2403 infatuati
835 2357 1264 2419 Principes'Zoanis‚
1306 2356 1483 2419 decepti
1505 2357 1729 2418 Principes
1765 2355 1960 2418 Noph,’'
1982 2371 2097 2404 xix:
2144 2372 2214 2403 11:
2263 2374 2335 2419 13.
2371 2356 2436 2404 ibi

431 2422 578 2485 princi
613 2438 657 2469 es
679 2423 869 2479 ZoaniS,
888 2423 1174 2487 &sapientes
1194 2423 1430 2471 consiliarii
1447 2421 1689 2470 Pharaonis
1712 2438 1798 2486 pro
1821 2421 2045 2484 primariis
2069 2421 2351 2478 scientificis3
2388 2424 2438 2471 ὅτ

428 2489 539 2550 quia
578 2487 580 2490 ’
615 2490 781 2553 pientia
801 2491 1015 2553 primitus
1036 2491 1190 2553 viguit
1205 2491 1253 2537 in
1269 2490 1497 2553 AEgypto,
1522 2501 1575 2537 ut
1597 2490 1723 2554 prius
1748 2489 1943 2545 dictum,
1965 2500 2156 2538 vocatur
2172 2488 2292 2537 filius
2323 2488 2437 2552 sapi-

433 2570 489 2600 en
596 2590 611 2612 ,
643 2555 696 2603 ‘&
720 2556 841 2603 filius
858 2555 1048 2621 Regum
1065 2556 1378 2621 antiquitatis:
1414 2558 1477 2605 ita
1490 2571 1674 2621 quoque
1702 2555 1808 2604 alibi
1826 2554 2059 2605 multoties·
2072 2557 2120 2605 in
2141 2555 2440 2618 Verboprin-

432 2622 472 2667 ci
531 2616 664 2687 {ipro
683 2624 920 2688 primariis.
1039 2626 1043 2630 ’
2001 2631 2004 2634 ’

508 2694 646 2752 1483.
678 2689 830 2750 Qod
859 2689 1154 2737 laudaverunt
1183 2689 1310 2738 illam
1345 2689 1407 2738 ad
1422 2690 1729 2747 Pharaonem,
1767 2688 1992 2754 significet
2030 2687 2157 2752 quod
2194 2686 2438 2750 placerent,

434 2754 635 2804 constare
657 2755 802 2819 potest
824 2756 988 2820 absque
1010 2757 1321 2820 explicatione.

370 2879 376 2883 ⁸
510 2825 646 2880 1484.
686 2823 833 2883 Quod
855 2824 1042 2875 assumta
1061 2821 1254 2870 foemina
1274 2822 1734 2879 domumPharaonis,
1772 2821 1992 2884 significet
2008 2819 2139 2884 quod
2164 2833 2436 2884 aucuparent

367 2943 372 2948 ,
434 2885 658 2941 animum,
691 2888 893 2937 constare
908 2887 1458 2953 potestafignific-atione
1480 2887 1709 2944 foeminae,
1743 2885 1793 2934 δὲ
1833 2903 1859 2933 a
1881 2886 2207 2949 significatione
2231 2886 2433 2942 domus,

363 3010 373 3015 “
435 2948 629 2998 foemina
653 2951 876 3017 fignificat
897 2967 1077 3010 verum,
1112 2955 1186 3002 hic
1225 2968 1387 3015 verum
1422 2954 1547 3016 quod
1582 2955 1629 3000 in
1660 2953 1871 3008 scientiis,
1908 2951 2036 3015 cujus
2056 2949 2241 3001 :delitiis
2277 2965 2439 3017 captus¹

434 3016 666 3067 Dominus
712 3020 763 3075 in
785 3021 976 3081 pueritia
988 3041 1007 3074 -·,
1042 3018 1210 3067 delitiae
1225 3019 1321 3066 veri
1344 3017 1446 3065 sunt
1474 3018 1569 3068 411ae
1585 3034 1697 3082 quae
1733 3018 1791 3066 ab
1828 3018 2114 3066 intelledtuali
2147 3035 2274 3076 vero,
2309 3019 2436 3082 quod

433 3082 740 3146 fignificatum
780 3083 844 3140 est
867 3100 947 3147 per
970 3084 1184 3141 sororem,
1219 3086 1377 3139 venit;
1413 3084 1580 3131 domus
1601 3084 1834 3149 *significat
1865 3085 1939 3132 illa
1975 3102 2083 3151 quae
2121 3085 2244 3151 apud
2282 3084 2433 3133 homi-

430 3166 558 3206 nem,
595 3151 820 3214 imprimis
855 3165 962 3213 quae
1002 3147 1096 3212 ejus
1136 3150 1381 3197 voluntatis
1420 3149 1539 3206 sunt,
1575 3162 1629 3197 ut
1666 3151 1894 3201 ostensum
1917 3153 2058 3217 prius
2080 3169 2151 3202 n:
2198 3168 2324 3217 7103
2359 3150 2434 3197 hic

400 3242 402 3244 ·
428 3216 536 3269 ideo
557 3232 664 3285 quae
688 3218 844 3275 animi,
869 3215 942 3266 seu
966 3215 1214 3266 affeftionis
1237 3214 1401 3265 sciendi
1426 3218 1475 3265 &
1500 3215 1711 3267 discendi.

2291 3285 2429 3345 1485.
