2788 3736
611 242 983 323 CAPUT
1029 248 1548 317 DECIMUM
1592 247 2138 320 TERTIUM.
2239 208 2370 349 325

361 396 415 428 ‚c‘
446 386 663 450 Princeps
702 379 875 450 pacis‚’'
928 400 982 431 ix
1000 388 1015 432 ι’
1050 399 1094 446 5.
1166 380 1315 446 Apud
1345 381 1603 441 Danielem,
1638 386 1674 410 “
1698 382 1873 430 Videris
1921 381 1989 432 fui
2035 386 2084 432 in
2127 384 2374 436 visionibus

377 462 414 504 ‘5
448 455 610 510 nostis,
646 453 694 500 ὅτ
735 467 838 499 ecce
871 467 982 499 cum
1004 449 1204 499 nubibus
1226 447 1473 503 coelorum,
1509 448 1621 496 ficut
1644 449 1789 497 Filius
1811 450 2029 508 hominis,
2063 453 2247 500 veniens
2261 452 2375 512 fuit,

375 527 423 566 ⁶⁶,
445 523 494 569 ὅτ.
522 519 663 583 usque
685 518 743 565 ad
759 519 1029 582 Antiquum
1051 517 1233 565 dierum
1255 515 1478 580 pervenit,
1515 516 1565 562 &
1598 531 1753 564 coram
1788 516 1892 580 Ipso
1923 521 2286 584 appropinquare
2307 518 2373 569 fe-

357 593 409 643 ,.“
435 599 601 644 cerunt
623 584 810 649 Ipsum:
845 587 896 634 ὅτ
919 585 1052 633 Huic
1092 583 1253 631 datum
1287 581 1352 629 est
1375 582 1655 639 dominium,
1690 585 1741 631 ὅτ
1773 584 1933 646 gloria,
1986 586 2035 632 &
2074 601 2288 649 regnum,
2323 591 2376 639 &

353 661 409 685 -“
444 670 602 702 omnes
625 652 803 716 populi,
839 664 995 716 gentes
1017 651 1068 699 ὅτ
1091 651 1265 714 linguae
1303 648 1393 713 Ipsi
1425 647 1654 704 servient3
1689 649 1951 697 dominium
1975 651 2135 714 IpsiuS,
2171 653 2372 701 domini-

354 726 405 757 ‡“
439 738 524 768 um
540 733 782 776 aeternum,
817 719 943 783 quod
967 733 1062 765 non
1099 716 1315 773 transibit,
1350 716 1407 763 &f
1443 731 1640 779 regnum
1678 715 1838 778 IpfiuS,
1873 718 2000 780 quod
2041 735 2134 766 non
2155 719 2373 782 peribit,’'

354 806 482 836 .V11:
528 806 602 851 13,
648 803 719 847 14.
750 785 855 850 Ipse
877 786 1111 833 Dominus
1144 783 1233 831 hoc
1259 799 1443 847 quoque
1481 781 1597 829 dicit
1622 803 1636 837 ;
1671 782 1792 845 apud
1807 783 2105 842 Matthaeum‚
2142 790 2178 812 “
2201 788 2399 836 Omnia,

354 860 405 895 .“
440 855 565 902 Mihi
587 853 752 901 tradita
782 851 940 900 sunt·a
962 853 1094 900 Patre
1118 852 1273 908 meo,”
1297 866 1383 897 xl:
1422 866 1499 914 27.
1549 850 1601 896 &
1634 848 1759 912 apud
1790 848 1987 907 Lucam,
2022 853 2153 915 Cap:
2190 869 2251 900 x:
2290 871 2370 904 22.

352 921 518 985 <Apud
542 919 830 968 Matthaeum
849 918 971 976 alibi,
1008 923 1043 944 “
1067 919 1185 965 Data
1201 916 1404 964 estMihi
1419 914 1613 979 potestas
1629 917 1676 961 in
1694 914 1819 962 coelo
1832 916 1885 962 &
1901 917 1949 961 in
1972 920 2135 975 terra‚”
2172 935 2337 968 xxviii
2356 939 2370 968 :

373 994 445 1038 18.
516 986 664 1050 Apud
689 986 964 1047 Johannem,
1002 989 1037 1012 “
1060 983 1239 1032 Dedisti
1271 982 1393 1029 Filio
1421 981 1688 1045 potestatem
1734 983 1886 1029 omnis
1927 986 2093 1042 carnis,
2129 998 2182 1032 ut
2214 1002 2368 1044 omne,

368 1059 405 1083 ‘⁶
439 1054 567 1117 quod
583 1051 746 1100 dedisti
762 1053 867 1116 Ipsi,
902 1053 982 1099 det
1002 1051 1093 1097 illis
1116 1051 1260 1096 vitam
1283 1050 1553 1106 aeoernam,''
1578 1065 1689 1096 xvii
1710 1067 1722 1097 :
1762 1066 1809 1105 2,
1849 1067 1894 1113 3,
1930 1050 2059 1113 quod
2082 1053 2216 1099 etiam
2231 1052 2370 1117 signi-

356 1122 532 1179 ‚ficatur
553 1136 635 1183 per
650 1118 798 1166 sedere
821 1134 851 1164 a
880 1117 1067 1172 dextris,
1103 1126 1157 1162 ut
1183 1115 1306 1179 apud
1327 1114 1525 1172 Lucam,
1564 1120 1599 1143 “
1634 1115 1815 1163 Exhinc
1840 1132 1962 1163 nunc
1985 1118 2070 1164 erit
2093 1118 2237 1165 Filius
2260 1121 2371 1167 Ho-

369 1193 406 1215 “
441 1187 578 1245 minis
594 1184 750 1232 sedens
766 1200 792 1230 a
804 1183 979 1231 dextris
992 1184 1176 1230 virtutis
1191 1183 1332 1238 Dei‚''
1348 1198 1453 1228 xxii
1477 1196 1488 1225 τ
1526 1183 1604 1247 69.
1676 1182 1824 1248 Qiod
1841 1183 1946 1230 data
1961 1183 2015 1230 fit
2031 1184 2152 1232 Filio
2169 1185 2369 1236 hominis

363 1254 518 1301 omnis
541 1250 733 1315 potestas
750 1251 798 1297 in
821 1251 951 1298 coelis
976 1251 1026 1297 ὅτ
1050 1251 1096 1296 in
1118 1250 1265 1304 terriS‚
1302 1247 1553 1304 sciendum,
1587 1249 1731 1311 quod,
1753 1250 1959 1296 Domino
1992 1247 2129 1297 fuerit
2172 1252 2370 1315 potestas

361 1319 496 1384 super
513 1321 668 1368 omnia
687 1319 734 1364 in
751 1317 881 1363 coelis
916 1317 965 1363 ὅτ
990 1318 1036 1362 in
1059 1317 1204 1372 terris,
1239 1326 1482 1378 antequam
1503 1316 1632 1361 venit
1654 1317 1702 1362 in
1723 1316 1973 1373 mundum,
2010 1333 2113 1364 nam
2129 1316 2218 1365 fuit
2239 1321 2370 1367 Deus
2405 1346 2410 1348 -

363 1386 422 1434 ab
445 1398 618 1437 aeterno
639 1385 690 1432 ὅτ
714 1383 942 1444 Jehovah,·
974 1382 1087 1429 sicut
1128 1381 1220 1445 ipse
1243 1381 1358 1428 clare
1380 1381 1510 1437 (ficit,
1545 1380 1669 1444 apud
1691 1381 1967 1442 Johannem,
2006 1388 2041 1410 ‘⁶
2064 1384 2204 1432 Nunc
2228 1386 2370 1449 glori-

354 1458 402 1511 ,“
437 1452 527 1500 fica
548 1453 650 1507 Me,
686 1451 767 1497 Tu
790 1451 939 1506 Pater,
975 1449 1105 1512 apud,
1122 1449 1197 1495 Te
1218 1446 1398 1510 Ipsum,
1428 1446 1587 1510 gloria,
1623 1463 1763 1510 quam
1787 1446 1940 1505 habui,
1976 1461 2217 1513 antequam
2235 1469 2369 1500 mun-

369 1524 406 1547 “
440 1519 527 1566 dus
558 1517 678 1573 esset,
715 1515 838 1579 apud
861 1516 984 1574 Te,’'
1015 1530 1156 1562 xvii:
1195 1531 1241 1577 5.
1277 1514 1465 1577 &apud
1498 1513 1733 1571 Eundem,
1772 1519 1806 1541 “
1829 1517 2004 1573 Amen,
2040 1518 2215 1574 Amen,
2262 1520 2371 1567 dico

365 1585 515 1642 vobis,
553 1578 814 1647 priusquam
844 1582 1136 1630 Abrahamus
1176 1579 1280 1638 fuit,
1316 1581 1425 1644 Ego
1447 1578 1565 1636 fui,”
1587 1596 1723 1629 vm:
1763 1586 1840 1644 58.
1877 1579 1966 1630 fuit
2004 1584 2127 1631 enim
2161 1583 2370 1645 Jehovah

363 1653 417 1700 ὅτ
439 1653 567 1700 Deus
593 1650 934 1712 Antiquiffimoe
956 1647 1172 1695 Ecclefiae
1189 1662 1297 1711 quae
1322 1660 1425 1694 ante
1449 1646 1697 1703 diluvium,
1732 1648 1783 1694 &
1818 1647 1906 1695 illis
1929 1649 2048 1697 visus
2069 1673 2083 1706 ;
2119 1649 2206 1698 fuit
2228 1655 2368 1700 etiam

362 1717 573 1781 Jehovah
613 1718 661 1764 &
689 1717 817 1763 Deus
844 1717 1070 1779 Antiquae
1100 1713 1331 1770 Ecclefiae‚
1366 1729 1474 1777 quae
1495 1711 1599 1777 post
1621 1713 1851 1761 diluvium
1878 1737 1893 1770 ;
1930 1716 1979 1762 δε
2002 1714 2091 1763 fuit
2114 1718 2273 1782 Qem
2296 1736 2367 1767 re-

363 1783 689 1849 praesentabant
711 1798 870 1830 omnes
895 1783 1006 1829 ritus
1023 1780 1240 1828 Ecclefiae
1263 1780 1487 1841 Judaicae,
1522 1780 1573 1827 &
1598 1781 1759 1845 Qem
1778 1781 1975 1829 colerent
2001 1805 2016 1838 ;
2052 1795 2098 1830 at
2119 1785 2247 1847 quod
2267 1786 2369 1849 Ipse

350 1852 497 1908 dicit,
534 1850 660 1914 quod
692 1849 795 1897 data
817 1848 906 1912 Ipsi
930 1850 1081 1896 omnis
1105 1847 1296 1911 potestas
1320 1848 1366 1894 in
1390 1847 1514 1894 coelo
1535 1847 1586 1894 &
1609 1847 1655 1894 in
1701 1860 1834 1905 terra,
1882 1860 2097 1913 tanquam
2121 1863 2231 1898 tunc
2271 1854 2366 1915 pri-

364 1934 516 1974 mum,
553 1916 632 1973 est,
667 1919 773 1980 quia
788 1932 869 1979 per
883 1916 1055 1963 Filium
1072 1915 1295 1962 Hominis
1313 1913 1582 1978 intelligitur
1597 1915 1819 1962 Humana
1850 1915 1994 1979 Ipsius
2011 1917 2223 1975 Essentia,
2258 1935 2368 1982 quae

364 2001 475 2032 cum
514 1985 640 2031 unita
662 1982 750 2030 suit
784 1984 990 2039 Divinae,
1025 1982 1162 2030 etiam
1185 1981 1391 2043 Jehovah
1416 1979 1532 2038 -fuit,
1582 1981 1633 2027 ὅτ
1669 1981 1757 2044 Ipfi
1803 1982 1937 2031 fimul
1976 1983 2186 2046 potestas,
2237 1987 2366 2048 quod

365 2051 462 2097 fieri
479 2067 571 2098 non
585 2051 755 2114 potuit,
790 2063 1031 2113 antequam
1068 2048 1349 2112 glorificatus
1370 2047 1451 2105 est,
1485 2047 1574 2095 hoc
1597 2046 1676 2104 est,
1713 2060 1955 2112 antequam
1978 2051 2203 2098 Humana
2220 2051 2364 2115 Ipfius

363 2117 562 2165 Essentia
584 2133 666 2180 per
681 2119 936 2164 unitionem
949 2132 1058 2164 cum
1081 2117 1253 2164 Divina
1274 2116 1411 2163 etiam
1442 2115 1586 2161 vitam
1611 2114 1793 2162 haberet
1816 2117 1861 2162 in
1895 2117 1968 2174 Se,
2005 2118 2052 2164 &
2078 2117 2138 2165 fic
2161 2117 2367 2168 similiter

360 2182 479 2232 fasta
503 2185 673 2230 Divina
710 2184 761 2230 ὅτ
798 2181 1023 2244 Jehovah,
1060 2194 1114 2228 ut
1142 2182 1240 2246 Ipse
1277 2182 1390 2229 dicit
1411 2181 1535 2245 apud
1574 2181 1850 2242 Johannem,
1889 2188 1920 2209 “
1947 2183 2365 2248 Qemadmodum

367 2255 403 2277 “
438 2252 574 2298 Pater
613 2249 749 2296 habet
784 2251 930 2296 vitam
955 2250 1001 2296 in
1024 2249 1083 2296 Se
1100 2249 1219 2313 Ipso,
1255 2249 1391 2297 etiam
1414 2249 1543 2295 dedit
1566 2248 1688 2295 Filio
1709 2250 1855 2296 vitam
1879 2248 2039 2298 habere
2061 2252 2108 2297 in
2127 2252 2183 2298 Se
2205 2251 2363 2315 Ipso‚''

353 2332 394 2371 ‚v
418 2334 429 2363 ε
467 2332 545 2380 27.
580 2316 802 2363 Humana
840 2316 985 2379 Ipsius
1010 2316 1206 2363 Effentia
1232 2315 1307 2363 seu
1335 2317 1575 2364 'Externus
1598 2316 1769 2363 Homo
1801 2315 1880 2374 est,
1918 2318 1999 2380 qui
2031 2333 2216 2382 quoque
2238 2319 2364 2383 apud

361 2382 600 2430 Danielem
635 2384 684 2429 in
714 2382 818 2429 loco
838 2383 977 2430 citato
998 2383 1249 2446 appellatur
1270 2382 1416 2430 Filius
1438 2383 1691 2438 Hominis;
1726 2383 1778 2430 ὅτ
1813 2383 1936 2447 apud
1960 2383 2139 2431 Esaiam
2176 2387 2224 2432 in
2257 2386 2363 2434 loco

363 2451 518 2506 citato,
554 2449 676 2496 Puer
707 2459 838 2495 natus
861 2447 942 2505 est,
978 2449 1028 2495 ὅτ
1050 2449 1195 2496 Filius
1218 2451 1349 2497 datus
1377 2449 1442 2497 est
1474 2448 1632 2496 nobis:
1669 2449 1798 2513 quod
1820 2450 1909 2514 Ipsi
1938 2450 2118 2498 daretur
2138 2452 2359 2514 Regnum

361 2515 558 2571 coeleste,
592 2516 642 2562 &
659 2516 809 2562 omnis
831 2513 1023 2578 potestas
1039 2516 1086 2561 in
1109 2515 1240 2562 coelis
1263 2517 1310 2562 ὅτ
1329 2517 1377 2562 in
1409 2518 1551 2571 terris,
1586 2516 1676 2578 Ipfi
1699 2532 1820 2563 nunc
1843 2515 1992 2563 visum
2014 2519 2065 2564 ὅτ
2089 2520 2360 2580 promissum

360 2581 440 2637 est,
469 2583 517 2628 &
542 2580 820 2644 significatur
843 2597 922 2644 per
944 2579 1042 2628 haec
1060 2580 1212 2637 verba,
1249 2585 1284 2607 “
1308 2596 1498 2627 omnem
1522 2593 1703 2636 terram,
1729 2597 1867 2644 quam
1890 2594 1943 2629 tu
1956 2583 2102 2640 vides,
2139 2584 2221 2630 tibi
2238 2585 2359 2632 dabo

371 2652 404 2674 ‘⁶
441 2647 581 2703 illam,
612 2644 663 2695 ὅτ
685 2647 845 2695 semini
883 2659 965 2694 tuo
988 2646 1089 2710 post
1111 2659 1155 2694 te
1192 2649 1239 2693 in
1278 2647 1552 2702 aeternum,'’
1587 2647 1714 2709 quod
1745 2659 1840 2694 erat
1874 2660 2114 2711 antequam
2137 2650 2360 2698 Humana

357 2713 502 2777 Ipsius
525 2714 722 2762 Efl'entia
767 2715 892 2761 unita
913 2712 1000 2760 fuit
1040 2713 1181 2776 Ipfius
1221 2714 1423 2769 Divinae,
1460 2728 1566 2776 quae
1589 2714 1717 2759 unita
1739 2711 1843 2770 fuit,
1881 2730 1993 2761 cum
2029 2715 2265 2763 diabolum
2305 2718 2356 2764 ὅτ

359 2778 590 2828 infernum
625 2783 779 2838 evicit,
814 2797 979 2844 nempe
1014 2796 1121 2827 cum
1164 2781 1347 2844 propria
1389 2779 1605 2842 potentia,
1641 2780 1692 2826 ὅτ
1729 2782 1923 2843 propriis
1945 2780 2135 2839 viribus,
2175 2784 2357 2846 expulit

358 2861 496 2894 omne
520 2847 709 2905 malum,
746 2847 873 2911 quod
898 2846 1044 2895 solum
1070 2846 1250 2894 disunit.

429 2913 568 2961 1608.
605 2914 670 2960 Et
701 2913 859 2961 semini
882 2926 964 2961 tuo
995 2912 1133 2977 usque
1156 2914 1203 2960 in
1228 2924 1468 2970 aeternurn‚
1504 2913 1631 2977 quod
1654 2913 1878 2978 significet
1915 2914 2015 2962 illos
2037 2915 2118 2978 qui
2140 2915 2281 2963 fidem
2306 2919 2352 2965 in

358 2976 513 3041 Ipsum
545 2977 772 3036 haberent,
809 2980 981 3042 constat
1003 2996 1062 3026 ex
1100 2980 1422 3043 significatione
1439 2980 1633 3037 seminis,
1668 2980 1796 3044 quod
1831 2981 1886 3027 fit
1924 2981 2054 3038 fides,
2089 2983 2138 3029 ὅτ
2163 2983 2351 3045 quidem

356 3044 469 3090 fides
493 3042 825 3100 charitatiffide
845 3063 936 3109 qua
958 3049 1099 3109 priuS,
1136 3063 1196 3095 n:
1228 3065 1340 3110 255,
1379 3048 1491 3110 256,
1536 3064 1671 3109 1025.
1718 3047 1863 3112 Qod
1888 3046 2043 3095 semini
2066 3048 2225 3111 IpsiuS,
2261 3049 2351 3097 hoc

347 3109 420 3169 *est
459 3109 601 3155 fidem
625 3109 887 3158 habentibus
925 3113 973 3158 in
1001 3112 1154 3175 Ipsum
1179 3114 1360 3162 daretur
1382 3118 1576 3178 regnum
1599 3113 1795 3170 coeleste,
1831 3114 2003 3162 constat
2039 3112 2267 3160 manifeste
2289 3130 2348 3161 ex

358 3176 501 3240 Ipsius
522 3176 716 3222 Domini
739 3176 901 3223 Verbis
917 3178 1038 3239 apud
1078 3179 1352 3239 Johannem,
1393 3186 1426 3207 “
1450 3182 1582 3228 Pater
1604 3194 1725 3228 amat
1757 3180 1924 3237 filium,
1961 3184 2009 3227 ὅτ
2045 3180 2198 3226 omnia
2222 3179 2349 3226 dedit

432 3243 479 3289 in
503 3258 689 3290 manum
713 3241 885 3306 Ipsius:
920 3243 1000 3307 qui
1017 3245 1159 3294 credit
1180 3247 1228 3294 in
1250 3247 1442 3307 Filium,
1480 3247 1614 3295 habet
1647 3248 1791 3294 vitani
1834 3259 2048 3294 aeternam
2068 3269 2085 3301 3
2121 3246 2201 3308 qui
2235 3260 2344 3290 vero

2187 3314 2220 3336 ‘G
2254 3325 2350 3360 nm
