2788 3736
403 279 547 366 ⁵258
925 277 990 342 G
1081 275 1143 342 E
1239 276 1327 342 N
1411 277 1612 344 Es
1701 279 2038 365 13&st

412 414 618 468 lefitualia
637 432 742 465 vera
764 431 848 481 per
867 430 970 464 aves
995 416 1143 473 mites,
1177 414 1389 480 pulchras
1410 415 1480 464 «δι
1505 415 1718 475 mundati,
1750 414 1859 467 falsa
1892 431 2044 469 autem
2085 434 2167 486 pet
2188 436 2308 471 aves
2345 425 2433 473 im-

419 488 569 543 mites,
605 483 898 550 impulchras,
938 484 989 531 &
1013 482 1293 541 immundas,
1330 484 1381 531 &
1413 482 1603 547 quidem
1635 482 1884 532 secundum
1904 484 2097 550 speciem
2120 490 2288 538 veri&
2312 488 2434 548 falfi3

417 551 622 600 falsitates
645 551 795 599 crassae
821 552 870 599 &
895 550 1046 598 densae
1069 565 1151 614 per
1173 550 1356 598 noctuas
1382 551 1430 597 δι
1455 565 1635 607 corvos,
1671 567 1756 616 per
1796 552 1981 600 noctuas
2014 555 2121 618 quia
2158 550 2220 604 i'n'
2242 557 2436 606 tenebris

417 619 562 680 noffis
585 621 768 677 vivunt,
804 631 885 682 per
904 630 1067 665 corvos
1090 618 1196 681 quia
1234 616 1386 665 colore
1409 615 1510 664 sunt
1543 618 1707 681 nigro;
1746 629 1798 666 ut
1819 619 1942 682 apud
1966 618 2162 678 Esaiam,
2209 628 2245 650 ‘⁶
2257 624 2433 672 NoHua

417 691 453 713 “
488 698 622 750 atque
645 686 811 745 Corvus
835 684 1100 732 habitabunt
1135 685 1181 731 in
1204 700 1270 741 ea,
1282 685 1311 706 ''
1335 699 1513 732 xxxw:
1547 702 1564 733 1
1582 703 1618 733 1.
1656 685 1734 732 ubi
1756 687 1906 749 agitur
1929 685 1987 733 de
2004 685 2204 736 Ecclesia
2225 690 2432 754 Judaica,

414 753 544 817 quod
569 753 631 800 ibi
656 753 768 800 nihil
795 751 877 799 nifi
901 749 1126 810 falsitates,
1149 767 1255 815 quae
1278 752 1416 798 etiam
1438 750 1754 799 describuntur
1776 768 1857 817 per
1879 753 2094 801 metuam
2119 755 2169 803 &
2192 768 2401 805 corvum.

487 821 597 885 867.
636 820 783 881 Quod
807 835 887 883 per
910 821 1029 866 exire
1051 819 1100 866 δε
1126 818 1268 865 redire
1301 818 1580 882 significetur
1603 818 1741 867 status
1780 835 1950 877 earum,
1987 822 2067 884 qui
2108 820 2226 879 talis,
2263 823 2436 873 constat

399 902 472 935 -ex
498 886 776 944 falsitatibus,
812 902 919 950 quae
941 885 1061 950 apud
1087 884 1339 942 hominem,
1376 901 1485 932 cum
1508 887 1554 932 in
1578 885 1691 934 statu
1715 888 1868 951 primo
1902 888 1950 934 &
1970 886 2166 935 secundo
2198 888 2301 953 post
2335 899 2434 940 ten-

415 955 654 1010 tationem,
690 953 816 1017 quod
843 969 1008 1017 nempe
1033 953 1093 999 ita
1116 950 1220 999 falsa
1243 952 1452 1009 volitent,
1490 965 1541 999 ut
1580 965 1740 1001 exeant
1778 953 1828 1001 &
1869 954 2066 1012 redeant,
2102 971 2159 1001 ex
2197 955 2340 1013 causa,
2374 957 2434 1005 de

413 1037 504 1085 qua
526 1023 668 1084 prius,
694 1019 831 1083 quod
855 1018 1001 1066 solum
1037 1021 1082 1067 in
1106 1020 1584 1066 communiffimorum
1618 1021 1880 1084 cognitione
1906 1020 1974 1077 fit,
2007 1021 2059 1068 &
2081 1021 2164 1068 effe
2199 1025 2349 1087 poffit,
2386 1024 2433 1071 in
2457 1050 2474 1060 η

398 1104 520 1153 quae
555 1088 751 1135 influunt
793 1086 1032 1150 phantasiae
1079 1102 1135 1133 ex
1181 1086 1425 1149 corporeiS,
1486 1084 1771 1144 sensualibus,
1808 1087 1858 1134 &c
1896 1087 2155 1146 mundanis,
2191 1105 2299 1154 quae
2339 1106 2432 1138 non

415 1154 696 1202 concordant
758 1170 867 1201 cum
903 1152 1167 1199 veritatibus
1192 1152 1313 1199 fidei.
2026 1177 2029 1180 ·
2453 1188 2462 1197 .

460 1243 462 1245 ·
485 1222 544 1271 86
558 1226 600 1270 8.
643 1220 796 1283 Usque
819 1219 876 1266 ad
905 1219 1247 1266 exsiccationem
1266 1234 1485 1282 aquarum
1510 1218 1640 1283 super
1663 1230 1793 1277 terra,
1829 1219 1952 1284 quod
1978 1211 2233 1284 significent
2255 1223 2433 1288 diffipa-

413 1290 586 1336 tionem
605 1299 893 1351 apparentem
920 1284 1180 1342 falsitatum,
1216 1285 1387 1333 constat
1416 1302 1473 1332 ex
1497 1285 1609 1334 statu
1633 1285 1830 1335 hominis
1848 1303 1957 1335 cum
1993 1291 2311 1352 regeneratum
2349 1292 2431 1338 ho-

412 1356 487 1402 die
522 1354 671 1401 nullus
707 1370 798 1400 non
847 1353 1006 1409 credit,
1043 1351 1171 1416 quod
1211 1351 1330 1399 mala
1366 1352 1416 1399 &c
1468 1351 1571 1400 falsa
1610 1353 1732 1416 apud
1772 1353 2007 1402 hominem
2059 1354 2238 1418 prorsus
2283 1354 2428 1404 discu-

411 1425 582 1468 tiantur
606 1421 655 1468 δε
680 1420 957 1475 aboleantur,
993 1434 1104 1470 cum
1128 1430 1429 1482 regeneratur,
1465 1419 1525 1467 fic
1549 1431 1602 1467 ut
1634 1435 1744 1468 cum
1767 1433 2050 1485 regeneratus
2073 1421 2152 1478 est,
2170 1418 2302 1469 -nihil
2333 1439 2428 1471 ma-

411 1489 442 1536 li
467 1489 521 1536 &⁴
535 1487 629 1535 falfi
655 1482 894 1539 remaneat,
921 1487 985 1532 ita
1005 1498 1057 1532 ut
1083 1485 1284 1532 mundus
1308 1485 1362 1533 fit
1385 1485 1435 1533 &
1459 1483 1617 1547 justus,
1641 1486 1754 1535 ficut
1776 1486 1987 1535 abstersus
2011 1488 2061 1535 &
2082 1487 2261 1536 ablutus
2284 1491 2427 1553 aquis,

409 1555 484 1602 sed
518 1555 603 1602 hoc
637 1553 701 1601 est
740 1552 1037 1609 falfiffimum,
1079 1551 1298 1616 nusquam
1339 1553 1530 1600 unicum
1561 1553 1754 1611 malum,
1790 1566 1868 1601 aut
1915 1555 2105 1603 unicum
2132 1552 2309 1612 falsum,
2359 1556 2427 1603 di-

412 1621 600 1669 scutitur
624 1622 683 1668 ita
704 1632 757 1667 ut
790 1619 1033 1676 aboleatur,
1069 1617 1146 1666 sed
1170 1624 1327 1676 omne‘,
1363 1619 1674 1683 quodcunque
1695 1620 1751 1667 ab
1790 1619 1976 1668 infantia
2018 1620 2321 1669 haereditario'
2341 1623 2428 1669 im·
2452 1649 2458 1655 ·
2479 1664 2493 1670 t

413 1688 528 1743 buit,
566 1690 615 1735 &
648 1687 899 1734 actualitate
924 1685 1179 1749 acquisivit,
1215 1697 1432 1742 remanet,
1463 1685 1523 1732 fic
1547 1697 1600 1733 ut
1638 1686 1797 1744 homo,
1833 1687 2004 1735 tametsi
2031 1700 2313 1750 regeneratus
2345 1689 2426 1745 est,

403 1772 504 1802 ¹non
529 1754 583 1801 fit
607 1754 687 1801 nifi
714 1753 886 1800 malum
910 1752 961 1799 δε
995 1750 1175 1808 falsum,
1209 1751 1338 1815 quod
1363 1751 1598 1799 animabus
1620 1752 1723 1817 post
1742 1765 1940 1800 mortem
1965 1753 2021 1800 ad
2043 1756 2209 1801 vivum
2232 1754 2429 1803 ostendi-

410 1834 486 1869 tur
506 1843 519 1877 ;
543 1821 682 1885 *quod
707 1822 846 1877 etiam
871 1819 976 1866 inde
1001 1817 1099 1866 satis
1124 1815 1354 1866 manifeste
1379 1818 1578 1866 constare
1601 1818 1765 1883 potest,
1801 1818 1928 1882 quod
1966 1819 2077 1867 nihil
2101 1817 2242 1876 boni,
2263 1821 2313 1868 δε
2354 1824 2423 1868 ni-

409 1888 470 1946 hil
494 1890 590 1935 veri
614 1887 667 1934 fit
691 1887 866 1934 homini
895 1885 976 1933 nifi
1001 1900 1028 1932 a
1048 1886 1275 1942 Domino,
1311 1886 1362 1932 ὅτ
1385 1885 1513 1949 quod
1537 1901 1675 1934 omne
1698 1885 1873 1933 malum
1903 1887 1951 1934 δε
1988 1884 2147 1934 falsum
2183 1885 2360 1934 homini
2398 1905 2424 1935 a

407 1956 611 2020 proprio,
647 1955 698 2001 δε
722 1954 849 2017 quod
872 1953 1031 2008 homo,
1067 1965 1119 1999 ut
1142 1953 1192 2000 δε
1217 1950 1416 2016 spiritus,
1452 1953 1553 2003 imo
1577 1952 1804 2016 Angelus,
1839 1953 1873 1999 fi
1896 1952 1968 1999 vel
1992 1954 2184 1999 minime
2208 1954 2423 2018 relinqui-

409 2036 484 2068 tur
507 2021 606 2076 fibi,
643 2033 743 2067 ruat
767 2037 822 2068 ex
846 2019 884 2066 se
909 2019 966 2065 ad
990 2016 1237 2072 infernum,
1273 2035 1407 2081 quare
1430 2021 1566 2070 etiam
1602 2020 1648 2067 in
1673 2019 1830 2066 Verbo
1867 2019 2049 2074 dicitur,
2085 2019 2210 2082 quod
2236 2020 2426 2066 Coelum

409 2105 499 2135 non
544 2087 597 2135 fit
636 2102 835 2150 purum·,
872 2085 959 2132 hoc
984 2085 1155 2148 Angeli
1181 2084 1447 2148 agnoscunt,
1483 2086 1533 2133 &
1556 2088 1636 2150 qui
1659 2102 1752 2148 non
1775 2084 1991 2147 agnoscit,
2028 2086 2063 2131 is
2088 2088 2204 2132 inter
2218 2086 2426 2148 Angelos

409 2172 503 2202 non
528 2155 610 2201 effe
636 2152 814 2218 potest,
850 2150 913 2198 est
937 2151 1043 2198 Sola
1065 2153 1259 2198 Domini
1284 2151 1611 2208 Misericordia,
1646 2167 1753 2215 quae
1778 2151 1932 2198 liberat
1954 2166 2047 2207 eos,
2085 2152 2182 2198 imo
2216 2168 2322 2215 quae
2344 2169 2422 2199 ex-

409 2222 544 2269 trahit
568 2237 643 2268 eos
668 2220 718 2267 &
742 2219 916 2266 detinet
939 2217 994 2264 ab
1018 2216 1209 2274 inferno,
1248 2235 1304 2264 ne
1325 2218 1433 2265 illuc
1457 2233 1514 2264 ex
1538 2217 1676 2264 semet
1716 2229 1876 2272 ruant;
1908 2217 2035 2281 quod
2054 2216 2383 2266 ‘detineantur
2399 2235 2426 2266 a

410 2290 640 2343 Domino,
662 2303 717 2333 ne
742 2298 871 2332 ruant
894 2287 941 2331 in
965 2283 1211 2340 infernum,
1235 2282 1463 2331 manifeste
1486 2284 1943 2348 percipiuntAngeli,
1968 2284 2263 2347 quodamodo
2285 2287 2423 2332 etiam

410 2354 587 2418 spiritus
612 2353 752 2408 boni·,
790 2352 968 2416 spiritus
991 2363 1142 2398 autem
1166 2350 1289 2407 mali,
1326 2350 1439 2397 ficut
1478 2350 1703 2407 homines,
1754 2350 1842 2397 hoc
1883 2354 1975 2397 n'on
2016 2351 2224 2407 credunt,
2260 2350 2334 2398 sed
2371 2353 2426 2400 iis

410 2420 644 2468 multoties
668 2419 891 2465 ostensum
915 2417 1013 2473 est·,
1049 2418 1106 2464 de
1129 2416 1295 2480 quibus
1320 2416 1377 2463 ab
1398 2418 1687 2480 experientia,
1724 2433 1781 2464 ex
1816 2418 1989 2464 Divina
2013 2418 2206 2464 Domini
2242 2417 2423 2465 Miseri-

410 2489 580 2542 cordia,
617 2487 794 2533 dicetur
813 2487 863 2532 'in
902 2484 1199 2547 sequentibus.
1272 2484 1396 2530 Cum
1437 2484 1588 2547 itaque
1625 2484 1761 2531 status
1797 2484 1995 2534 hominis
2035 2484 2135 2531 talis
2178 2483 2258 2541 est,
2293 2485 2422 2548 quod

411 2555 630 2618 nusquam
657 2552 842 2615 aliquod
868 2550 1040 2598 malum
1065 2551 1115 2597 δι’,
1140 2549 1299 2597 falsum
1325 2551 1386 2596 ita
1401 2549 1562 2596 discuti
1587 2553 1735 2614 poffit,
1761 2563 1814 2597 ut
1838 2550 2079 2608 aboleatur,
2104 2552 2209 2614 quia
2231 2552 2277 2597 in
2301 2550 2422 2605 malo

413 2623 463 2670 &
488 2621 596 2668 falso
620 2619 816 2668 consistit
840 2617 933 2682 ejus
972 2618 1067 2664 vita
1106 2619 1303 2680 propria,
1339 2618 1587 2673 Dominus,
1636 2633 1694 2664 ex
1731 2617 1903 2664 Divina
1939 2617 2268 2673 Misericordia,
2305 2616 2422 2664 dum

411 2700 640 2752 regenerat
664 2687 916 2741 hominem,
952 2700 1033 2747 per
1055 2685 1365 2738 Tentationes,
1404 2683 1520 2730 mala
1553 2681 1646 2747 ejus
1671 2684 1721 2733 δε
1760 2681 1863 2730 falsa
1899 2685 1974 2730 ita'
1999 2684 2173 2738 domat,
2209 2695 2262 2729 ut
2299 2683 2423 2744 quasi

413 2768 593 2801 mortua
616 2765 872 2817 appareant,
909 2750 1083 2798 tametfi
1119 2766 1211 2797 non
1235 2762 1415 2797 mortua
1437 2749 1555 2807 sunt,
1589 2749 1738 2797 solum
1761 2749 1947 2795 domata
1969 2765 2023 2795 ne
2048 2759 2296 2811 repugnare
2321 2748 2423 2811 pos-

412 2821 585 2868 sintita
623 2821 752 2866 bonis
792 2820 840 2866 &
866 2819 1001 2874 veris,
1038 2833 1145 2880 quae
1190 2833 1216 2863 a
1237 2818 1480 2871 Domin03
1517 2829 1619 2863 turn
1665 2831 1848 2879 quoque
1871 2817 2119 2870 Dominus,
2154 2812 2236 2878 per
2280 2827 2423 2865 tenta—

410 2889 572 2942 tiones,
610 2902 776 2932 novam
812 2883 1074 2932 facultatem
1113 2883 1207 2939 dat,
1243 2883 1490 2945 recipiendi
1529 2882 1647 2929 bona
1687 2883 1736 2927 ὅτ
1776 2897 1896 2937 vera,
1933 2881 2149 2926 donando
2187 2882 2423 2929 hominem

411 2954 520 3001 ideis
545 2955 594 2999 δε
618 2951 927 3009 affectionibus
952 2952 1058 2997 boni
1082 2951 1131 2996 &
1156 2951 1267 3005 veri,
1305 2950 1363 2995 ad
1386 2964 1492 3010 quae
1532 2947 1646 2994 mala
1684 2947 1733 2992 &
1758 2943 1862 2993 falsa
1900 2950 2066 3010 poffint
2089 2948 2239 3003 fleffi,
2278 2950 2326 2995 &
2351 2950 2420 2996 in—

417 3019 635 3066 smuando
658 3017 981 3064 communibus
1015 3014 1126 3079 ejus,
1163 3016 1220 3062 de
1254 3014 1419 3078 quibus
1441 3015 1582 3076 priuS,
1634 3013 1929 3075 particularia,
1965 3014 2014 3060 &
2060 3014 2129 3060 his
2167 3015 2420 3077 singularia,

396 3092 520 3150 ³qu⁷e
546 3084 666 3150 apud
694 3083 924 3129 hominem
952 3082 1181 3127 recondita
1207 3080 1321 3137 sunt,
1358 3080 1405 3126 δι
1431 3094 1537 3141 quae
1562 3079 1704 3126 homo
1740 3078 1918 3142 prorsus
1959 3079 2111 3137 nescit,
2157 3097 2261 3128 nam
2295 3083 2424 3129 ‚intra

411 3152 504 3217 ejus
529 3163 684 3215 captus¹
707 3150 756 3196 &
781 3149 1080 3211 perceptionis
1105 3146 1322 3209 sphaeram
1347 3144 1479 3199 sunt·‚
1515 3161 1622 3208 quae
1645 3145 1747 3192 talia
1769 3145 1887 3203 sunt,
1923 3159 1974 3193 ut
2013 3163 2099 3210 pro
2128 3150 2420 3210 receptaculis

412 3222 483 3267 seu
510 3219 623 3266 vasis
657 3215 865 3264 inservire
890 3215 1068 3275 possint,
1106 3225 1156 3259 ut
1198 3213 1250 3258 iis
1291 3228 1314 3257 a
1339 3213 1546 3258 Domino
1585 3211 1792 3259 insinuari
1833 3225 1968 3274 queat
2002 3214 2206 3271 charitas,
2241 3215 2290 3260 &
2314 3215 2421 3263 huic

412 3286 700 3339 innocentia3
735 3297 818 3346 per
849 3295 1050 3344 quorum
1075 3278 1330 3327 mirabilem
1367 3290 1734 3343 temperaturam,
1771 3280 1894 3346 apud
1926 3280 2196 3339 hominem,
2217 3279 2422 3343 spiritum
