2788 3736
419 245 637 316 592
971 214 1035 282 G
1128 215 1190 280 E
1281 211 1515 278 NE
1608 211 1660 276 s·
1749 214 1798 278 11
1872 214 1945 281 s,

421 350 503 398 sibi
541 365 634 399 non
667 346 854 411 aliquod
890 345 1137 410 praemium
1178 343 1338 408 poscit,
1372 343 1481 407 quia
1524 358 1654 390 arnor
1705 340 1779 389 ille
1814 342 1880 390 est
1909 345 2024 400 talis,
2071 355 2127 393 ut
2165 346 2326 394 omnia
2363 344 2430 394 sui
2484 389 2486 393 ,

421 418 526 473 dare
544 419 594 464 δε
626 413 860 463 transferre
882 412 996 460 velit
1026 413 1073 458 in
1097 411 1222 468 alios,
1242 411 1309 458 ’ὅτ
1340 410 1450 458 nihil
1486 424 1572 472 pro
1611 407 1654 460 se
1683 405 1891 473 ”habere3
1925 425 2062 474 quare
2084 411 2197 460 salus
2235 413 2432 461 univerfi

412 486 595 546 generis
624 482 811 528 humani
846 478 1120 543 significatur
1150 477 1223 525 hic
1247 493 1328 541 per
1351 475 1638 534 mercedems,
1701 519 1703 521 ,
1784 518 1789 521 ,
1886 525 1889 529 ,
2184 527 2211 531 γ’

499 566 515 595 1
529 565 635 612 790.
672 545 797 593 Vers.
826 563 868 593 2.
906 547 970 592 Et
991 545 1102 592 dixit
1123 545 1305 600 Abram,
1344 543 1523 589 Domine
1545 541 1756 605 Jehovih,
1773 541 1897 607 quid
1930 542 2053 590 dabis
2091 544 2214 599 mihi,
2240 545 2313 592 -&
2359 561 2448 608 ego*

427 614 645 662 ambulans
691 612 897 674 improlis,
948 611 1004 660 δέ
1035 610 1160 670 filius
1189 619 1448 673 procurator
1485 608 1626 661 domus
1677 625 1792 665 meae,
1845 611 1884 656 is
1920 610 2208 672 Damascenus
2245 603 2448 665 El'iezer„

429 682 563 729 Dixit
588 679 782 735 Abram,
818 678 1021 725 Domine
1038 676 1253 738 Jehovih,
1290 675 1509 738 fignificat
1536 675 1732 732 Domini
1753 676 2125 738 perceptionem·,
2162 674 2341 723 Abram
2373 675 2453 723 est=
2479 700 2482 703 ⁴

433 748 630 794 Interior
655 746 852 800 Homo3
887 744 1119 792 Dominus
1159 741 1356 804 Jehovih
1402 740 1466 788 est
1503 741 1714 799 Internus
1759 740 2000 805 respective
2039 742 2094 788 ad
2130 741 2401 789 Interiorem
2420 763 2454 799 ;⁴

432 813 547 877 quid
586 811 710 859 dabis
740 811 869 867 mihi,
906 812 957 858 δε
980 825 1069 873 ego
1107 808 1341 856 ambulans
1376 807 1600 871 improlis,
1644 807 1868 870 fignificat
1915 807 2044 871 quod
2077 801 2201 855 nulla
2237 807 2447 857 Ecclesia-

436 881 645 927 Interna:
682 879 731 926 ὅτ
772 877 891 924 filius
939 888 1202 940 procurator
1247 875 1414 922 domus
1449 890 1585 934 meae,
1620 873 1846 937 fignificat
1884 873 2131 922 Ecclesiam
2155 874 2405 922 Externam
2427 894 2447 924 :⁴

436 947 476 994 is
499 944 802 993 Damascenus
825 943 1022 1000 Eliezer,
1058 942 1121 989 est
1143 941 1343 989 Ecclesia
1359 941 1572 988 Externa.
2056 948 2062 970 ³
2232 995 2236 997 μ
2375 993 2380 997 Α

513 1028 651 1076 1791.
686 1011 823 1058 Dixit
846 1008 1041 1065 Abram,
1066 1009 1268 1056 Domine
1282 1006 1498 1069 Jehovih,
1534 1006 1662 1070 quod
1702 1005 1926 1069 fignificet
1957 1006 2152 1054 Domini
2173 1007 2442 1070 *perceptio-

437 1095 563 1135 nem,
600 1077 798 1125 constare
839 1075 985 1139 potest
1028 1075 1151 1132 inde,
1188 1074 1316 1138 quod
1337 1073 1568 1121 Dominus
1607 1072 1818 1120 intimam
1858 1075 1907 1120 &
1930 1071 2299 1136 perfectislimam
2335 1089 2438 1121 om-

441 1147 573 1193 nium
622 1144 962 1208 perceptionem
999 1141 1228 1195 habuerit,
1265 1140 1503 1201 Pei-ceptio
1543 1150 1652 1195 erat,
1687 1150 1740 1184 ut
1779 1140 1904 1201 prius
1942 1140 2137 1195 dietum,
2173 1139 2357 1188 sensatio
2393 1142 2444 1188 δε

444 1211 651 1275 cognitio
673 1209 931 1272 perceptiva
952 1208 1164 1252 omnium
1192 1221 1298 1267 quae
1338 1204 1506 1264 fiebant
1547 1205 1593 1250 in
1624 1203 1762 1259 coelo,
1798 1202 1975 1267 fuitque
1998 1207 2213 1252 continua
2234 1222 2447 1253 commu-

448 1277 613 1325 nicatio
638 1277 685 1322 ὅτ
712 1277 884 1320 interna
907 1271 1191 1335 colloquutio
1214 1286 1323 1318 cum
1347 1269 1571 1331 Jehovah,
1607 1285 1714 1332 quae
1753 1268 1842 1315 sola
1862 1270 2070 1317 Domino
2109 1269 2227 1327 fuit;
2263 1271 2361 1319 haec
2401 1274 2448 1319 in

449 1341 573 1392 sensu
597 1344 774 1389 interno
799 1337 1064 1401 intelligitur
1095 1353 1176 1401 per
1207 1336 1254 1383 id
1278 1335 1406 1399 quod
1439 1335 1602 1382 dixerit
1626 1334 1804 1382 Abram
1842 1334 1899 1382 ad
1923 1335 2165 1396 Jehovam,
2202 1338 2262 1386 ita
2284 1354 2449 1400 reprae-

450 1409 614 1458 sentata
635 1422 715 1471 per
742 1405 1001 1453 Abramum
1018 1403 1201 1468 quando
1225 1403 1570 1466 loquutus-cum
1590 1401 1823 1462 Jehovah·,
1857 1401 2058 1449 fimiliter
2081 1403 2127 1448 in
2151 1400 2458 1465 sequentibus,

452 1474 531 1522 ubi
555 1470 769 1529 occurrit,
805 1472 931 1535 quod
957 1470 1134 1518 Abram
1160 1470 1328 1516 dixerit
1350 1468 1407 1515 ad
1432 1468 1671 1529 Jehovam.
1944 1507 1947 1510 ⁴
2283 1467 2287 1472 ’
2400 1516 2403 1517 ⁷

531 1557 671 1605 1792.
708 1538 854 1603 Qod
886 1538 1063 1584 Abram
1100 1536 1154 1583 sit
1186 1536 1377 1583 Interior
1416 1534 1575 1590 homo,
1612 1532 1685 1580 seu
1708 1533 1837 1596 quod
1860 1532 2038 1581 Abram
2070 1534 2450 1598 repraesentaverit

456 1608 720 1656 Interiorem
739 1604 813 1653 seu
827 1603 1114 1652 Rationalem
1135 1602 1395 1650 Hominem
1419 1600 1630 1656 Domini,
1666 1601 1791 1663 prius
1815 1599 1994 1647 dietum
2015 1600 2110 1656 est3
2134 1601 2247 1664 quid
2265 1602 2454 1650 Interior

457 1673 651 1723 Domini
668 1672 852 1728 Homo,
889 1671 935 1716 in
952 1670 1111 1733 Capite
1129 1667 1411 1732 praecedente
1435 1666 1684 1714 indicatum
1709 1665 1784 1712 est.
2013 1674 2015 1676 ’

533 1756 672 1805 1793.
723 1736 868 1799 Qod
906 1736 1136 1786 Dominus
1168 1733 1385 1796 jehovih,
1442 1733 1498 1780 fit
1538 1733 1745 1780 Internus
1791 1730 2031 1795 respective
2070 1733 2126 1780 ad
2172 1734 2453 1794 Interiorem,

460 1805 633 1855 constat
677 1820 731 1851 ex
771 1803 857 1850 illis
894 1819 999 1866 quae
1036 1802 1093 1850 de
1130 1802 1313 1849 Interno
1346 1800 1573 1848 Homine·
1594 1799 1790 1847 Domini
1832 1799 1952 1846 dieta
1990 1798 2106 1856 sunt,
2142 1795 2267 1864 quod
2294 1818 2467 1866 nempe,

463 1872 607 1920 fuerit-
620 1869 718 1934 Ipse
741 1869 965 1932 Jehovah,
1002 1885 1027 1916 a
1067 1869 1180 1932 Qo
1213 1879 1476 1931 conceptus,
1515 1868 1563 1913 &
1588 1864 1717 1930 cujus
1756 1866 1918 1913 unicus
1958 1864 2116 1924 Filius,
2153 1869 2227 1914 cui
2266 1868 2459 1916 Domini

463 1941 744 1988 Humanum
784 1937 966 1983 unitum
1004 1933 1193 1992 faetum,
1252 1933 1493 1998 postquam
1533 1946 1806 1989 maternum,
1865 1932 1952 1980 hoc
1993 1933 2056 1980 est
2088 1932 2217 1990 illud,
2269 1935 2396 1997 quod
2433 1952 2460 1983 a

467 2018 607 2054 matre
644 2004 792 2060 traxit,
828 2019 908 2066 per
947 2018 1123 2066 pugnas
1161 2002 1466 2049 tentationum
1490 1999 1830 2063 purificaverit3
1868 2000 1914 2045 in
1937 1998 2092 2046 Verbo
2116 1999 2278 2063 saepius
2302 2017 2462 2057 occur-

467 2074 527 2120 rit
549 2071 780 2118 Dominus
804 2069 1018 2131 Jehovih,
1055 2070 1151 2115 imo
1175 2069 1350 2131 quoties
1375 2066 1582 2127 Jehovah
1604 2067 1836 2113 Dominus
1858 2065 2044 2122 dicitur,-
2077 2066 2329 2129 appellatur
2366 2083 2459 2116 non

468 2139 699 2193 Dominus
724 2135 931 2197 Jehovah
968 2135 1040 2182 sed
1064 2135 1293 2182 Dominus
1309 2133 1522 2194 Jehovih,
1559 2134 1605 2179 δι
1631 2132 1719 2180 hoc
1743 2132 1987 2195 imprimis,
2024 2132 2101 2178 ubi
2125 2133 2181 2178 de
2205 2134 2460 2192 tentationi-

471 2204 557 2251 bus
581 2205 744 2267 agitur,
781 2216 833 2249 ut
862 2201 982 2265 apud
1007 2199 1200 2258 Esaiam,
1239 2206 1272 2227 ‘·
1296 2201 1423 2264 Ecce·
1442 2201 1652 2247 Dominus
1681 2198 1874 2262 Jehovih
1913 2198 1959 2243 in
1989 2195 2095 2243 forti
2119 2198 2260 2254 venit,
2297 2200 2342 2244 ὅτ
2364 2198 2468 2246 bra-

473 2276 509 2298 “
546 2270 702 2317 chium
725 2268 867 2333 Ipsius
897 2268 1134 2314 dominans
1157 2266 1262 2330 Ipsi,
1298 2282 1400 2314 ecce
1422 2268 1589 2314 Merces
1617 2264 1758 2327 Ipfius
1797 2278 1905 2310 cum
1945 2261 2064 2324 Ipso,
2095 2263 2155 2323 b&r
2186 2279 2302 2325 opus
2322 2263 2465 2327 Ipsius

474 2341 511 2364 “
547 2351 700 2383 coram
724 2333 843 2397 Ipso,
880 2334 992 2382 sicut
1013 2333 1162 2396 pastor
1200 2348 1387 2396 gregem
1429 2330 1559 2378 suum
1596 2328 1759 2393 pascet,
1797 2330 1842 2375 in
1866 2328 2098 2375 brachium
2123 2327 2254 2378 suum
2280 2330 2464 2394 colliget

477 2406 513 2430 ‘⁶
547 2417 704 2464 agnos,
759 2401 807 2446 ὅτ.
848 2401 895 2445 in
935 2400 1112 2461 gremio
1155 2397 1232 2444 suo
1271 2397 1485 2461 portabit,
1535 2397 1742 2443 laetentes
1776 2394 1962 2451 ducet,'’
2000 2411 2091 2443 XL:
2135 2414 2210 2452 10,
2245 2414 2314 2445 11.
2385 2398 2465 2444 ubi

476 2469 707 2517 Dominus
732 2465 929 2526 Jehovih
953 2466 998 2511 in
1021 2463 1127 2511 forti
1150 2465 1275 2511 venit
1306 2464 1366 2526 de·
1396 2464 1585 2510 vi&oria
1608 2465 1653 2509 in
1675 2462 1842 2526 pugnis
1867 2463 2186 2523 tentationum,
2229 2462 2463 2521 brachium

478 2534 623 2598 Ipsius
655 2530 963 2579 dominabitur
1000 2530 1106 2593 Ipsi,
1143 2546 1227 2594 pro
1266 2530 1394 2593 quod
1439 2545 1495 2576 ex
1533 2530 1715 2592 propria
1753 2518 1989 2591 potentia}
2026 2529 2136 2591 quid
2177 2545 2360 2587 merces,
2409 2519 2473 2587 des

481 2617 573 2664 qua
596 2601 641 2646 in
664 2596 786 2645 vers:
823 2613 959 2660 praec.
999 2596 1071 2643 hic
1095 2596 1273 2653 dicitur,
1311 2611 1474 2659 nempe
1518 2596 1643 2659 quod
1685 2593 1795 2641 salus
1834 2594 2024 2641 universi
2051 2596 2224 2656 generis
2261 2595 2465 2654 humani,

482 2667 570 2714 hoc
595 2665 686 2723 est,-
709 2676 762 2711 ut
806 2663 955 2727 pastor
1001 2678 1188 2727 gregem
1233 2661 1397 2726 pascat,
1434 2663 1480 2708 in
1520 2661 1754 2709 brachium
1798 2660 1983 2723 colligat
2022 2675 2177 2722 agnos,
2213 2663 2259 2708 in
2289 2653 2477 2725 gremio,

485 2744 651 2795 portet,
687 2730 894 2777 la&entes
933 2729 1087 2786 ducat,
1136 2745 1241 2792 quae
1289 2729 1445 2775 omnia
1476 2727 1577 2774 sunt
1606 2728 1770 2775 amoris
1807 2727 1957 2773 intimi
1975 2725 2048 2773 seu
2076 2729 2246 2774 Divini.
2318 2729 2477 2791 Apud¹

486 2798 720 2854 Eundem,
748 2802 781 2823 “
808 2798 1014 2843 Dominus
1030 2795 1228 2857 Jehovih
1257 2796 1429 2858 aperuit
1469 2794 1581 2841 mihi
1605 2810 1774 2850 aurem,
1811 2793 1860 2840 &
1878 2810 1966 2857 ego
1990 2809 2081 2840 non
2105 2792 2329 2851 rebellavi,
2350 2806 2472 2842 retro

490 2868 525 2890 “
562 2879 652 2909 non
694 2865 856 2918 recessi,
892 2879 1056 2925 corpus
1081 2877 1236 2908 meum
1276 2861 1382 2908 dedi
1414 2860 1781 2924 percutientibus,
1819 2858 1866 2905 δε
1891 2858 2096 2921 maxillas·
2112 2874 2233 2905 meas
2257 2858 2473 2921 vellican-

486 2934 525 2956 “
559 2928 696 2981 tibus,
731 2926 862 2975 facies
904 2944 1026 2974 meas
1061 2944 1152 2974 non
1176 2927 1401 2975 occultavi
1432 2926 1487 2974 ab
1527 2925 1868 2989 ignominiis&
1897 2923 2053 2986 ‚sput0‚
2090 2924 2371 2985 &Dominus
2391 2929 2470 2989 Je-

487 3000 527 3023 “
562 2994 695 3041 hovih
726 2993 1009 3041 auxiliabitur
1048 2994 1194 3048 mihi3
1231 3009 1332 3040 ecce
1370 2994 1577 3047 Dominus
1597 2991 1789 3053 Jehovih
1822 2989 2107 3036 auxiliabitur
2130 2989 2258 3047 mihi,
2279 2992 2292 3011 '
2328 3007 2384 3039 L:
2422 3010 2472 3056 5,

491 3058 541 3123 6,
571 3076 615 3124 7,
642 3078 686 3125 9.
723 3057 786 3106 ibi
806 3057 1037 3108 manifeste
1061 3058 1116 3104 de
1139 3057 1474 3113 tentationibus,
1510 3068 1673 3118 praeter
1696 3054 1812 3101 alibi.
1890 3046 1898 3054 ’

567 3142 704 3192 1794.
743 3123 874 3188 Qid
896 3123 1025 3171 dabis
1049 3124 1178 3179 mihi,
1213 3125 1263 3170 δε
1290 3139 1378 3186 ego
1414 3121 1645 3170 ambulans
1679 3120 1902 3183 improlis,
1939 3121 2065 3185 quod
2089 3121 2310 3184 significet
2348 3124 2476 3186 quod

490 3192 617 3244 nulla
648 3190 845 3247 Ecclesia
888 3189 1081 3246 Interna,
1118 3188 1313 3237 constare
1351 3187 1507 3252 potest?
1534 3203 1560 3234 a
1603 3186 1927 3251 significatione
1965 3187 2194 3251 *ambulare
2231 3190 2436 3251 improlis
2458 3211 2479 3248 ς,

2254 3246 2480 3303 ambulare
