2788 3736
821 302 1301 373 CAPUT
1392 302 1934 376 NO‘N'UM,
2287 337 2424 402 339

406 439 570 498 manus
588 441 812 512 fignificat
833 448 1119 510 voluntatem
1141 448 1250 512 quia
1264 439 1534 513 potentiam,
1559 462 1662 496 nam
1681 450 1883 512 potentia
1905 447 1971 496 est
1992 442 2258 511 voluntatis,
2284 448 2409 498 fron-

406 514 511 563 talia
532 518 648 575 inter
670 515 827 562 oculos
851 515 1074 578 fignificat
1110 514 1410 573 intellectum,
1460 515 1521 561 ita
1553 515 1756 578 Signum
1804 515 2166 574 recordationem
2195 518 2417 581 primarii

404 583 643 661 praecepti,
678 581 753 628 seu
776 582 1019 646 Legissin*
1035 580 1229 638 summa,
1252 591 1318 639 -ut
1335 581 1563 628 ‘continue
1594 581 1650 628 fit
1683 581 1729 627 in
1753 581 1988 640 voluntate
2026 584 2077 630 δι
2116 585 2335 631 continue
2372 585 2418 632 in

403 649 698 712 cogitatione,
717 648 805 696 hoc
833 648 913 705 est,
938 658 991 694 ut
1012 647 1067 704 fit
1088 645 1322 712 praesen'tia
1341 646 1554 705 Domini,
1579 648 1628 694 &
1660 649 1826 704 amoris
1849 649 1896 694 in
1919 648 2046 695 omni
2080 647 2332 709 voluntate,
2368 651 2418 697 δι
2488 648 2491 650 ’

408 716 456 763 in
476 715 609 770 'omni
631 714 939 778 cogitatione3
974 713 1074 761 talis
1095 712 1160 760 est
1177 711 1416 776 praesentia
1435 712 1650 769 Domini,
1686 714 1735 760 δι
1777 713 1833 760 ab
1855 712 1958 776 Ipso
1996 716 2162 762 amoris
2186 717 2338 766 mutui
2371 727 2417 763 a·

411 780 509 845 pud
532 781 753 845 angelos,
775 781 833 828 de
855 783 947 844 qua
967 779 1183 827 continua
1204 778 1453 844 praesentia,
1486 778 1634 843 qualis
1669 777 1741 834 fit,
1776 793 1834 826 ex
1855 780 2029 826 Divina
2055 781 2250 829 Domini
2274 781 2420 842 Misef-

414 848 624 909 ricordia,
659 849 706 894 in
737 845 1022 910 sequentibus
1057 845 1249 894 dicetur.
1319 845 1536 894 Similiter
1559 845 1649 902 hie,
1683 844 1812 908 quod
1835 844 2028 902 dicatur,
2058 846 2312 909 hocfignum
2334 849 2420 910 sce—-

410 914 538 970 deris,
575 914 688 978 quod
702 929 775 976 ego
796 913 849 960 do
869 914 991 959 inter
1004 915 1088 962 Me
1115 912 1173 962 δέ
1206 913 1320 959 inter
1353 928 1448 967 vos,
1493 927 1642 959 arcum
1685 920 1819 959 meunt
1856 909 1951 958 dedi
1988 913 2034 957 in
2080 913 2201 968 nube,
2235 913 2292 962 εἰς’
2337 917 2420 961 erit

411 982 458 1027 in
459 980 646 1093 dfignum
669 978 979 1043 faederisinter?
999 981 1082 1026 Me
1103 978 1159 1036 &²
1181 979 1295 1025 inter
1315 975 1494 1039 terram,
1529 976 1755 1040 significat
1785 977 1983 1040 Signum
2007 993 2098 1024 non
2129 978 2250 1024 aliud
2281 993 2420 1043 quam

410 1047 458 1094 in
494 1044 648 1105 idum*
674 1043 932 1110 'pi-zei‘entiae'
945 1042 1139 1092 Domini
1159 1073 1161 1075 -
1180 1043 1227 1090 in
1269 1042 1497 1101 charitate,
1533 1044 1596 1091 ita
1624 1043 1989 1091 recordationem
2006 1043 2130 1106 apud
2156 1043 2418 1093 hominem:

407 1111 486 1160 ‘sed
528 1111 768 1177 quomodo
791 1106 922 1167 inde,
958 1109 1032 1157 ku
1063 1115 1121 1157 ex'
1143 1116 1250 1157 arcu
1274 1110 1321 1157 in
1353 1110 1492 1167 nube,
1527 1108 1753 1157 indicium
1774 1110 1824 1158 δι
1846 1109 2117 1168 recordatio,
2153 1110 2201 1158 in
2233 1110 2416 1176 sequen-

409 1178 551 1234 tibus,
583 1194 642 1226 ex
672 1177 857 1225 Divina‘
873 1176 1068 1224 Domini
1101 1175 1429 1233 Misericordia,
1464 1176 1655 1243 (licetur.

451 1242 454 1245 ’
488 1245 641 1308 ιο39ἶ
665 1242 812 1302 Quod
837 1243 946 1307 Ego
968 1241 1032 1290 do
1055 1243 1172 1290 inter
1193 1243 1281 1290 Me
1301 1243 1353 1293 ὅτ
1375 1243 1491 1290 inter
1512 1258 1615 1300 vos,
1649 1241 1775 1306 quod
1801 1240 2024 1305 fignificet
2052 1239 2422 1306 conjunffionem

413 1311 608 1374 Domini
626 1325 754 1357 cum
776 1309 962 1357 homine
991 1323 1075 1370 per
1096 1308 1378 1365 charitatem,
1413 1308 1587 1357 constat
1622 1308 1679 1356 ab
1711 1308 1797 1355 illis
1820 1322 1929 1372 quae
1951 1324 2072 1356 nunc
2096 1309 2154 1356 de
2175 1308 2349 1373 foedere
2372 1313 2423 1360 ὅτ

412 1377 546 1440 signo
565 1374 750 1434 foederis
779 1376 902 1423 dicta
924 1374 1047 1424 sunt:
1099 1372 1256 1422 foedus
1277 1376 1402 1423 enim
1425 1375 1489 1423 est
1511 1374 1747 1439 praesentia
1761 1375 1956 1429 Domini
1979 1377 2027 1423 in
2049 1375 2282 1434 charitate,
2310 1381 2424 1425 inter

413 1445 501 1492 Me
524 1444 574 1492 δε
598 1444 715 1491 inter
736 1440 905 1499 vofissest
925 1439 1190 1505 conjunffio
1210 1441 1333 1500 inde,
1368 1441 1473 1490 dare
1494 1440 1559 1489 est
1580 1439 1725 1489 facere
1744 1452 1796 1488 ut
1817 1440 1885 1489 fit.
1947 1500 1950 1502 v

489 1527 628 1572 1040.
652 1495 733 1557 'Et
748 1507 872 1556 inter
887 1511 1076 1556 omnem
1100 1507 1301 1555 ahimam
1325 1509 1485 1556 vivam
1507 1522 1621 1572 quoe
1638 1506 1892 1565 vobiscum,
1926 1507 2055 1572 quod
2078 1508 2301 1572 fignificet
2322 1524 2425 1558 om·

418 1576 491 1625 nia
513 1584 620 1640 quae
634 1575 758 1640 apud
775 1574 1011 1624 hominem
1036 1586 1293 1638 regenerata
1314 1573 1431 1632 sunt,
1471 1573 1643 1623 constat
1665 1590 1724 1622 ex
1748 1573 2071 1639 significatione
2093 1578 2261 1623 animae
2284 1579 2424 1635 vivae,

414 1643 474 1690 de
496 1659 587 1707 qua
616 1642 746 1706 supra
789 1643 846 1689 ad
884 1640 1008 1689 vers:
1053 1659 1111 1690 ro
1130 1658 1142 1687 z
1206 1642 1383 1689 Anima
1402 1643 1526 1689 enim
1573 1642 1620 1688 in
1643 1640 1802 1688 Verbo
1847 1640 2085 1704 fignificat,
2135 1654 2189 1690 ut
2228 1643 2422 1700 dietum,

416 1724 606 1756 omnem
630 1713 793 1764 vitam,
829 1720 922 1756 tam
948 1707 1146 1755 hominis
1170 1707 1390 1765 internam
1415 1723 1558 1771 quam
1593 1719 1842 1764 externam,
1890 1710 2028 1755 etiam
2067 1708 2330 1756 animalium
2368 1726 2426 1756 ex

408 1780 476 1822 'eo
496 1775 626 1839 quod
650 1775 905 1839 fignificent
929 1773 1003 1820 illa
1025 1788 1133 1836 quae
1153 1774 1200 1819 in
1223 1772 1411 1820 homine
1426 1795 1443 1829 3
1479 1772 1554 1820 sed
1578 1773 1759 1836 proprie
1781 1773 1932 1820 anima
1951 1774 2062 1821 viva
2084 1773 2166 1830 est,
2200 1775 2330 1838 quod
2354 1776 2424 1822 vi·

417 1852 516 1887 tam
538 1841 703 1904 accipit
725 1857 750 1886 a
770 1839 997 1896 Domino,
1032 1839 1119 1900 hoc
1141 1837 1222 1896 est,
1257 1838 1383 1903 quod
1407 1837 1722 1903 regeneratum
1744 1838 1824 1896 est,
1860 1839 1966 1902 quia
1989 1839 2077 1887 hoc
2100 1839 2247 1888 solum
2272 1841 2423 1902 vivit3

417 1907 469 1953 δε
492 1907 600 1970 quia
621 1907 770 1953 anima
791 1905 1014 1970 significat
1045 1906 1191 1952 vitar'n
1214 1917 1309 1953 tam
1340 1905 1562 1952 internam
1586 1921 1724 1968 quam
1754 1907 1984 1952 externam
2023 1906 2144 1969 apud
2168 1906 2422 1964 hominem,

412 1974 568 2020 anima
590 1974 697 2019 viva
721 1971 940 2035 fignificat
963 1973 1010 2019 in
1034 1986 1129 2018 uno
1150 1970 1396 2036 complexu
1420 1972 1575 2019 omnia
1603 1986 1713 2035 quae
1733 1971 1854 2035 apud
1894 1971 2131 2020 hominem
2171 1985 2425 2035 regenerata

416 2036 518 2086 sunt
532 2057 549 2085 ·:
584 2038 708 2102 apud
731 2038 964 2085 hominem
987 2037 1090 2085 sunt
1111 2037 1361 2085 voluntaria
1384 2038 1434 2085 ὅτ
1456 2037 1557 2084 sunt
1581 2038 1907 2094 intellectualia,
1943 2039 2061 2086 inter
2084 2037 2126 2085 se
2154 2038 2427 2086 distinetiffi'-

417 2114 507 2159 ma,
543 2106 697 2152 omnia
720 2105 769 2151 δε
790 2103 966 2168 singula
987 2118 1094 2168 quae
1117 2103 1238 2162 inde,
1273 2103 1394 2168 apud
1419 2104 1655 2152 hominem
1679 2105 1863 2162 vivum,
1900 2104 2006 2152 viva
2037 2103 2167 2152 sunt:
2205 2106 2266 2152 ita
2300 2107 2423 2153 enim

420 2170 462 2218 se
500 2187 568 2218 res
591 2171 738 2227 habet,
775 2171 920 2234 qualis
959 2170 1023 2217 est
1061 2169 1220 2226 homo,
1256 2170 1361 2218 talia
1399 2168 1502 2218 sunt
1540 2172 1696 2218 omnia
1734 2171 1785 2218 ὅτ
1809 2170 1981 2234 singula
2013 2171 2135 2234 apud
2169 2186 2296 2228 eum,
2332 2172 2424 2236 ipsa

418 2238 513 2284 vita
534 2238 796 2285 communis
819 2235 947 2284 estin
970 2236 1174 2300 lingulis,
1199 2251 1305 2283 nam
1328 2235 1574 2301 aufingulis‚
1599 2249 1652 2284 ut
1675 2242 1702 2285 a
1717 2237 1803 2285 suis
1825 2235 2271 2302 particularibus‚*est
2293 2254 2424 2286 coma-

417 2318 572 2359 mune,
607 2303 734 2350 aliter
766 2302 984 2367 nusquam
1007 2302 1192 2367 aliquod
1219 2308 1476 2350 commune
1511 2303 1676 2360 existit,
1713 2321 1818 2352 narn
1842 2318 2090 2352 commune
2118 2303 2287 2352 dicitur
2316 2306 2426 2369 quia

418 2384 445 2416 a
477 2369 817 2432 particularibus
845 2369 1024 2425 existit3
1059 2376 1197 2434 quare
1236 2369 1380 2433 qualis
1418 2369 1482 2416 est
1506 2370 1702 2418 hominis
1731 2371 1825 2419 vita
1853 2372 1900 2418 in
1935 2372 2193 2427 communi,
2228 2371 2328 2419 talis
2361 2371 2425 2419 est

420 2432 516 2498 ejus
548 2437 644 2482 vita
666 2437 712 2481 in
736 2434 1032 2498 fingularibus
1056 2437 1152 2484 imo
1190 2436 1236 2483 in
1258 2435 1609 2498 lingulariffimis
1649 2435 1743 2500 ejus
1767 2449 1955 2485 conatus
1990 2437 2040 2484 &
2064 2439 2326 2485 intentionis
2350 2437 2424 2485 seu

418 2500 682 2561 voluntatis,
717 2501 835 2548 &in
858 2499 1210 2564 lingulariffimis
1243 2499 1338 2566 eju‘s
1368 2501 1675 2566 cogitationis,
1710 2503 1770 2551 fic
1794 2517 1846 2551 ut
1870 2520 1960 2550 non
1995 2503 2090 2550 dari
2128 2517 2264 2566 queat
2288 2506 2424 2551 mini·

406 2578 551 2613 ‘mum
570 2567 683 2613 ider:
709 2567 753 2612 in
777 2583 873 2630 quo
890 2582 981 2613 non
998 2567 1153 2614 similis
1171 2570 1265 2614 vita
1286 2568 1379 2624 est,
1416 2582 1468 2616 ut
1500 2571 1582 2632 qui
1605 2568 1819 2617 fastuosus
1843 2569 1923 2626 est,
1950 2571 1995 2615 in
2017 2567 2112 2632 ejus
2135 2569 2322 2632 singulis
2343 2587 2422 2617 co·-

417 2633 672 2680 naminibus
688 2632 1057 2688 voluntatis,&in
1074 2631 1169 2696 ejus
1182 2634 1487 2697 fingulisideis
1502 2637 1808 2698 cogitationis,
1823 2634 2161 2690 estiastuosum·,
2174 2638 2255 2698 qui
2266 2651 2422 2683 avarus

419 2698 572 2758 est,est
582 2715 765 2746 avarum
784 2698 1010 2754 fimiliter·,
1028 2699 1107 2762 qui
1125 2699 1236 2746 odio
1250 2699 1384 2746 habet
1395 2702 1662 2763 proximum
1681 2701 1911 2756 [imiliter-3
1929 2701 2042 2748 licut
2051 2703 2131 2764 qui
2140 2700 2364 2765 stupidus,
2376 2704 2423 2748 in

422 2764 607 2829 singulis
623 2764 717 2830 ejus
735 2766 978 2812 voluntatis
996 2767 1044 2811 &
1065 2766 1110 2811 in
1128 2765 1313 2828 lingulis
1329 2763 1423 2828 ejus
1440 2761 1831 2829 cogitationis,'est
1849 2766 2109 2829 stupidum;
2150 2767 2200 2814 δε
2214 2767 2295 2830 qui
2312 2767 2423 2815 insa-

419 2846 520 2887 nus,
537 2832 600 2879 est
613 2831 815 2880 insanum
830 2852 844 2887 ;
860 2834 966 2895 quia
978 2831 1076 2878 talis
1090 2831 1152 2878 est
1170 2832 1328 2888 homo,
1354 2831 1458 2878 ideo
1473 2833 1520 2878 in
1537 2831 1671 2879 altera
1693 2834 1786 2880 vita
1801 2849 1859 2880 ex
1875 2832 2021 2890 solum
2038 2834 2170 2880 unica
2183 2832 2281 2879 idea
2294 2835 2421 2898 cogi-

368 2894 373 2896 '
417 2897 597 2945 tationis
613 2896 706 2961 ejus
722 2898 918 2945 noscitur
929 2898 1071 2962 qualis
1085 2897 1173 2954 est;
1193 2914 1300 2945 cum
1319 2898 1460 2946 homo
1474 2912 1758 2961 regeneratus
1772 2899 1853 2956 est,
1878 2912 1988 2947 tunc
2009 2901 2164 2946 omnia
2185 2899 2423 2963 &lingula

420 2962 542 3024 apud
573 2963 806 3012 hominem
832 2977 1089 3028 regenerata
1113 2963 1228 3022 sunt,
1255 2965 1341 3012 hoc
1363 2963 1428 3011 est
1450 2966 1591 3012 vitam
1617 2964 1796 3023 habent,
1833 2967 1882 3012 &
1923 2965 2112 3030 quidem
2137 2977 2315 3013 tantum
2350 2968 2419 3013 vi-

419 3039 496 3084 tae,
532 3042 754 3090 quantum
791 3029 975 3094 separari
1010 3033 1162 3095 potuit
1201 3029 1295 3095 ejus
1334 3033 1572 3095 proprium
1603 3031 1929 3090 voluntarium,
1965 3033 2092 3096 quod
2131 3031 2345 3095 spurcum
2368 3033 2418 3079 ὅτ

419 3106 656 3140 mortuum
674 3095 759 3151 est,
782 3111 809 3141 a
825 3101 951 3150 novo
971 3097 1228 3145 voluntario
1251 3099 1302 3146 &
1324 3097 1611 3145 intellectuali
1633 3098 1759 3161 quod
1779 3100 1952 3162 accepit
1969 3115 1993 3146 a
2008 3100 2217 3147 Domino
2234 3120 2247 3152 ;
2283 3113 2421 3160 quare

420 3160 493 3206 hic
518 3161 628 3222 quia
646 3161 704 3207 de
714 3166 985 3223 'regenerato
999 3165 1164 3226 agitur,
1189 3164 1339 3212 anima
1359 3166 1466 3211 viva
1487 3164 1711 3228 fignificat
1734 3167 1889 3212 omnia
1907 3181 2017 3228 quae
2039 3165 2158 3228 apud
2184 3164 2421 3211 hominem

420 3238 674 3289 regenerata
713 3226 843 3281 sunt,
880 3239 985 3290 quae
1008 3230 1055 3274 in
1090 3227 1327 3277 communi
1363 3229 1465 3277 sunt
1491 3229 1584 3293 ejus
1615 3231 1927 3279 intellectualia
1949 3232 1999 3279 δε
2023 3230 2290 3283 voluntaria,
2326 3241 2420 3274 tarn

418 3294 628 3340 interiora
660 3308 800 3355 quam
823 3294 1053 3351 exteriora,
1089 3310 1196 3356 quae
1221 3295 1351 3359 supra
1373 3296 1496 3343 vers:
1529 3315 1601 3345 ro.
1638 3298 1835 3360 expreffa
1858 3297 1959 3344 sunt
1981 3312 2062 3360 per
2084 3307 2231 3350 avem,
2267 3294 2317 3404 {c
2341 3292 2439 3344 ber·-

1375 3363 1425 3407 X
1446 3378 1478 3408 x
1517 3379 1539 3408 2.
2314 3360 2422 3420 iam,
