2788 3736
428 270 529 330 ‚16
996 234 1210 328 G'E
1286 262 1387 326 ‘N
1473 262 1702 335 EssS-
1766 264 1812 330 J
1896 263 2045 330 Su

422 407 488 453 'in
524 405 581 462 se,
617 406 721 468 quia
745 405 884 451 fidem
911 404 957 449 in
979 401 1152 466 Ipsum,
1199 402 1248 450 δε
1273 401 1580 465 significantur
1600 398 1779 469 hic-'per
1800 405 1997 452 animam
2021 405 2251 455 viventem
2274 429 2288 463 ³
2334 418 2434 456 tum

443 471 606 519 habent
630 470 819 533 speciem
851 471 1052 532 corporis
1083 469 1156 533 hic
1188 468 1484 531 significatam
1507 484 1587 532 per
1616 468 1657 517 se
1680 470 1887 535 movens,
1926 470 1998 517 seu
2024 485 2229 538 reptans:
2272 485 2316 520 at
2339 474 2434 520 haec

428 537 592 583 adhuc
615 536 788 599 homini
823 550 978 582 arcana
1015 533 1133 591 sunt,
1172 530 1249 582 sed
1271 535 1379 597 quia
1400 536 1550 599 agitur
1571 534 1646 582 hic
1683 534 1741 582 de
1765 538 1926 582 anima·
1949 538 2150 595 vivente,
2193 540 2244 586 δε
2269 538 2309 586 se
2335 554 2434 587 mo-
2470 572 2473 575 ι

443 614 590 657 vente,
632 601 705 646 hic
739 598 885 647 solum
909 599 1215 647 memoranda.
1334 597 1339 601 ’
2414 640 2417 642 .

509 683 586 727 42.
618 665 742 713 Vers.
771 682 845 715 21.
896 668 959 714 Et
982 669 1147 712 creavit
1174 668 1289 716 Deus
1315 664 1434 712 Cetos
1469 682 1655 731 magnos,
1696 667 1754 716 ἰή·
1801 683 1956 714 omnem
1977 669 2173 716 animam
2203 672 2433 726 viventem,

441 741 690 793 reptantem,
721 747 846 797 quam
860 743 1083 793 prorepere
1095 734 1293 795 fecerunt
1316 746 1451 794 aquae‚
1472 733 1696 795 secundum
1707 734 1865 795 species
1877 734 2015 795 suas,
2051 732 2108 782 δέ*
2133 749 2287 782 omnem
2309 752 2436 783 avem

438 798 521 845 alae
532 797 759 859 fi’cundum
772 798 949 859 speciem
962 802 1116 859 suam·,
1155 798 1210 846 &
1231 800 1346 846 vidit
1369 799 1487 844 Deus
1508 797 1616 862 quod
1636 799 1797 845 bonum.
1867 797 2028 853 Pisces,
2053 810 2105 847 ut
2131 799 2323 856 dicium,
2349 798 2436 863 fig>-

441 862 625 909 nificant
648 861 901 919 scientifica,
932 862 1005 909 hic
1028 878 1108 926 per
1128 863 1266 910 fidem
1292 880 1316 911 a
1338 863 1544 909 Domino
1567 864 1775 919 animata,
1807 863 1857 910 δε
1880 863 1939 909 fic
1964 864 2102 919 viva·,
2133 865 2236 912 Ceti
2262 865 2432 928 fignifi-

431 939 542 975 cant
565 927 748 974 illorum
772 929 1067 984 Communia,
1093 927 1174 975 sub
1190 930 1360 992 quibus
1377 929 1426 976 &
1449 944 1506 975 ex
1525 929 1691 991 quibus
1713 927 2022 993 particularia·,
2055 929 2168 993 nihil
2190 932 2438 994 quicqua-m

442 994 490 1040 in
527 991 734 1040 universo
772 992 919 1050 datur,
958 994 1086 1057 quod
1119 1009 1210 1041 non
1234 994 1316 1041 sub
1343 993 1494 1057 aliquo
1516 995 1753 1041 communi
1776 993 1855 1050 est,
1885 1005 1939 1040 ut
1959 993 2116 1041 existat
2138 995 2187 1042 δι
2211 994 2435 1043 subfistatssz

425 1058 561 1122 >apud
585 1058 1086 1122 Prophetasaliquoties
1111 1062 1403 1107 nominantur
1417 1059 1850 1116 Cetiaut'Balaenae,
1875 1056 1926 1106 ὅτ
1950 1058 2011 1105 ibi
2027 1059 2279 1122 significant
2295 1063 2437 1108 Com-

438 1126 594 1173 munia
617 1123 989 1179 scientificorum3
1030 1123 1219 1182 Pharao,
1255 1127 1358 1172 Rex
1380 1124 1594 1187 AEgypti,
1642 1140 1725 1189 per
1746 1140 1888 1187 quem
1911 1125 2247 1187 repraesentatur
2265 1126 2439 1190 'sapien-

432 1191 500 1236 'tia
539 1189 611 1237 seu
653 1189 943 1252 intelligentia
982 1189 1194 1246 humana,
1218 1190 1305 1238 hoc
1328 1190 1408 1247 est,
1442 1190 1622 1237 scientia
1643 1192 1690 1238 in
1714 1206 1892 1254 genere,
1928 1202 2118 1237 vocatur
2141 1193 2280 1239 Cetus
2305 1209 2435 1256 mag-

437 1271 522 1302 nus
541 1274 552 1302 :
594 1267 647 1301 ut
669 1255 791 1319 apud
810 1254 1099 1311 Ezechelem‚
1143 1260 1177 1281 “
1201 1256 1323 1303 Ecce
1341 1256 1451 1319 Ego
1472 1267 1626 1303 contra
1649 1267 1710 1312 te,
1748 1255 1919 1303 Pharao
1942 1257 2048 1302 Rex
2071 1257 2286 1320 AEgypti‚
2326 1259 2436 1305 Cete

436 1325 471 1347 '⁴‘
507 1336 688 1383 magne,
728 1321 896 1367 cubans
936 1322 980 1366 in
1019 1321 1173 1367 medio
1209 1322 1455 1369 fluviorum
1486 1332 1689 1378 tuorum,
1736 1321 1815 1384 qui
1862 1320 1994 1377 dixit,
2036 1321 2147 1368 mihi
2172 1325 2353 1380 fluvius,
2387 1325 2435 1370 δε

437 1391 596 1449 “ego
634 1384 718 1433 feci
762 1387 886 1442 me,’'
919 1401 1060 1434 xxxx:
1110 1404 1151 1450 3.
1217 1389 1268 1434 &
1311 1386 1431 1443 alibi,
1491 1391 1526 1414 “
1562 1387 1698 1434 Tolle
1744 1386 2108 1434 lamentationem
2155 1386 2283 1451 super
2321 1388 2437 1435 Pha—

432 1456 472 1478 '“
497 1467 707 1509 raonem,
759 1453 939 1514 Regem
979 1452 1195 1515 AEgypti,
1245 1454 1295 1500 δε
1327 1454 1448 1500 dicas
1479 1452 1537 1499 ad
1576 1467 1701 1508 eum,
1760 1453 1810 1499 ὅτ
1849 1463 1900 1498 tu
1938 1451 2051 1498 ficut
2087 1453 2227 1501 Cetus
2268 1455 2312 1501 in
2346 1468 2440 1501 ma·

425 1522 471 1552 ‘-“
505 1517 645 1574 ribus,
709 1518 759 1564 ὅτ
810 1516 1015 1581 prodiisti
1066 1519 1114 1564 in
1161 1517 1432 1565 fluminibus
1475 1519 1591 1575 tuis,
1648 1519 1700 1565 &
1749 1516 2022 1565 conturbasti
2069 1532 2205 1581 aquas
2248 1518 2440 1584 pedibus

428 1586 471 1609 ‘¹‘
505 1583 644 1639 tuis,”
679 1597 845 1630 xxxu:
885 1599 928 1631 2.
974 1597 1055 1645 per
1080 1598 1199 1646 ,quae
1242 1584 1549 1646 significantur
1586 1584 1633 1639 ii,
1681 1583 1760 1646 qui
1800 1598 1880 1645 per
1902 1581 2156 1640 scientifica,
2196 1585 2258 1631 ita
2288 1599 2344 1631 ex
2378 1583 2435 1640 se,

431 1648 599 1695 intrare
638 1647 803 1695 volunt
846 1650 892 1694 in
932 1646 1139 1710 mysteria
1174 1647 1294 1695 fidei.
1365 1649 1513 1712 Apud
1559 1647 1752 1704 Esaiam,
1804 1653 1852 1674 ‘⁶‘
1886 1648 1938 1695 In
1978 1648 2051 1694 die
2096 1646 2209 1706 isto,
2229 1649 2436 1697 'visitabit

428 1718 469 1742 ⁴‘
504 1712 711 1775 Jehovah
745 1713 899 1776 gladio
932 1712 1011 1760 suo
1034 1713 1167 1772 duro,
1197 1715 1249 1762 &
1283 1729 1471 1778 magno,
1504 1715 1554 1761 &
1583 1712 1707 1770 forti,
1753 1713 1883 1777 super
1910 1713 2239 1763 Leviathanem
2262 1714 2435 1779 serpen-

425 1783 474 1805 “
507 1790 603 1827 tem
632 1778 905 1841 oblongum,
946 1780 998 1826 δε
1036 1777 1166 1842 super
1206 1779 1534 1826 Leviathanem
1575 1778 1823 1841 serpentem
1859 1778 2130 1835 tortuosum,
2176 1781 2226 1827 &
2258 1781 2436 1828 occidet

434 1848 470 1871 ‘⁸
504 1844 659 1901 Cetos,
680 1845 760 1907 qui
784 1845 830 1891 in
849 1844 1011 1900 mari‚’'
1035 1858 1204 1891 xxxvn
1227 1862 1238 1891 ε
1278 1862 1316 1892 1.
1353 1844 1442 1891 Per
1463 1843 1670 1891 occidere
1692 1855 1816 1890 cetos
1839 1843 1886 1889 in
1908 1844 2039 1899 mari,
2057 1843 2348 1906 significatur,
2384 1859 2437 1893 ut

432 1902 703 1972 nequidem
735 1910 1001 1956 communia
1023 1907 1185 1956 sciant.-
1242 1909 1389 1972 Apud
1412 1910 1676 1970 Jeremiam,
1715 1913 1749 1935 “
1784 1907 2002 1954 Comedit
2021 1923 2112 1964 me,
2149 1911 2436 1957 conturbavit

433 1979 487 2001 ‘⁶'
506 1974 911 2029 Nebuchadnezar,
947 1975 1053 2020 Rex
1075 1973 1265 2030 Babelis,
1302 1973 1533 2021 constituit
1570 1989 1646 2020 me
1689 1987 1769 2020 vas
1802 1973 1946 2028 inane,
1983 1973 2228 2036 deglutivit
2253 1989 2344 2031 me,
2380 1976 2434 2022 fi-

435 2044 470 2066 “
505 2051 584 2087 cut
606 2040 762 2095 Cetus,
803 2038 1010 2102 implevit
1031 2050 1239 2086 ventrem
1279 2037 1410 2086 suum
1434 2053 1492 2086 ex
1514 2037 1678 2086 delitiis
1702 2040 1833 2094 meis,
1874 2038 2047 2100 expulit
2084 2041 2208 2095 me,’'
2233 2056 2311 2089 m:
2356 2059 2431 2104 34.

434 2104 528 2151 Pro
549 2104 677 2168 quod
700 2105 998 2167 Cognitiones
1031 2104 1156 2161 fidei,
1191 2120 1298 2168 quae
1319 2105 1393 2152 hic
1417 2103 1518 2152 sunt
1533 2103 1716 2160 delitiae,
1751 2104 1813 2150 ita
1835 2103 2143 2167 deglutiverit,
2168 2104 2280 2153 ficut
2293 2108 2434 2154 Cetus

434 2170 622 2231 Jonam,
659 2169 739 2216 ubi
760 2172 900 2217 Cetus
934 2186 1018 2233 pro
1041 2171 1112 2227 iis,
1149 2171 1230 2234 qui
1266 2172 1532 2219 communia
1570 2169 1906 2235 Cognitionum
1939 2168 2046 2217 fidei
2084 2171 2136 2219 ut
2175 2169 2430 2228 scientifica,

423 2235 676 2299 ‘poffidenn
713 2236 764 2283 &
787 2235 846 2285 fic
879 2233 1062 2283 faciunt.
2207 2258 2209 2260 ’

501 2313 582 2364 43.'
616 2298 744 2366 Vei-s.
767 2317 843 2350 22.
884 2303 948 2349 Et
973 2301 1181 2349 benedixit
1204 2304 1260 2350 iis
1285 2301 1418 2359 Deus,
1455 2301 1640 2358 dicendo,
1674 2299 1940 2362 frustzficau
1961 2300 2017 2350 ἐν’
2039 2301 2320 2364 multzfflicate‘
2336 2319 2430 2360 vos,

427 2366 495 2416 ⁷&
530 2366 695 2428 implete
723 2382 854 2431 aquas
885 2369 931 2412 in
966 2368 1186 2423 maribus;
1214 2368 1271 2417 ἐξ
1302 2371 1402 2415 avis
1431 2367 1785 2429 multiplicabitur
1814 2368 1861 2413 in
1896 2376 2027 2414 terra.
2099 2368 2272 2425 Omne,
2304 2370 2432 2432 quod

434 2432 484 2478 in
506 2431 548 2478 se
570 2447 627 2479 ex
648 2433 855 2479 Domino
877 2433 1020 2479 vitam
1043 2432 1190 2489 habet,
1222 2432 1262 2480 se
1284 2431 1526 2480 fruetificat
1559 2433 1607 2480 ὅτ
1643 2431 1916 2496 multiplicat
1939 2432 2213 2480 immensum
2235 2457 2248 2488 3
2289 2450 2430 2498 quan-

426 2496 520 2543 vdiu
543 2496 685 2545 homo
709 2500 757 2544 in
778 2513 966 2560 corpore
989 2499 1123 2555 vivit,
1162 2514 1254 2546 non
1275 2499 1351 2556 ita,
1394 2498 1468 2546 sed
1498 2500 1545 2545 in
1568 2497 1702 2546 altera
1728 2499 1824 2557 vita
1846 2497 2075 2562 stupende.
2146 2499 2433 2548 Fruffificaoe

426 2562 485 2613 in
507 2562 663 2610 Verbo
700 2563 972 2627 praedicatur
1008 2564 1065 2611 de
1100 2564 1204 2621 illis,
1235 2580 1341 2628 quae
1375 2562 1478 2611 sunt
1499 2565 1684 2619 amoris,
1718 2565 1767 2612 &
1793 2563 2090 2627 multiplicare
2113 2564 2170 2612 de
2194 2564 2296 2621 illis,
2325 2579 2431 2630 quae

424 2626 539 2674 -sunt
569 2628 693 2685 fidei,
728 2626 900 2676 fruftus
938 2631 1019 2693 qui
1047 2628 1111 2682 est
1146 2631 1312 2678 amoris
1340 2629 1471 2677 habet
1505 2629 1670 2687 senten,
1710 2645 1792 2693 per
1824 2629 1952 2692 quod
1988 2628 2030 2676 se
2070 2641 2245 2677 tantum
2273 2630 2429 2677 multi-

431 2693 600 2757 plicat:
682 2694 943 2743 Benedictio
986 2695 1178 2744 Domini
1224 2697 1360 2743 etiam
1405 2695 1625 2758 fignificat
1661 2697 1707 2742 in
1749 2694 1906 2742 Verbo
1943 2691 2334 2742 fructificationem
2381 2697 2427 2744 δι

437 2759 880 2823 multiplicationem,
918 2762 1026 2823 quia
1045 2761 1119 2809 hae
1140 2777 1196 2809 ex
1219 2761 1304 2809 illa.
1352 2759 1478 2810 vers.
1506 2774 1582 2827 23.
1654 2763 1720 2810 Et
1731 2759 1826 2822 fuit
1850 2760 2047 2822 Vespera,
2083 2759 2140 2808 δὲ·
2150 2760 2249 2822 fuit
2271 2765 2426 2819 Mane,

437 2827 544 2875 Dies
565 2825 768 2888 Qintus.
809 2855 817 2864 *-

504 2907 584 2950 44.
620 2891 743 2939 Vers.
772 2908 851 2951 24,
876 2903 956 2954 25.
1026 2894 1089 2940 Et
1121 2893 1235 2941 dixit
1259 2893 1393 2949 Deus,
1420 2891 1632 2954 producat
1654 2890 1791 2938 ‘serra
1815 2893 1998 2938 animam
2021 2893 2252 2948 viventem,
2276 2893 2426 2955 secun-

432 2954 531 3003 dum
543 2957 720 3019 speciem
731 2958 890 3020 suam;
925 2957 1120 3016 Bestiam,
1155 2958 1212 3007 δέ’
1234 2959 1284 3021 st
1306 2973 1489 3014 movens,
1512 2956 1579 3005 ἶς’
1601 2957 1755 3005 Feram
1777 2955 1893 3016 illius
1915 2966 2057 3013 terrae,
2082 2957 2306 3019 secundum
2327 2959 2426 3022 spe-

426 3022 534 3068 'ciem
547 3022 672 3084 suam
691 3044 707 3077 ·,
740 3022 797 3071 ξεῖ
809 3023 980 3084 fadum
1003 3025 1084 3070 ita.
1153 3025 1220 3071 Et
1230 3023 1343 3085 fecit
1367 3024 1485 3070 Deus
1507 3023 1660 3070 Feram
1683 3031 1809 3069 terrae
1831 3021 2056 3084 secundum
2079 3023 2255 3084 speciem
2279 3025 2424 3087 suana,

425 3085 490 3148 ἐρ’
511 3086 691 3145 Bestiam
701 3087 926 3151 ficundum
939 3089 1117 3151 speciem
1129 3089 1272 3151 suam,
1296 3087 1353 3137 δέ’
1367 3104 1481 3136 omne
1500 3098 1672 3149 reptans
1694 3086 1827 3143 humi,
1840 3086 2066 3150 secundum
2077 3088 2255 3150 speciem
2265 3090 2424 3152 suam:

422 3150 490 3199 ὅ
511 3152 627 3199 vidit
642 3154 759 3199 Deus
771 3153 879 3216 quod
898 3153 1058 3201 bonum.
1119 3155 1300 3211 Homo,
1324 3153 1438 3201 ficut
1460 3154 1620 3209 Terra,
1636 3151 1747 3200 nihil
1768 3152 1876 3199 boni
1891 3152 2141 3215 producere
2162 3154 2324 3217 potest,
2342 3154 2423 3201 nifi

427 3217 557 3280 'prius
578 3219 619 3266 ei
641 3217 913 3275 inseminatae
930 3219 1019 3269 fint
1041 3220 1336 3283 Cognitiones
1355 3219 1486 3278 fidei,
1517 3234 1575 3268 ex
1596 3217 1761 3282 quibus
1781 3216 1903 3276 sciat,
1937 3218 2051 3282 quid
2074 3216 2424 3332 credendumf&

2375 3300 2402 3330 a
