2788 3736
413 322 546 386 334
897 292 959 356 G
1051 289 1439 355 ENE
1533 279 1585 354 S
1673 289 1871 357 [8.

407 422 443 462 “
477 436 562 483 Me
585 436 695 483 Fera
721 430 835 496 agri,
871 430 978 496 quia
1001 429 1106 478 dedi
1145 431 1192 478 in
1225 427 1399 478 deserto
1433 428 1618 494 aquas‚”
1653 433 1822 478 xmri'z
1849 434 1927 478 ao.
1961 429 2086 495 apud
2106 429 2421 492 Ezechielem,

408 506 441 528 “
478 502 529 548 In
554 500 687 547 ram1s
711 499 830 548 illius
854 496 1143 546 nidificarurit
1183 498 1335 544 omnis
1368 498 1462 543 avis
1486 496 1733 551 coelorum,
1769 496 1819 543 ἃ
1845 493 1927 542 sub
1950 498 2084 547 ramis
2107 498 2228 546 illius
2251 515 2422 563 genue-

380 570 442 594 ’“
478 579 583 613 runt
603 565 753 613 omnis
777 566 889 614 Fera
911 565 1024 628 agri,
1060 575 1112 611 ac
1153 565 1199 611 in
1226 562 1390 611 umbra
1412 562 1532 610 illius
1554 561 1869 610 habitaverunt
1891 578 2027 612 omnes
2039 574 2186 628 gentes
2207 568 2421 630 magnae‚”

408 647 524 680 xxxi
548 650 559 680 :
587 634 632 680 6.
1723 659 1729 662 -
2199 635 2201 641 ⁴

480 714 538 747 io
543 716 618 762 31.
655 695 777 746 vers
787 716 798 746 ε
837 714 854 747 1
869 715 908 747 1.
946 698 1009 746 Et
1034 699 1147 760 erigo
1158 695 1299 759 faedus
1321 710 1453 744 meum
1476 696 1688 760 vobiscum
1707 717 1721 753 ς
1758 695 1815 747 δέ
1836 710 1919 743 non
1941 695 2156 744 excidetur
2175 699 2308 746 onmis
2321 715 2421 748 caro

404 766 588 827 amplius
609 766 664 813 ab
687 766 808 819 aquis
829 765 987 812 diluvii
1007 786 1020 819 ·,
1058 765 1114 813 69³
1137 779 1216 810 non
1239 766 1322 810 erit
1345 763 1524 826 amplius
1547 763 1758 811 diluvium
1779 762 1840 810 ad
1852 762 2109 825 perdendum
2130 772 2305 813 terram.
2357 767 2423 814 Et

406 834 535 896 erigo
569 822 736 880 Foedus*
763 844 920 880 meum
957 829 1215 889 vobiscum,
1249 829 1474 893 significat
1505 828 1787 893 praesentiam
1815 829 2011 878 Domini
2045 829 2169 894 apud
2197 829 2423 894 quoscun-

404 915 510 962 que,
545 897 712 962 quibus
734 897 938 954 charita3‚
974 896 1105 960 seque
1143 893 1277 943 refert
1323 897 1380 943 ad
1431 896 1711 960 egredientes
1744 911 1801 943 ex
1838 911 1954 953 arca,
1990 896 2041 944 δε
2065 892 2123 943 ad
2145 911 2334 945 omnem
2358 897 2423 946 fe-

407 978 502 1012 ram
525 978 673 1021 terrae,
699 963 786 1012 hoc
808 961 889 1020 est,
925 963 981 1010 ad
1005 963 1212 1010 homines
1232 964 1235 967 '
1252 964 1368 1010 intra
1392 962 1659 1021 Ecclesiam,
1696 963 1746 1009 δε
1787 961 1844 1010 ad
1869 961 2077 1011 homines
2117 975 2241 1011 extra
2263 964 2424 1013 Eccle-

380 1074 382 1077 .
406 1031 543 1085 siam:
580 1032 631 1079 δι
665 1046 758 1077 non
781 1029 1013 1079 excidetur
1033 1031 1184 1076 omnis
1207 1044 1311 1076 caro
1332 1029 1528 1091 amplius
1567 1027 1623 1075 ab
1661 1029 1787 1092 aquis
1827 1028 2006 1086 diluvii,
2041 1028 2264 1092 significat
2297 1031 2424 1094 quod

409 1113 500 1144 non
531 1098 716 1160 perituri
739 1096 851 1144 sicut
874 1095 1035 1143 ultima
1057 1094 1287 1159 posteritas
1305 1095 1647 1158 Antiquiffimae
1667 1094 1878 1142 Ecclefiae
1898 1114 1908 1143 :
1946 1096 1995 1143 δε
2014 1111 2107 1143 non
2130 1097 2213 1143 erit
2230 1097 2424 1161 amplius

408 1162 636 1210 diluvium
656 1162 718 1210 'ad
742 1162 1028 1226 perdendum
1053 1174 1235 1219 terram,
1272 1160 1496 1224 fignificat
1527 1159 1655 1224 quod
1679 1159 1776 1207 talis
1800 1161 2021 1226 persuasio
2042 1160 2246 1211 lethifera
2267 1163 2317 1212 ὅτ
2335 1161 2424 1212 suf-

409 1228 606 1277 focativa
629 1245 721 1276 non
745 1226 914 1275 existet.
1382 1228 1386 1231 ’
1742 1284 1749 1291 ,
1846 1276 1848 1278 ,
1885 1284 1891 1289 ,
2379 1250 2391 1265 ·

484 1312 621 1358 1032.
660 1295 723 1341 Et
746 1295 873 1357 erigo
905 1290 1060 1340 foedus
1098 1308 1255 1339 meum
1294 1290 1551 1348 vobiscum,
1587 1292 1716 1356 quod
1740 1292 1976 1358 'significet
2015 1292 2300 1356 praesentiam
2322 1297 2422 1344 Do-

412 1363 525 1409 mini
555 1360 678 1426 apud
700 1358 1011 1425 quoscunque,
1047 1359 1214 1423 quibus
1236 1358 1438 1416 charitas,
1474 1357 1605 1423 seque
1634 1357 1793 1407 referat
1816 1359 1874 1406 ad
1902 1360 2184 1424 egredientes
2222 1377 2283 1409 ex
2306 1379 2422 1420 arca,

408 1429 460 1475 &
484 1427 543 1475 ad-
570 1440 761 1474 omnem
791 1424 932 1474 feram
957 1438 1105 1482 terrae,
1141 1426 1228 1473 hoc
1246 1424 1325 1482 est,
1362 1425 1419 1472 ad
1443 1425 1650 1473 homines
1680 1427 1795 1473 intra
1816 1426 2084 1483 Ecclesiam,
2119 1427 2169 1474 δε
2193 1428 2250 1475 ad
2273 1429 2425 1477 homi-

412 1509 489 1542 nes
527 1506 656 1540 extra
683 1492 949 1548 Ecclesiam,
1001 1491 1174 1538 constat
1213 1506 1270 1538 ex
1318 1491 1404 1539 illis
1446 1507 1554 1554 quae
1605 1506 1718 1539 mox
1764 1493 1888 1555 prius
1918 1492 2054 1540 -dieta
2092 1492 2206 1541 sunt.
2277 1495 2426 1559 Qiod

360 1561 362 1563 ’
409 1561 548 1607 etiam
578 1559 810 1608 Dominus
845 1556 999 1606 foedus
1044 1559 1176 1614 ineat,
1212 1555 1286 1605 seu
1326 1572 1406 1627 per
1447 1558 1708 1605 charitatem
1739 1557 1780 1606 se
1809 1556 2058 1622 conjungat
2092 1575 2202 1607 cum
2236 1560 2321 1608 illis
2344 1564 2424 1625 qui

411 1637 538 1673 extra
560 1626 810 1673 Ecclesiam
833 1623 948 1679 sunt,
984 1625 1033 1671 &
1058 1635 1281 1683 vocantur
1303 1636 1476 1687 gentes,
1513 1625 1574 1670 ita
1598 1623 1639 1670 se
1657 1639 1725 1671 res
1741 1624 1901 1679 habet,
1937 1625 2080 1672 homo
2101 1625 2316 1675 Ecclesiae
2338 1643 2423 1691 pu-

407 1704 493 1749 tat,
529 1691 655 1755 quod
680 1706 839 1738 omnes
871 1692 952 1754 qui
992 1702 1118 1737 extra
1140 1689 1407 1746 Ecclesiam,
1442 1691 1522 1753 qui
1557 1703 1714 1752 gentes
1737 1703 1976 1748 vocantur,
2012 1706 2104 1739 non
2145 1690 2300 1740 salvari
2322 1692 2426 1757 pos·

411 1758 515 1815 fint,
549 1772 607 1805 ex
630 1756 758 1805 causa
779 1757 907 1821 quod
932 1755 1075 1803 nullas
1098 1757 1382 1819 cognitiones
1410 1755 1517 1802 fidei
1541 1755 1748 1812 habeant,
1785 1758 1832 1803 δε
1868 1756 1973 1803 ideo
2000 1752 2212 1820 ignorent
2247 1759 2426 1822 prorsus

411 1825 690 1880 Dominum,
726 1823 923 1871 dicentes
959 1822 1087 1890 quod
1121 1821 1284 1886 absque
1324 1821 1430 1878 fide,
1464 1821 1514 1870 &
1556 1820 1721 1886 absque
1762 1822 2023 1885 cognitione
2060 1824 2271 1881 Domini,
2305 1826 2427 1874 nulla

413 1890 561 1946 salus·,
598 1891 660 1937 ita
681 1904 841 1938 omnes
870 1889 949 1951 qui
983 1887 1086 1936 sunt
1112 1901 1239 1936 extra
1257 1888 1526 1946 Ecclesiam,
1562 1888 1780 1935 damnant
1804 1911 1819 1944 ;
1867 1889 1965 1936 imo
1995 1889 2133 1938 multi
2162 1890 2270 1937 tales
2305 1890 2426 1950 sunt,

410 1957 491 2020 qui
515 1958 562 2003 in
594 1956 744 2019 aliqua
765 1956 969 2003 doctrina
999 1954 1118 2012 sunt,
1153 1955 1293 2002 etiam
1329 1955 1411 2018 qui
1445 1957 1491 2002 in
1516 1955 1688 2011 haeresi,
1723 1954 1851 2018 quod
1875 1969 2034 2002 omnes
2056 1957 2138 2020 qui
2159 1969 2285 2004 extra
2307 1957 2426 2014 sunt,

404 2022 487 2070 >seu
511 2038 670 2070 omnes
694 2023 774 2085 qui
798 2038 891 2069 non
915 2019 1111 2069 sentiunt
1153 2021 1265 2068 sicut
1299 2022 1347 2077 ii,
1383 2032 1545 2084 putent
1581 2036 1673 2068 non
1711 2020 1901 2077 salvari,
1936 2037 2046 2068 cum
2071 2033 2223 2069 tamen
2247 2023 2427 2086 prorsus

412 2089 541 2135 aliter
565 2087 605 2134 se
629 2103 696 2134 res
719 2087 852 2135 habet
872 2107 882 2135 ε
918 2088 1148 2134 Dominus
1170 2086 1530 2134 Misericordiam
1555 2086 1686 2136 habet
1703 2102 1810 2149 erga
1831 2102 1970 2134 omne
1991 2103 2136 2150 genus
2152 2087 2424 2147 humanum,

411 2154 465 2202 &
499 2169 659 2201 omnes
692 2155 772 2217 qui
819 2154 865 2200 in
903 2152 1112 2201 universo
1151 2151 1253 2200 sunt
1308 2152 1473 2201 salvare
1510 2152 1613 2200 vult
1651 2152 1702 2200 δε
1740 2152 1797 2199 ad
1834 2151 1877 2200 se
1908 2152 2110 2208 trahere3
2163 2153 2424 2203 Misericor-

415 2220 490 2268 dia
510 2221 705 2268 Domini
728 2219 791 2267 est
814 2218 1002 2276 infinita,
1039 2234 1120 2267 nec
1137 2240 1141 2244 -
1158 2217 1200 2265 se
1240 2219 1360 2266 finiri
1381 2220 1549 2282 patitur
1572 2219 1688 2266 intra
1710 2233 1876 2280 paucos
1899 2217 1999 2277 illos
2022 2219 2104 2282 qui
2127 2221 2244 2268 intra
2264 2221 2426 2269 Eccle-

414 2286 525 2334 siam
562 2285 679 2343 sunt,
714 2284 790 2332 sed
813 2286 1015 2333 extendit
1039 2285 1080 2333 se
1103 2284 1159 2331 ad
1185 2300 1346 2332 omnes
1381 2286 1429 2332 in
1450 2283 1666 2339 ¹universo
1702 2296 1921 2331 terrarum
1959 2283 2102 2341 orbe,
2151 2286 2280 2349 quod
2303 2300 2429 2337 extra

417 2351 665 2400 Ecclesiam
688 2352 780 2399 nati
808 2352 910 2408 sint,
945 2352 996 2398 ὅτ
1029 2352 1089 2398 fic
1122 2352 1168 2397 in
1202 2351 1456 2414 ignorantia
1477 2350 1601 2407 fidei,
1636 2366 1731 2397 non
1759 2365 1917 2397 eorum
1942 2351 2078 2415 culpa
2099 2350 2196 2409 est,
2214 2353 2266 2401 &
2287 2369 2428 2418 prop—

415 2430 534 2466 terea
546 2417 673 2482 quod
691 2433 782 2465 non
800 2417 963 2465 habent
986 2417 1127 2465 fidem
1152 2417 1200 2464 in
1222 2417 1499 2473 Dominum,
1533 2418 1639 2480 quia
1661 2418 1870 2480 ignorant
1891 2417 2065 2480 Ipsum,
2100 2417 2321 2483 nusquam
2350 2421 2428 2468 ali-

414 2485 522 2548 quis
554 2485 826 2532 damnatur:
877 2485 980 2548 quis
1019 2483 1206 2547 usquam
1241 2483 1445 2531 dicturus
1474 2483 1545 2540 sit,
1570 2484 1660 2549 ‘qui
1694 2483 1806 2530 bene
1837 2485 2023 2546 cogitat,
2040 2480 2187 2547 'quod
2227 2487 2430 2535 maxima

417 2566 520 2614 pars
543 2551 716 2614 generis
745 2550 931 2597 humani
955 2562 1122 2597 aeterna
1145 2561 1291 2597 morte
1313 2551 1524 2613 peritura,
1560 2551 1664 2612 quia
1687 2565 1779 2597 non
1813 2552 1904 2598 nati
1934 2551 2050 2598 intra
2071 2551 2324 2616 Europam,
2349 2552 2428 2600 ubi

419 2615 664 2680 respective·
687 2618 820 2679 pauci
842 2614 974 2671 sunt3
1010 2617 1060 2663 &
1092 2617 1194 2680 quis
1218 2615 1421 2666 dieiurus
1453 2617 1534 2679 qui
1573 2614 1684 2663 bene
1715 2617 1915 2679 cogitat,
1946 2616 2072 2680 quod
2095 2617 2327 2667 Dominus
2350 2634 2426 2682 pa·

416 2683 585 2730 teretur
604 2686 785 2730 tantam
825 2681 1164 2730 multitudinem
1208 2682 1451 2743 hominum
1487 2680 1626 2739 nasci,
1655 2694 1709 2730 ut
1738 2682 1902 2747 periret
1939 2694 2087 2730 morte
2124 2694 2305 2740 aeterna,
2342 2685 2429 2732 hoc

418 2747 536 2796 foret
558 2762 715 2796 contra
735 2750 981 2806 Divinum,
1015 2749 1067 2797 δι
1105 2761 1264 2797 contra
1286 2748 1682 2805 Misericordiam;
1733 2750 1783 2797 &
1809 2748 2043 2811 praeterea
2077 2747 2142 2794 illi
2185 2750 2266 2811 qui
2304 2763 2431 2798 extra

420 2814 668 2861 Ecclesiam
694 2812 811 2872 sunt,
847 2816 928 2879 qui
950 2828 1106 2878 gentes
1130 2828 1370 2872 vocantur,
1405 2814 1566 2863 multo·
1586 2815 1878 2862 moratiorem
1900 2815 2041 2861 Vitam
2064 2815 2247 2872 vivunt,
2278 2828 2428 2879 ‘quam

421 2881 503 2941 qui
539 2881 653 2927 intra
675 2881 941 2938 Ecclesiam,
981 2882 1033 2929 &
1073 2879 1247 2928 facilius
1293 2881 1443 2928 multo
1482 2881 1819 2944 amplefiiuntur
1859 2894 1983 2927 verae
2005 2879 2112 2936 fidei
2135 2879 2426 2939 doftrmam3

420 2944 550 3008 quod
604 2946 750 2993 adhuc
797 2945 1070 2994 manifestius
1116 2946 1316 2995 constare
1360 2945 1507 3011 potest
1543 2946 1601 2992 ab
1622 2943 1880 2992 Animabus
1923 2946 1971 2992 in
2016 2945 2166 2994 altera·
2190 2948 2314 3003 vita·,
2371 2965 2429 2996 ex

421 3010 532 3058 orbe
562 3011 623 3057 ita
658 3023 824 3059 vocato
862 3013 1114 3060 Christiano
1141 3014 1332 3059 veniunt
1371 3012 1582 3058 omnium
1628 3012 1821 3073 patrimi,
1878 3012 2169 3064 interneciuo·
2201 3014 2310 3061 odio
2347 3014 2427 3062 ha-

424 3076 578 3124 bentes
616 3078 900 3140 proximum,
933 3079 985 3125 δε
1017 3079 1292 3125 internecino
1313 3078 1608 3143 Dominum,
1642 3091 1741 3140 prae
1764 3077 1976 3125 omnibus
2013 3079 2058 3126 in
2096 3078 2302 3127 universo
2339 3093 2427 3128 ter-

424 3157 576 3190 rarum
601 3140 708 3188 orbe
731 3141 919 3189 adulteri
939 3165 954 3197 ·‚
990 3155 1081 3189 non
1106 3155 1257 3189 autem
1274 3144 1351 3188 ita
1387 3158 1447 3189 ex
1476 3143 1646 3190 caeteris
1669 3143 1789 3190 orbis
1813 3144 2013 3207 partibus
2033 3166 2049 3200 ·,
2083 3158 2190 3192 nam
2211 3146 2427 3209 permulti

424 3223 482 3256 ex
504 3208 571 3254 his
588 3208 668 3270 qui
690 3207 811 3255 idola
833 3208 1083 3274 coluerunt,
1119 3208 1195 3255 tali
1229 3208 1382 3255 animo
1413 3208 1529 3266 sunt,
1565 3221 1618 3256 ut
1641 3209 1745 3258 odia
1771 3210 1830 3258 ⁴&
1868 3210 2087 3258 adulteria
2117 3211 2348 3269 horreant,
2375 3212 2427 3260 ὅτ

426 3275 614 3322 timeant
638 3272 926 3332 Christianam,
961 3275 1065 3338 quia
1087 3273 1210 3333 tales,
1246 3275 1295 3323 &
1335 3275 1463 3338 quod
1500 3278 1858 3340 unumquemvis
1894 3278 2091 3326 cruciare
2113 3278 2286 3325 velint:
2330 3281 2429 3325 imo

2256 3343 2427 3392 Gentes
