2788 3736
510 0 520 7 ’
537 0 799 39 ’ῤ’-,ι’πτῖ-ςέ
883 0 888 6 ·

731 288 1162 364 CAPUT
1258 260 1995 351 ocTAthM.‘
2261 288 2393 371 289

377 421 512 471 nibus
532 419 691 470 diebus
715 431 848 468 terrae
884 418 1090 467 sementis
1112 417 1163 466 ὅτ
1188 418 1350 465 mestis.
1421 415 1569 481 Qod
1594 416 1768 479 semper
1792 413 2000 463 sementis
2035 414 2086 464 δε
2110 417 2274 471 menis,
2311 414 2384 462 seu
2407 407 2410 409 Α

374 487 591 545 Ecclesia,
623 486 839 535 ‘exstitura
860 485 930 543 fit,
967 485 1137 535 spectat
1175 484 1251 532 illa
1272 483 1448 547 quaein
1486 481 1614 529 versu
1659 499 1814 545 prtec:
1867 498 2034 546 nempe
2066 482 2195 546 quod
2237 482 2382 530 homo

375 570 468 602 non
507 554 702 619 amplius
726 552 767 601 se
800 555 861 600 ita
890 552 1077 617 perdere
1100 552 1284 617 poterit,
1318 549 1438 598 ficut>
1455 548 1687 614 posteritas
1725 549 1887 596 ultima
1925 550 2267 612 Antiquissrmae
2291 550 2384 597 hc-

374 619 535 668 clefiae.
1203 630 1206 631 ’
1823 619 1826 622 ”

446 704 558 752 933.
597 687 744 751 Qod
785 685 933 751 frigus
968 685 1020 733 &
1056 683 1190 732 aestus
1228 682 1482 746 significent
1522 681 1689 730 statum
1722 681 1937 738 hominis,
1972 683 2053 746 qui
2079 695 2384 747 regeneratur,

375 755 457 818 qui
497 753 598 801 talis
638 753 791 818 quoad
830 750 1144 816 recipiendum
1181 749 1324 797 fidem
1354 749 1413 797 a&
1454 748 1752 803 charitatem;
1801 749 1928 812 quod
1974 747 2118 812 frigus
2162 750 2385 813 significet

378 820 553 867 nullam
586 820 728 868 fidem
769 821 819 867 ὅτ
851 819 1150 873 charitatem,
1185 815 1318 864 aestus
1357 827 1510 863 autem
1556 815 1836 870 charitatem,
1887 817 2060 863 constat
2098 832 2123 863 a
2159 816 2382 879 fignifica—

378 886 500 934 tione
525 885 708 951 frigoris
739 885 946 943 &laestus
976 886 1024 932 in
1046 882 1220 940 Verbo,
1254 882 1335 930 ubi
1370 882 1675 947 praedicantur
1714 881 1772 928 de
1805 882 2108 944 regenerando
2148 884 2221 929 vel
2262 899 2387 945 rege-

378 964 549 1010 aerato,
585 952 659 1000 vel
681 952 739 1000 de
764 951 962 999 Ecclesia
977 966 995 1007 ‘3
1048 963 1152 998 tum
1190 959 1377 1013 quoque
1413 948 1585 996 constat
1624 965 1650 995 a
1690 947 1811 1004 serie,
1848 964 2014 1012 nempe
2051 948 2108 996 ab
2147 949 2234 995 illis
2279 966 2386 1011 quae

378 1019 645 1084 praecedunt
666 1019 717 1067 &
740 1033 846 1082 quae
869 1017 1135 1081 sequuntur,
1172 1030 1278 1064 nam
1311 1015 1371 1062 de
1390 1015 1591 1063 Ecclesia
1612 1016 1762 1079 agitur
1772 1038 1793 1070 ς
1831 1015 1877 1061 in
1917 1014 2048 1063 versu
2087 1015 2385 1079 praecedente‚

378 1086 506 1149 quod
530 1085 672 1134 homo
695 1101 788 1132 non
811 1084 1005 1147 amplius
1029 1084 1091 1131 ita
1126 1082 1169 1130 se
1207 1081 1406 1146 perdere*
1428 1083 1612 1146 poterit,
1650 1084 1696 1128 in
1732 1081 1821 1130 hoc
1861 1081 2007 1139 versu,
2043 1082 2172 1146 quod
2217 1080 2390 1145 semper

378 1153 528 1216 aliqua
545 1150 748 1200 Ecclesia
769 1150 997 1206 exstitura,
1032 1165 1140 1214 quae
1167 1147 1435 1197 describitur
1459 1151 1664 1212 primum
1689 1146 1996 1212 quomodo'se
2029 1148 2160 1196 habet
2183 1164 2292 1195 cum
2318 1148 2388 1202 fit.

276 1224 283 1233 ¹
378 1217 454 1265 seu
492 1234 600 1266 cum
630 1229 915 1281 regeneratur
938 1216 1081 1265 homo
1116 1228 1171 1263 ut
1206 1215 1287 1263 fiat
1310 1215 1527 1272 Ecclesia,
1562 1216 1612 1263 δε
1654 1231 1767 1262 mox
1806 1216 1863 1262 de
1901 1228 2175 1280 regenerato,
2210 1215 2388 1278 qualis·,

377 1285 438 1332 ita
459 1285 516 1333 de
536 1285 666 1332 omni
681 1283 797 1332 statu
820 1283 1020 1331 hominis
1043 1282 1271 1330 Ecclesiae.
1316 1282 1463 1346 Qod
1487 1282 1585 1330 talis
1608 1280 1704 1347 ejus
1738 1282 1875 1329 status
1892 1282 1973 1339 sit,
2009 1299 2118 1330 cum
2159 1298 2391 1346 regenera⁴

376 1363 469 1407 tur,
502 1367 670 1416 nempe
709 1348 856 1421 frigus
886 1351 936 1398 &
969 1348 1120 1407 aestuS,
1156 1348 1231 1397 'seu
1262 1348 1385 1397 nulla
1416 1348 1531 1396 fides
1561 1349 1611 1396 δε
1651 1349 1858 1405 charitas,
1910 1361 2013 1397 tum
2054 1349 2167 1397 fides
2203 1351 2254 1396 δε
2289 1350 2391 1396 cha-

378 1418 499 1481 ritas,
534 1433 629 1466 non
663 1419 725 1466 ita
753 1416 952 1466 constare
978 1417 1113 1464 alicui
1135 1414 1283 1480 potest
1305 1416 1387 1463 nifi
1425 1415 1484 1463 ab
1504 1417 1796 1480 experientia,
1831 1417 1882 1464 &
1918 1416 2109 1480 quidem
2146 1432 2229 1480 per
2267 1417 2391 1463 refle-

286 1500 290 1502 ’
375 1483 576 1532 &tionem
598 1484 658 1532 ad
688 1484 1013 1549 experientiam
1031 1506 1047 1539 3
1082 1483 1132 1531 &
1153 1483 1260 1547 quia
1292 1483 1426 1547 pauci
1465 1480 1568 1530 sunt
1589 1485 1671 1546 qui
1710 1496 2043 1546 regenerantur,
2078 1483 2128 1531 δε
2167 1485 2282 1530 inter
2315 1498 2393 1530 eos

377 1550 460 1616 qui
498 1565 833 1614 regenerantur,
857 1551 989 1615 pauci
1022 1549 1056 1598 fi
1081 1549 1164 1597 ulli
1191 1549 1272 1613 qui
1305 1549 1556 1606 reflectunt,
1591 1562 1669 1596 aut
1691 1551 1858 1613 quibus
1894 1550 2117 1599 reflediere
2155 1549 2289 1597 datur
2321 1548 2392 1596 su·

373 1632 460 1682 per
482 1617 645 1666 statum
671 1617 762 1669 suae
786 1617 1149 1683 regenerationiS‚
1184 1616 1252 1664 his
1275 1618 1429 1681 paucis
1462 1616 1567 1664 licet
1589 1616 1766 1665 dicere:
1817 1615 1976 1675 homo,
2012 1633 2119 1664 cum
2162 1632 2393 1680 regenera-

377 1697 469 1742 tur,
504 1680 650 1732 {vitam
666 1686 832 1749 accipit
854 1701 880 1732 a
901 1685 1127 1740 Domino,
1162 1699 1268 1731 nam
1292 1684 1418 1747 prius
1449 1700 1543 1731 non
1571 1683 1726 1730 vixiffe
1762 1683 1856 1730 diti
1896 1683 2059 1747 potest,
2098 1685 2197 1731 vita
2227 1683 2391 1730 mundi

377 1744 430 1798 δί
453 1752 656 1815 corporis
678 1767 773 1799 non
795 1750 858 1798 est
886 1751 999 1806 vita,
1034 1748 1108 1797 sed
1133 1751 1227 1797 vita
1249 1749 1396 1797 coeless
1406 1751 1443 1796 is
1478 1750 1530 1797 δι’
1556 1748 1800 1813 *spiritualis
1825 1751 1954 1797 unice
1987 1751 2048 1797 est
2076 1752 2199 1805 vita;
2249 1749 2394 1798 homo

379 1832 464 1879 per
497 1819 880 1880 regenerationem
913 1833 940 1863 a
960 1817 1170 1863 Domino
1208 1814 1351 1879 ipsam
1386 1816 1530 1862 vitam
1576 1817 1759 1879 accipit,
1807 1815 1859 1863 δε
1898 1817 2006 1879 quia
2049 1818 2175 1880 prius
2215 1816 2391 1864 nullam

385 1883 531 1930 vitam
553 1881 727 1940 habuit,
763 1883 949 1930 alternat
970 1882 1095 1930 nulla
1106 1883 1217 1938 vita,
1235 1882 1286 1937 &
1307 1880 1400 1945 ipsa
1420 1882 1532 1938 vita,
1554 1880 1640 1929 ho:
1664 1882 1743 1939 est,
1769 1882 1890 1930 nulla
1919 1883 2033 1930 fides
2057 1886 2106 1931 &
2137 1882 2324 1931 charitas
2345 1884 2396 1930 δε

379 1948 527 2013 aliqua
554 1949 668 1996 fides
691 1950 741 1998 δε
776 1949 983 2005 charitas;
1019 1948 1141 1996 nulla
1164 1948 1277 1996 fides
1298 1949 1349 1996 δε
1372 1947 1558 1997 charitas
1582 1948 1654 1996 hic
1684 1948 1966 2013 significatur
1996 1965 2077 2013 per
2116 1948 2277 2013 frigus,
2313 1949 2392 1997 ali-
2437 1998 2459 2008 ,

378 2030 472 2078 qua
494 2015 607 2063 fides
640 2016 691 2063 δε
724 2015 911 2064 charitas
945 2030 1028 2079 per
1064 2015 1260 2072 aestum3
1294 2014 1424 2079 quod
1463 2015 1526 2062 ita
1568 2014 1610 2063 se
1639 2014 1806 2071 habet;
1842 2017 2021 2079 quoties
2055 2016 2200 2064 homo
2239 2017 2303 2063 est
2342 2017 2391 2064 in

380 2082 609 2145 corporeis
633 2080 720 2130 suis
756 2084 804 2129 &
830 2081 1072 2130 mundanis
1108 2094 1220 2130 tunc
1242 2081 1306 2130 est
1328 2081 1452 2129 nulla
1490 2080 1602 2129 fides
1642 2082 1692 2129 ὅτ.
1733 2082 1939 2138 charitas»,
1977 2082 2065 2131 hoc
2110 2082 2191 2140 est,
2227 2081 2391 2146 frigus,

377 2163 485 2195 nam
509 2160 886 2213 tunc00perantur
908 2164 1124 2212 corporea
1158 2149 1209 2196 δε
1248 2148 1495 2206 mundana,
1532 2149 1725 2212 proinde
1761 2165 1869 2213 quae
1908 2148 2010 2197 sunt
2051 2147 2147 2213 ejus
2188 2153 2390 2215 propria,

380 2215 603 2278 quamdiu
627 2215 770 2263 homo
800 2216 864 2264 est
886 2218 932 2264 in
955 2217 1011 2279 iis
1036 2227 1145 2263 tunc
1168 2214 1232 2263 est
1255 2214 1407 2264 absens
1429 2228 1507 2263 aut
1530 2228 1733 2264 remotus
1756 2232 1782 2262 a
1803 2215 1896 2263 fide
1920 2217 1970 2264 δε
1993 2216 2220 2274 charitate,
2256 2217 2317 2264 fic
2341 2230 2395 2266 ut

380 2297 436 2328 ne
457 2282 646 2344 quidem
671 2283 843 2346 cogitet
865 2282 922 2330 de
945 2281 1207 2334 coelestibus
1232 2283 1282 2330 &
1307 2281 1640 2346 spiritualibus-w,
1692 2281 1820 2330 causa
1847 2282 1928 2339 est,
1964 2274 2069 2347 qui'a
2093 2282 2313 2346 nusquam
2338 2283 2394 2330 fi-

378 2347 480 2394 mul
503 2348 588 2396 effe
609 2349 792 2411 pofliint
814 2349 937 2414 apud
971 2349 1208 2397 hominem
1245 2348 1445 2397 coelestia
1466 2349 1516 2397 δε
1541 2365 1772 2414 corporea,
1807 2365 1916 2397 nam
1956 2351 2167 2398 voluntas
2190 2350 2391 2398 hominis

377 2413 574 2477 prorsus,
601 2415 833 2478 deperdita
852 2415 948 2472 est,
983 2429 1029 2464 at
1050 2431 1161 2465 cum
1185 2431 1401 2480 corporea
1422 2416 1637 2473 hominis,
1673 2417 1722 2463 &
1747 2414 1844 2480 ejus
1864 2415 2116 2465 voluntaria
2151 2411 2245 2465 nori
2259 2424 2269 2427 Α
2283 2433 2392 2482 ope-

379 2491 549 2536 rantur,
586 2479 661 2528 sed
700 2481 962 2545 quiescunt,
988 2495 1099 2531 tunc
1132 2484 1365 2531 Dominus
1412 2498 1493 2546 per
1528 2483 1758 2530 internum
1782 2481 1878 2547 ejus
1901 2482 2137 2532 hominem
2162 2497 2391 2548 operatur,

379 2547 431 2593 ὅτ
456 2558 566 2594 tunc
590 2546 653 2594 est
676 2548 722 2594 in
746 2547 838 2595 fide
858 2549 908 2596 &
932 2548 1164 2606 charitate,
1200 2550 1328 2613 quod
1349 2550 1424 2597 hic
1448 2563 1640 2597 vocatur
1661 2550 1828 2606 aestus·,
1864 2567 1975 2598 cum
1998 2551 2166 2598 iterum
2203 2551 2325 2615 redit
2345 2553 2392 2598 in

351 2629 357 2632 ·
379 2611 546 2677 corpus
569 2614 734 2661 iterum
759 2612 823 2661 est
845 2616 892 2661 in
916 2612 1087 2678 frigore
1107 2637 1122 2670 ;
1170 2616 1220 2663 &
1245 2631 1355 2663 cum
1380 2631 1546 2679 corpus
1578 2615 1652 2663 seu
1685 2616 1811 2679 quod
1836 2618 2038 2680 corporis
2070 2618 2150 2674 est,
2186 2616 2392 2680 quiescit,

379 2680 427 2725 δι
454 2679 577 2743 quasi
601 2679 783 2730 nullum
807 2680 886 2736 est,
923 2692 1034 2728 tunc
1057 2680 1120 2728 est
1155 2682 1202 2728 in
1226 2681 1370 2737 aestu3
1408 2683 1455 2728 δε
1499 2682 1559 2729 fic
1583 2698 1663 2744 per
1687 2685 1840 2738 vices;
1892 2699 1999 2730 nam
2039 2684 2138 2731 talis
2178 2683 2242 2730 est
2282 2699 2393 2730 con-

378 2744 494 2793 ditio
527 2746 743 2804 hominis,
779 2746 908 2812 quod
931 2747 1052 2811 apud
1093 2763 1201 2794 eum
1241 2746 1440 2795 coelestia
1474 2748 1525 2795 δε
1565 2747 1810 2810 spiritualia
1844 2765 1936 2796 non
1958 2752 2126 2813 poflint-
2147 2749 2281 2796 simul
2305 2751 2390 2797 effe

381 2827 489 2859 cum
501 2811 599 2875 ejus
617 2814 905 2877 corporeis&
917 2814 1175 2870 mundanis,
1195 2812 1268 2860 sed
1278 2814 1399 2860 vices
1409 2813 1534 2861 sunt:
1561 2813 1659 2861 haec
1683 2814 1801 2871 sunt,
1820 2832 1926 2878 quae
1943 2817 2168 2863 unicuivis
2183 2831 2389 2879 tegeran-

379 2878 442 2924 do
465 2878 598 2936 fiunt,
635 2881 684 2927 ὅτ
708 2881 897 2944 quidem
922 2880 1117 2937 tamdiu,
1139 2880 1362 2944 quamdiu
1385 2879 1447 2927 est
1465 2881 1510 2926 in
1529 2879 1642 2941 statu
1660 2881 2020 2943 regenerationis,
2040 2898 2147 2930 nam
2159 2883 2286 2929 aliter
2308 2883 2391 2930 ho-

383 2948 464 2990 mo
481 2960 572 2992 non
595 2946 742 3010 potest
758 2948 1023 3010 regenerari,
1065 2947 1152 2995 hoc
1168 2943 1248 3003 est,
1274 2963 1300 2994 a
1319 2960 1504 2994 mortuo
1538 2946 1635 2994 fieri
1659 2949 1812 3004 vivus,
1848 2964 1905 2994 ex
1933 2947 2074 3005 causa,
2119 2943 2172 2996 υἷ
2194 2950 2389 3007 dicium,

380 3013 487 3074 quia
509 3011 721 3060 voluntas
745 3012 840 3078 ejus
863 3013 1042 3077 prorsus
1067 3014 1303 3077 deperdita
1321 3014 1402 3070 est,
1438 3029 1544 3077 qu÷e
1584 3014 1687 3061 ideo
1727 3015 1905 3077 prorsus
1945 3016 2169 3078 separatur
2206 3033 2231 3064 a
2270 3033 2392 3064 nova

383 3076 635 3133 voluntate,
670 3081 810 3141 quam
831 3082 997 3144 accipit
1033 3097 1058 3127 a
1087 3082 1318 3148 Domino,
1353 3097 1459 3144 quae
1494 3079 1558 3128 est
1579 3082 1790 3137 Domini,
1828 3098 1920 3129 non
1960 3082 2179 3130 hominis:
2231 3085 2335 3131 exin
2356 3085 2392 3130 'e

383 3147 503 3190 nunc
538 3142 736 3190 constare
774 3144 939 3208 potest,
977 3147 1091 3210 quid
1118 3164 1198 3211 per
1238 3146 1384 3211 frigus
1421 3149 1470 3195 δε
1513 3148 1675 3194 aessum
1700 3148 1779 3210 hic
1799 3148 2094 3211 significatur.
2166 3150 2311 3213 Qod
2336 3152 2398 3196 ita

381 3209 423 3258 se
456 3225 530 3260 res
562 3208 735 3266 habeat,
770 3211 959 3277 quisque
996 3227 1286 3278 regeneratus
1320 3214 1469 3279 potest
1501 3213 1559 3262 ab
1582 3217 1854 3279 experientia
1877 3215 2001 3271 scire,
2037 3233 2217 3280 nempe,
2253 3215 2397 3279 quod¹

1450 3282 1489 3328 P
1522 3297 1555 3346 p
2291 3296 2405 3336 cum
