2788 3736
884 191 1312 295 cAthiT
1408 225 2000 317 sExyTuMs
2328 234 2457 321 187

437 373 683 426 refleffitur
717 370 849 437 super
886 369 1142 434 personam,
1194 366 1273 417 sed
1305 366 1436 432 super
1491 382 1589 415 rem
1629 382 1737 431 quae
1782 365 2158 431 repraesentatum
2190 359 2261 416 *ita
2293 381 2455 416 omnes
2490 430 2493 432 d

439 457 566 507 reges
587 439 755 490 Israelis
793 439 843 487 ὅτ
883 437 1096 499 jehudae,
1151 436 1290 483 etiam
1326 434 1522 498 pessimi,
1569 433 1942 496 repraesentabant
1977 434 2184 498 Regium
2221 434 2419 483 Domini
2435 456 2452 490 ς

436 510 744 572 imoquoque
766 505 956 562 Pharao,
998 506 1080 569 qui
1104 501 1356 566 Josephum
1389 499 1522 564 super
1559 510 1722 547 terram
1748 501 1947 565 AEgypti
1970 501 2215 550 exaltavit:
2263 501 2370 550 inde
2402 501 2454 549 δε

407 646 419 662 ·
434 591 495 624 ex
517 574 724 640 pluribus
754 572 868 630 aliis,
904 571 963 618 de
990 570 1173 684 quelzlus,
1207 584 1264 616 ex
1286 565 1458 643 Divina
1476 565 1671 679 Dfphmini
1695 565 2025 680 Μὲζετίεεέἷάὶε,
2048 568 2115 644 εἰιαι
2142 566 2452 644 sequ-entibus,

435 641 639 765 pssgsallziaeg’e
661 637 1347 778 {Ztaeestgegrtsssctlmtabpga-tones
1379 647 1488 776 eum
1581 632 1754 693 1sJac0
1786 649 1801 679 1
1829 649 1890 698 pa
1934 649 1978 693 a,
2013 633 2126 682 nihil
2149 633 2337 692 suennt,
2370 633 2455 683 msl

512 775 622 823 666.
660 772 808 836 Quod
831 769 986 818 foedus
1011 767 1122 815 nihil
1155 766 1278 815 ahud
1301 764 1527 830 significet
1549 781 1688 830 quam
1705 764 2136 829 Regenerationem,
2171 767 2223 815 δε
2256 783 2363 831 quae
2386 770 2456 816 re·

443 841 744 907 generationis
767 837 885 894 sunt,
920 834 1119 884 constare
1158 832 1306 898 potest
1327 849 1385 881 ex
1406 832 1564 881 Verbo
1608 834 1787 897 panim,
1839 831 1918 879 ubi
1965 831 2064 896 Ipse
2098 833 2336 882 Dominus
2374 843 2453 898 ap-

439 908 633 972 pellatur
669 903 862 962 Foedus,
915 903 1024 966 quia
1060 899 1160 966 Ipse
1198 902 1361 948 unicus
1399 899 1464 948 est
1502 899 1603 964 Qi
1645 909 1895 962 regenerat,
1946 897 1998 947 &
2031 898 2133 963 Qi
2170 897 2228 946 ab
2270 899 2455 948 homine

414 1022 419 1026 ,
440 984 703 1039 regenerato
727 970 967 1036 spectatur,
1001 968 1053 1017 ac
1075 967 1140 1015 est
1161 973 1301 1015 omne
1324 967 1371 1013 in
1395 965 1610 1013 omnibus
1632 966 1798 1014 amoris
1822 965 1873 1014 ὅτ.
1897 964 2004 1013 fidei
2024 984 2036 1015 ε
2071 965 2200 1028 quod
2223 966 2457 1014 Dominus
2539 958 2546 965 ’

438 1041 496 1089 fit
515 1039 672 1106 Ipsum
695 1036 850 1086 foedus
870 1033 1044 1084 constat
1066 1034 1191 1098 apud
1213 1032 1407 1081 Esaiam.
1446 1037 1482 1060 “
1505 1032 1614 1097 Ego
1627 1031 1836 1094 Jehovah
1857 1033 2025 1080 vocavi
2047 1032 2121 1079 Te
2138 1033 2185 1080 in
2200 1030 2387 1096 justitia,
2405 1033 2456 1080 δε

442 1114 479 1136 “
513 1103 848 1171 apprehendens
872 1116 1063 1150 manum
1079 1112 1225 1156 tuam,
1239 1100 1290 1148 &
1301 1098 1562 1148 custodiens
1574 1101 1666 1156 Te,
1684 1099 1735 1147 δε
1751 1099 1871 1147 dabo
1887 1100 1960 1147 Te
1977 1100 2024 1146 in
2045 1099 2196 1148 Faedus
2211 1099 2390 1164 populi,
2409 1101 2457 1146 in

442 1179 479 1202 “
512 1174 692 1221 Lucem
717 1169 1100 1234 gentium,”xr.11
1121 1185 1132 1215 ε
1157 1167 1203 1215 6.
1229 1166 1314 1214 ubi
1354 1164 1511 1214 foedus
1536 1180 1624 1230 pro
1644 1167 1873 1223 Domino,
1899 1165 1980 1213 lux
2004 1167 2213 1230 gentium
2236 1165 2301 1213 est
2323 1166 2461 1214 fides:

440 1239 660 1298 fimiliter,
684 1238 786 1301 Cap
806 1255 816 1284 :
842 1251 991 1283 xmx:
1019 1235 1066 1292 6,
1080 1238 1142 1284 8..
1186 1234 1343 1297 'Apud
1363 1232 1663 1291 Malachiam,
1686 1238 1720 1260 “
1739 1233 1862 1281 Ecce
1879 1233 1989 1296 Ego
2011 1235 2198 1283 mittens
2212 1232 2455 1296 Angelum

442 1311 479 1334 “
514 1321 690 1361 meum,
724 1304 776 1352 δι’
799 1301 948 1350 subito
970 1302 1123 1349 veniet
1144 1300 1203 1348 ad
1224 1299 1482 1364 Templum
1506 1298 1638 1347 suum
1661 1300 1913 1358 Dominus,
1950 1299 2107 1365 Qem
2143 1315 2227 1346 vos
2250 1314 2459 1363 quaeren-

441 1378 477 1400 “
511 1384 595 1430 tes,
619 1373 668 1420 &
694 1370 878 1433 Angelus
889 1369 1082 1432 faederis,
1107 1383 1248 1433 quem
1273 1382 1357 1414 vos
1380 1366 1669 1422 defideratis3
1705 1381 1811 1414 ecce
1834 1366 1979 1423 venit,
2004 1367 2106 1430 quis
2130 1364 2314 1413 sustinet
2334 1365 2460 1412 diem

443 1445 479 1467 “
514 1439 734 1487 adventus
765 1435 924 1501 Ipsius,
940 1436 970 1457 '⁹
995 1450 1088 1484 111:
1137 1453 1180 1493 1,
1207 1451 1255 1492 2,
1301 1432 1383 1481 ubi
1422 1433 1656 1481 Dominus
1702 1433 1955 1497 appellatur
2002 1432 2213 1496 Angelus
2258 1429 2459 1479 foederis.

442 1504 721 1553 Sabbathum
735 1497 985 1567 appellatur
1000 1501 1149 1550 Foedus
1157 1511 1377 1557 aeternum,
1395 1499 1534 1548 Exod
1549 1518 1560 1548 ε
1574 1516 1712 1548 xxm:
1738 1518 1755 1549 1
1765 1501 1809 1548 6.
1828 1500 1934 1564 quia
1947 1498 2169 1564 fignificat
2188 1497 2343 1564 Ipsum
2358 1498 2461 1546 Do·
2545 1505 2557 1509 “

445 1573 625 1634 minum
649 1595 664 1628 ·,
715 1571 766 1618 δε
800 1570 1037 1617 hominem
1068 1567 1127 1617 ab
1159 1567 1257 1633 ipso
1288 1577 1602 1630 regeneratum
1649 1565 1895 1615 coelestem.
1967 1567 2094 1632 Qia
2131 1565 2364 1614 Dominus
2398 1563 2462 1611 est

441 1638 599 1703 Ipsum
624 1636 794 1695 foedm,
830 1635 1019 1692 constat,
1043 1634 1175 1700 quod
1194 1633 1380 1682 foederis
1414 1633 1469 1681 sit
1490 1649 1630 1681 omne
1662 1633 1792 1697 quod
1816 1630 2059 1699 conjungit
2098 1632 2334 1681 hominem
2358 1632 2460 1679 Do—

445 1707 589 1763 mino,
626 1706 688 1751 ita
706 1706 859 1751 Amor
883 1704 932 1750 &
958 1701 1089 1759 fides,
1126 1702 1176 1749 ὅτ
1200 1716 1308 1764 quae
1331 1699 1434 1747 sunt
1455 1701 1648 1747 Amoris
1671 1700 1721 1746 ὅτ
1746 1699 1854 1747 fidei
1874 1723 1888 1755 ς
1925 1699 2001 1747 illa
2022 1699 2147 1747 enim
2169 1697 2271 1746 sunt
2292 1698 2461 1746 Domi-

444 1774 509 1828 ni,
547 1774 595 1819 &
621 1772 667 1818 in
689 1770 775 1834 illis
791 1769 1041 1824 Dominus,
1078 1769 1140 1814 ita
1177 1766 1327 1831 ipsum
1366 1764 1520 1813 foedus
1558 1767 1611 1814 in
1633 1765 1736 1822 illis,
1771 1764 1853 1812 ubi
1878 1765 2190 1829 recipiuntur;
2231 1764 2330 1812 haec
2367 1780 2462 1811 non

448 1839 630 1894 dantur,
667 1835 749 1883 nisi
773 1850 912 1898 quam
936 1833 1060 1898 apud
1083 1835 1439 1896 Regeneratum‚
1474 1831 1596 1896 apud
1620 1847 1762 1896 quem
1784 1831 2007 1897 quicquid
2030 1831 2094 1878 est
2115 1832 2464 1895 Regeneratoris
2498 1864 2500 1866 -

448 1903 522 1951 seu
539 1903 752 1958 Domini,
789 1901 877 1947 hoc
901 1898 965 1947 est
988 1897 1169 1947 faederis
1193 1898 1266 1946 seu
1289 1897 1462 1956 foedUS,
1498 1911 1553 1962 ut
1575 1898 1700 1962 apud
1723 1896 1919 1956 Esaiam,
1957 1903 1992 1924 “
2016 1896 2330 1945 Misericordia
2352 1897 2465 1945 Mea

450 1975 486 1998 “-
521 1985 546 2016 a
567 1981 720 2016 tecum
745 1983 836 2014 non
861 1965 1053 2022 recedet,
1090 1967 1140 2013 &
1162 1965 1312 2014 Foedus
1330 1967 1452 2026 pacis
1475 1981 1593 2012 meae
1618 1980 1710 2012 non
1735 1964 2061 2022 dimovebitur,
2076 1965 2107 1986 ’'
2137 1979 2248 2012 mv:
2274 1981 2347 2014 10.
2381 1962 2463 2010 ubi

448 2035 752 2084 misericordia
784 2030 833 2080 ὅτ
859 2031 1013 2080 foedus
1037 2033 1161 2096 pacis
1184 2031 1249 2079 est
1271 2032 1520 2088 Dominus,
1555 2031 1606 2079 δε
1629 2046 1736 2095 quae
1760 2029 1861 2078 sunt
1879 2032 2089 2079 Domini.
2161 2030 2309 2094 Apud
2331 2029 2463 2078 Eun-

448 2109 484 2131 “
520 2103 643 2158 dem,
667 2100 881 2148 Inclinate
905 2115 1059 2147 aurem
1089 2098 1300 2156 vestram,
1324 2099 1375 2146 δε
1399 2099 1459 2146 ite
1478 2098 1535 2146 ad
1554 2098 1658 2153 Me,
1683 2098 1836 2146 audite
1852 2098 1902 2146 &
1919 2098 2046 2144 vivat
2063 2096 2211 2145 anima
2225 2095 2385 2152 vestra,
2411 2096 2463 2143 ὅτ

449 2176 485 2199 “
519 2183 719 2233 pangam
743 2166 873 2214 vobis
900 2166 1043 2229 foedus
1065 2167 1351 2229 jaeternitatis,
1392 2164 1717 2221 misericordias
1739 2165 1933 2212 Davidis
1975 2164 2165 2219 firmas3
2205 2180 2261 2211 en
2301 2163 2463 2210 testem

457 2242 492 2264 “
527 2235 713 2299 populis
731 2233 837 2280 dedi
862 2231 1036 2298 Ipsum,
1061 2232 1227 2281 ducem
1252 2231 1303 2280 &
1329 2231 1626 2295 legissatorem
1646 2231 1876 2295 gentibus,
1897 2232 1929 2253 ''
1952 2247 2041 2278 Lv:
2068 2249 2113 2294 3,
2140 2247 2185 2291 4.
2212 2230 2292 2278 ubi
2305 2229 2463 2279 David

449 2319 535 2367 pro
558 2303 797 2355 Domino;
835 2298 990 2347 foedus
1028 2299 1287 2348 aeternitatis
1318 2299 1365 2345 in
1405 2298 1508 2355 illis,
1545 2299 1596 2346 &
1619 2314 1700 2362 per
1722 2298 1812 2356 illa,
1854 2314 1960 2362 quae
1983 2296 2084 2344 sunt
2107 2298 2318 2354 Domini,
2353 2312 2463 2359 quae

449 2368 765 2430 intelliguntur
788 2383 866 2429 per
898 2367 960 2414 ire
1001 2366 1058 2414 ad
1080 2365 1254 2429 Ipsum,
1290 2365 1342 2412 &
1364 2365 1516 2412 audire
1540 2377 1593 2411 ut
1621 2366 1748 2412 vivat
1781 2365 1940 2412 anima.
2011 2364 2160 2427 Apud
2193 2363 2460 2426 jeremiam,

449 2443 484 2464 “
518 2435 654 2482 Dabo
676 2434 763 2480 illis
786 2448 864 2479 cor
887 2448 1051 2499 unum,
1088 2435 1137 2480 δε
1161 2433 1286 2479 viam
1316 2447 1475 2489 unam,
1510 2431 1568 2479 ad
1592 2431 1852 2485 timendum
1877 2431 1962 2478 Me
1983 2430 2197 2478 omnibus
2221 2429 2378 2477 diebus
2409 2429 2458 2475 in

451 2507 486 2530 “
522 2500 696 2547 bonum
737 2499 823 2545 illis
862 2500 911 2545 &
946 2499 1048 2546 filiis
1079 2498 1263 2546 illorum
1297 2498 1400 2561 post
1422 2499 1542 2556 illos',
1577 2497 1825 2561 feriamque
1849 2497 1935 2544 illis
1958 2497 2109 2546 Foedus
2131 2497 2297 2560 saeculi,
2333 2494 2461 2558 quod

451 2575 487 2597 “
523 2583 614 2614 non
639 2577 811 2612 avertar
839 2581 863 2610 a
888 2563 990 2628 post
1012 2580 1105 2621 eos,
1140 2565 1198 2612 ad
1221 2562 1590 2612 benefaciendum
1620 2566 1710 2611 .Me
1748 2565 1850 2620 illis,
1886 2564 1937 2611 δε
1961 2566 2177 2611 timorem
2201 2578 2359 2611 meum
2383 2561 2461 2607 da-

429 2638 487 2663 '“
523 2633 583 2680 bo
618 2634 663 2680 in
704 2648 784 2679 cor
807 2631 1052 2687 illorum,''
1077 2622 1246 2677 xxx1i:
1286 2647 1363 2694 39,
1397 2648 1478 2691 40.
1515 2648 1600 2694 pro
1641 2631 1728 2677 illis
1760 2632 1841 2693 qui
1881 2630 2190 2693 regenerandi,
2239 2641 2342 2676 tum
2377 2643 2464 2691 pro

428 2704 504 2750 —iis
537 2716 643 2764 quse
685 2698 786 2745 sunt
822 2696 942 2760 apud
977 2707 1306 2759 regeneratum,
1341 2712 1447 2758 quae
1484 2696 1585 2743 sunt
1619 2713 1699 2743 cor
1738 2712 1900 2751 unum,
1935 2698 1986 2742 δε
2018 2697 2091 2742 via
2124 2711 2229 2751 una,
2267 2694 2354 2742 hoc
2377 2693 2458 2750 est,

445 2769 643 2816 charitas
683 2766 732 2812 &
774 2764 903 2820 fides,
939 2778 1046 2826 quae
1086 2761 1187 2808 sunt
1223 2763 1433 2818 Domini,
1471 2764 1531 2809 ita
1568 2761 1766 2810 foederis.
1837 2762 1983 2825 Apud
2007 2762 2243 2818 Eundem,
2282 2765 2317 2787 “
2339 2760 2463 2808 Ecce

456 2841 492 2862 “
527 2833 621 2879 dies
645 2833 874 2878 venientes
898 2830 1076 2876 ditium
1100 2828 1307 2889 Jehovae,
1343 2828 1393 2874 δι
1416 2840 1613 2892 pangam
1646 2844 1754 2876 cum
1780 2828 1923 2876 domo
1946 2827 2127 2884 Israelis,
2165 2829 2213 2874 &
2238 2843 2347 2874 cum
2378 2826 2463 2873 do-

454 2917 536 2947 mo
553 2899 746 2960 Jehudae
775 2897 916 2959 fredus
938 2911 1110 2951 novum,
1147 2911 1238 2942 non
1271 2894 1384 2941 ficut
1402 2895 1559 2957 faedus,
1595 2894 1723 2957 quod
1748 2895 1903 2957 pepigi
1928 2910 2036 2941 cum
2061 2894 2260 2956 patribus
2283 2909 2461 2948 eorum,

454 2968 562 3028 quia
598 2967 629 3011 ii
663 2965 841 3010 irritum
859 2962 1154 3010 reddiderunt
1177 2961 1320 3023 soedus
1352 2977 1540 3007 meum:
1577 2960 1648 3008 sed
1668 2962 1755 3008 hoc
1783 2961 1943 3022 faedus,
1979 2960 2107 3023 quod
2131 2976 2327 3025 pangam
2353 2975 2462 3006 curn

456 3033 601 3078 domo
639 3030 805 3076 Israelis
844 3028 946 3091 post
972 3029 1066 3074 dies
1100 3028 1197 3082 hos,
1234 3026 1352 3074 dabo
1386 3027 1539 3090 legem
1572 3044 1717 3074 meam
1761 3029 1807 3074 in
1838 3027 1994 3079 medio
2031 3042 2208 3082 eorum,
2245 3029 2295 3073 δε
2337 3025 2466 3087 super

458 3113 539 3145 cor
576 3111 732 3140 eorum
756 3094 944 3141 scribam
962 3093 1103 3150 illam,
1128 3109 1294 3156 eroque
1320 3094 1372 3141 iis
1398 3095 1442 3139 in
1465 3096 1638 3150 Deum,
1675 3095 1724 3140 δε
1751 3095 1779 3140 ii
1803 3104 1936 3140 erunt
1968 3093 2080 3139 mihi
2117 3095 2162 3139 in
2185 3091 2464 3155 populum,’³

458 3179 572 3213 xxxi
598 3178 607 3206 :
637 3177 725 3221 ¹31,
760 3177 838 3221 32,
879 3177 901 3220 3
913 3175 953 3219 3.
993 3157 1222 3206 manifeste
1256 3159 1328 3206 hic
1363 3160 1763 3224 explicatur·quid
1785 3157 1955 3215 foedus,
1991 3159 2113 3221 quod
2156 3158 2210 3204 fit
2248 3173 2378 3204 amor
2414 3156 2464 3200 δε

456 3225 574 3278 fides
608 3226 655 3272 in
679 3225 958 3279 Dominum,
994 3241 1100 3287 quae
1132 3226 1251 3288 apud
1285 3226 1656 3288 regenerandum.
1730 3226 1875 3290 Apud
1890 3225 2124 3290 Eundem,
2161 3221 2196 3250 '“
2221 3220 2471 3284 appellatur

1396 3292 1399 3293 ⁷
1432 3293 1469 3338 B
1490 3292 1520 3337 b
1560 3309 1584 3340 2
2074 3305 2082 3313 ·
2263 3292 2296 3313 “
2322 3287 2476 3333 Amor
