2788 3736
849 301 1281 366 CAPUT
1377 300 1864 365 NONUM.
2339 328 2469 393 325

369 482 376 485 .
437 440 724 504 proximum,
760 440 903 503 quod·
923 455 1031 486 eum
1058 439 1335 489 condemnet
1374 437 1431 485 ad
1469 449 1686 494 mortem,
1722 436 1815 486 hoc
1838 433 1918 493 est,
1954 436 2012 484 ad
2040 434 2301 494 infernum3
2336 441 2466 503 quod

436 509 571 554 etiam
611 507 843 554 Dominus
884 505 1035 562 docet,
1094 501 1216 569 apud
1253 504 1548 561 Matthaeum,
1607 508 1644 530 “
1668 504 1951 568 Qicunque
1996 503 2165 553 dixerit
2199 503 2324 553 fratri
2365 505 2463 563 suo,

442 571 563 620 fatue
579 609 593 631 ,
653 573 876 624 obnoxius
932 574 1017 619 erit
1061 574 1281 635 gehennae
1340 571 1475 634 ignis,
1493 571 1522 590 ’'
1568 586 1627 617 v:
1655 587 1733 619 22.
1790 569 2004 617 exstineta
2048 573 2171 618 enim
2217 571 2429 620 charitate
2444 608 2460 629 ,

439 640 584 686 homo
628 639 710 686 fibi
758 638 929 701 suoque
974 640 1163 703 proprio
1199 638 1487 700 relinquitur,
1533 636 1584 683 ὅτ,
1618 652 1711 683 non
1746 636 1939 698 amplius
1962 653 2045 700 per
2064 638 2247 686 vincula
2269 640 2459 696 interna,

385 754 390 758 ,
443 723 551 768 quae
590 705 694 752 sunt
734 705 1034 761 conscientiae,
1070 704 1144 751 sed
1185 721 1267 768 per
1288 703 1472 750 vincula
1492 714 1689 759 externa,
1725 718 1832 766 quae
1873 702 1974 749 sunt
1996 703 2126 766 legis,
2163 707 2212 752 δε
2236 721 2343 768 quae
2367 705 2460 769 ipse

437 771 516 818 fibi
541 770 647 819 facit
672 784 724 819 ut
746 786 907 835 potens
928 772 979 818 δε
1003 771 1131 818 dives
1154 771 1226 827 s1t,
1256 772 1429 834 regitur
1462 786 1488 817 a
1508 770 1749 824 Domino;
1798 767 1964 831 quibus
2002 771 2197 818 vinculis
2237 772 2456 830 relaxatis,

436 851 488 884 ut
512 838 565 885 fit
588 854 773 901 quoque
795 839 842 885 in
865 837 999 884 altera
1011 838 1121 894 vita,
1148 839 1239 884 ruit
1263 839 1310 884 in
1334 836 1634 884 crudelissima
1656 836 1708 883 &
1730 834 2071 892 obscaeniffima,
2090 838 2151 884 ita
2166 838 2211 884 in
2235 840 2456 886 condem-

442 907 670 952 nationem
696 904 776 951 sui.
848 903 994 969 Qod
1019 903 1197 968 sanguis
1220 902 1316 966 ejus
1339 903 1614 959 effundetur,
1645 903 1727 966 qui
1750 900 1960 948 effuderit
1983 900 2263 965 sanguinem,
2298 904 2361 951 est
2376 904 2453 968 jus

436 971 614 1018 talionis
638 971 832 1034 antiquis
872 972 1173 1027 notiflimum,
1211 970 1464 1017 secundum
1502 969 1632 1032 quod
1665 965 1934 1030 judicarunt
1975 968 2165 1016 malitias
2190 971 2239 1017 &
2265 970 2453 1027 scelera;

433 1050 487 1084 ut
510 1037 682 1085 constat
705 1054 730 1084 a
751 1036 958 1101 pluribus
982 1036 1092 1084 locis
1116 1035 1290 1091 Verbi;
1325 1035 1413 1095 hoc
1441 1032 1519 1098 jus
1542 1034 1677 1082 trahit
1700 1036 1928 1098 originem
1969 1033 2094 1082 suam
2120 1052 2176 1082 ex
2214 1037 2313 1100 lege
2352 1040 2454 1085 uni-

436 1103 609 1160 versali,
646 1103 772 1167 quod
796 1104 1010 1166 proximo
1034 1118 1127 1149 non
1150 1101 1275 1150 aliud
1296 1099 1575 1157 faciendum,
1610 1117 1752 1165 quam
1784 1100 1911 1165 quod
1935 1101 2062 1158 velit,
2100 1114 2152 1150 ut
2191 1102 2263 1150 alii
2286 1102 2453 1152 faciant

438 1170 556 1226 sibi3
587 1169 774 1218 Matth:
797 1184 904 1215 vn:
947 1185 1019 1217 12.
1055 1182 1158 1225 tum
1180 1184 1237 1216 ex
1259 1185 1330 1225 eo,
1365 1169 1495 1233 quod
1518 1167 1634 1216 ordo
1666 1170 1880 1216 omnium
1919 1169 1964 1214 in
2005 1169 2139 1217 altera
2174 1171 2269 1221 vita
2291 1170 2362 1227 fit,
2398 1183 2451 1218 ut

433 1235 580 1300 ipsum
608 1235 779 1283 malum
804 1234 846 1282 se
868 1236 1046 1298 puniat,
1082 1236 1287 1282 fimiliter
1309 1233 1489 1292 falsum,
1525 1235 1586 1282 s1c
1610 1247 1662 1281 ut
1700 1235 1746 1281 in
1779 1234 1876 1298 ipso
1900 1235 2023 1282 malo
2046 1236 2096 1282 &
2121 1234 2232 1283 falso
2262 1237 2316 1284 fit
2345 1253 2449 1300 poe-

437 1320 493 1349 na
526 1301 655 1366 ejus3
691 1303 741 1349 δε
766 1303 873 1365 quia
895 1302 994 1348 talis
1023 1302 1139 1350 ordo
1163 1302 1241 1359 est,
1277 1302 1405 1366 quod
1430 1301 1605 1349 malum
1629 1300 1671 1348 se
1701 1304 1875 1364 puniat,
1911 1300 1984 1348 seu
2009 1303 2136 1365 quod
2172 1303 2314 1360 idem,
2354 1321 2449 1351 ma-

432 1369 501 1416 lus
527 1371 724 1416 incurrat
747 1369 794 1415 in
812 1384 997 1431 poenam
1023 1369 1147 1416 malo
1170 1368 1532 1432 respondentem,
1570 1384 1627 1415 ex
1644 1368 1724 1415 illo
1746 1367 1974 1415 duxerunt
1996 1370 2130 1417 etiam
2156 1371 2329 1433 antiqui
2352 1370 2450 1418 tali-

434 1437 534 1483 onis
556 1451 717 1483 eorum
733 1434 845 1498 jus;
880 1435 1008 1499 quod
1033 1435 1107 1482 hic
1130 1452 1317 1500 quoque
1342 1435 1621 1499 significatur
1641 1451 1721 1499 per
1756 1434 1823 1491 id,
1858 1434 1984 1497 quod
2023 1438 2104 1498 qui
2144 1436 2310 1484 effudit
2349 1437 2446 1485 san-

429 1504 637 1566 guinem,
661 1500 755 1566 ejus
779 1501 960 1566 sanguis
984 1501 1260 1559 effundetur,
1299 1503 1385 1550 hoc
1416 1501 1495 1559 est,
1531 1502 1660 1565 quod
1691 1503 1738 1548 in
1772 1500 2198 1550 condemnationem
2223 1505 2376 1551 irruet,

504 1586 638 1618 1012.
675 1568 836 1615 Sensus
859 1569 1039 1616 literalis
1063 1569 1332 1626 verborum,
1372 1573 1406 1595 ‘⁶
1427 1570 1509 1632 qui
1532 1567 1729 1616 effundit
1762 1566 2026 1631 sanguinem
2061 1569 2260 1636 hominis
2292 1571 2338 1616 in
2358 1570 2444 1618 ho·

429 1637 568 1692 mine,
604 1633 698 1699 ejus
721 1634 899 1698 sanguis
922 1635 1181 1683 effundetur
1195 1637 1224 1657 ”
1266 1635 1345 1691 est,
1377 1635 1503 1698 quod
1527 1636 1608 1698 qui
1630 1635 1810 1682 alterius
1833 1634 2115 1697 sanguinem,
2151 1635 2225 1683 sed
2250 1638 2296 1683 in
2317 1636 2441 1684 sensu

431 1704 608 1749 interno
631 1718 723 1749 non
759 1702 823 1748 est
862 1702 1056 1758 alterius,
1107 1701 1182 1748 sed
1225 1701 1290 1749 est
1329 1701 1591 1748 charitatem
1632 1701 1755 1764 apud
1802 1699 1860 1757 se,
1896 1717 2032 1764 quare
2076 1704 2213 1749 etiam
2258 1703 2442 1761 dicitur,

431 1773 466 1794 “
502 1767 766 1830 sanguinem
798 1767 997 1814 hominis
1030 1769 1077 1814 in
1100 1767 1354 1814 homine:”
1389 1767 1664 1830 quandoque
1703 1783 1813 1813 cum
1854 1769 1900 1813 in
1940 1766 2063 1814 sensu
2099 1768 2256 1815 literali
2293 1771 2445 1833 agitur

431 1834 488 1880 de
504 1834 700 1890 duobus,
736 1833 784 1880 in
817 1832 942 1880 sensu
967 1834 1143 1880 interno
1166 1833 1435 1897 intelligitur
1471 1833 1528 1879 de
1552 1849 1677 1888 un03
1725 1834 1934 1880 internus
1965 1833 2108 1882 homo
2141 1834 2204 1881 est
2226 1834 2369 1883 homo
2392 1838 2439 1883 in

435 1899 637 1956 homine,
672 1915 808 1963 quare
847 1898 1048 1963 quisquis
1085 1899 1330 1962 exstinguit
1369 1899 1647 1956 charitatem,
1685 1915 1793 1962 quae
1825 1899 1890 1946 est
1913 1901 2073 1947 interni
2113 1900 2328 1959 hominiS,
2364 1902 2439 1950 seu

427 1965 520 2029 ipse
560 1967 761 2014 internus
809 1965 967 2022 homo,
1018 1963 1116 2028 ejus
1141 1965 1317 2029 sanguis
1340 1965 1616 2022 effundetur,
1654 1965 1741 2012 hoc
1764 1965 1843 2022 est,
1869 1967 1912 2012 se
1934 1967 2224 2016 condemnat.

502 2049 641 2093 1013.
678 2033 803 2096 Qia
834 2033 881 2079 in
912 2033 1161 2096 imaginem
1183 2033 1275 2079 Dei
1308 2030 1415 2078 fecit
1444 2032 1696 2088 hominem,
1732 2032 1859 2095 quod
1891 2032 2114 2094 significet
2152 2034 2437 2093 charitatem,

426 2114 532 2162 quae
557 2098 621 2146 est
644 2100 800 2161 imago
821 2099 929 2155 Dei,
953 2098 1016 2145 est
1040 2098 1313 2161 consequens
1332 2120 1347 2154 ;
1374 2100 1420 2145 in
1437 2114 1547 2145 mox
1570 2098 1855 2162 praecedente
1879 2099 2031 2146 actum
2049 2099 2114 2147 est
2131 2100 2187 2147 de
2204 2101 2436 2160 charitate,

426 2181 532 2228 quae
563 2165 812 2228 fignificata
840 2164 903 2211 est
934 2181 1016 2227 per
1038 2164 1319 2228 sanguinem,
1354 2165 1404 2212 ὅτ
1443 2165 1571 2228 quod
1595 2181 1686 2211 non
1721 2164 2089 2228 exstingueretur,
2133 2167 2435 2230 significatum

412 2231 493 2278 >est
534 2248 615 2294 per
651 2231 778 2294 quod
802 2247 894 2278 non
917 2231 1204 2278 effunderent
1227 2231 1508 2295 sanguinem,
1545 2231 1619 2278 hic
1642 2247 1765 2278 nunc
1790 2231 2005 2295 sequitur,
2041 2233 2167 2295 quod
2198 2236 2243 2280 in
2268 2236 2432 2297 imagi-

427 2313 532 2343 nem
547 2298 636 2344 Dei
658 2296 766 2344 fecit
784 2298 1036 2354 hominem,
1060 2313 1118 2345 ex
1137 2298 1304 2361 quibus
1328 2297 1515 2354 constat,
1539 2297 1666 2361 quod
1690 2298 1876 2345 charitas
1900 2299 1953 2345 fit
1969 2301 2125 2362 imago
2138 2301 2239 2347 Dei.
2295 2300 2430 2364 Qid

425 2363 589 2425 Imago
611 2364 716 2419 Dei,
753 2363 888 2410 hodie
909 2365 990 2410 vix
1012 2364 1170 2427 aliquis
1194 2366 1340 2421 novit,
1377 2365 1537 2412 dicunt
1571 2365 1819 2428 imaginem
1842 2365 1933 2412 Dei
1973 2366 2254 2428 deperditam
2279 2367 2362 2414 effe
2385 2369 2432 2414 in

426 2429 580 2492 primo
602 2429 803 2486 homine,
837 2445 976 2493 quem
999 2443 1166 2478 vocant
1189 2431 1447 2487 Adamum,
1472 2431 1522 2478 δε
1546 2431 1708 2478 dicunt
1737 2433 1783 2478 in
1806 2430 1886 2479 illo
1910 2430 2034 2478 fuisse
2058 2434 2306 2496 imaginem
2319 2433 2430 2489 Dei,

427 2511 567 2557 quam
591 2493 715 2558 ajunt
738 2493 867 2542 fuiffe
893 2497 1199 2559 integritatem
1222 2497 1472 2560 quandam,
1506 2512 1643 2560 quam
1684 2499 1925 2560 ignorant;
1975 2500 2206 2562 integritas
2246 2515 2430 2562 quoque

426 2560 532 2618 fuit,
567 2577 672 2608 nam
696 2577 778 2624 per
793 2561 1034 2609 Adamum
1069 2561 1142 2609 seu
1155 2563 1418 2610 Hominem
1449 2564 1719 2626 intelligitur
1733 2565 2059 2626 Antiquiffima
2080 2565 2292 2622 Ecclcfia,
2321 2581 2429 2627 quae

427 2627 516 2674 fuit
539 2626 729 2674 coelestis
753 2626 911 2684 h0m0,
947 2627 997 2674 δε
1023 2630 1356 2691 perceptionem
1380 2628 1554 2684 habuit,
1577 2630 1762 2692 qualem
1787 2630 1911 2676 nulla
1934 2631 2131 2677 Ecclefia
2159 2633 2258 2694 post
2284 2632 2427 2688 illem,

428 2709 566 2758 quare
588 2695 722 2741 etiam
739 2691 828 2740 fuit
844 2692 1095 2740 fimilitudo
1106 2695 1332 2750 Domini3
1356 2694 1606 2743 similitudo
1617 2696 1810 2742 Domini
1826 2695 2050 2757 fignificat
2072 2713 2271 2743 amon-m
2291 2699 2336 2743 in
2352 2699 2427 2759 lp-

415 2761 526 2808 ‘sum
544 2778 555 2807 ε
580 2760 820 2824 postquam
837 2760 933 2807 haec
948 2759 1149 2807 Ecclesia
1163 2762 1382 2823 temporis
1400 2757 1592 2807 succeffu
1608 2761 1758 2824 periit,
1783 2774 1891 2808 tunc
1909 2764 2137 2808 Dominus
2153 2780 2167 2808 ‹
2186 2784 2190 2791 =
2214 2765 2321 2810 avit
2344 2780 2424 2811 ncr-

417 2841 553 2882 -vam,
569 2842 677 2890 quae
692 2843 786 2874 non
802 2826 1002 2874 Ecclesia
1016 2825 1208 2873 coelestis
1225 2825 1330 2883 fuit,
1348 2825 1421 2874 sed
1431 2826 1630 2874 Ecclesia
1650 2824 1883 2889 spiritualis
1898 2850 1911 2881 ¹,
1932 2828 2028 2874 haec
2054 2827 2140 2875 fuit
2162 2850 2188 2874 ι.
2204 2846 2254 2876 Jn
2272 2830 2365 2876 sin..⁴
2379 2831 2400 2873 ἐξ

429 2892 559 2948 tudo,
577 2893 651 2954 sed
665 2894 819 2956 imago
832 2894 1043 2949 Domini,
1061 2893 1216 2956 imago
1235 2893 1455 2956 fignificat
1468 2908 1668 2940 amorem
1687 2893 1977 2956 spiritualem,
2012 2893 2098 2955 hoc
2117 2895 2196 2952 ess,
2222 2913 2277 2942 an.

429 2973 538 3019 erga
560 2961 825 3019 proximum
850 2958 923 3006 seu
946 2958 1227 3016 charitatem,
1262 2959 1388 3022 quod
1412 2975 1596 3023 quoque
1634 2961 1757 3022 prius
1782 2960 2007 3007 ostensam
2030 2961 2108 3017 est,
2162 2983 2174 3008 i

430 3022 557 3087 quod
578 3022 682 3070 ‘haec
705 3022 906 3072 Ecclesia
928 3041 985 3072 ex
1008 3041 1162 3072 amore
1185 3025 1401 3089 spirituali
1433 3025 1507 3073 seu
1544 3042 1600 3072 ex
1640 3028 1848 3073 charitate
1884 3027 2019 3073 luerit
2056 3029 2116 3073 irr

429 3087 602 3136 constat
623 3102 679 3135 ex
698 3087 785 3136 hoc
809 3089 936 3136 versu
954 3112 973 3145 ς
1004 3091 1053 3140 &
1083 3092 1210 3154 quod
1243 3091 1335 3156 ipsa
1363 3093 1502 3139 charit
1519 3109 1549 3138 ‹.s
1582 3092 1636 3139 sit
1670 3094 1826 3156 imago
1864 3094 2074 3149 Domiti,
2112 3116 2153 3139 c:
2210 3120 2214 3127 ‚

427 3155 621 3210 dicatur,
658 3157 692 3180 “
716 3155 825 3216 quia
843 3155 889 3202 in
913 3157 1164 3219 imaginem
1185 3158 1272 3205 Dei
1293 3158 1405 3220 fecit
1427 3160 1711 3214 hon·›inem,’'
1749 3174 1913 3223 nempe
1947 3161 2070 3221 quod
2115 3179 2139 3205 :1

415 3219 547 3284 fecit.
612 3218 759 3284 Qod
775 3219 979 3270 Charitas
1000 3221 1053 3270 fit
1076 3224 1231 3287 imago
1252 3225 1361 3283 Dei,
1398 3225 1630 3275 clarissime
1654 3225 1827 3275 constat
1865 3242 1921 3274 ex
1963 3226 2050 3288 ij*-
