2788 3736
650 269 1055 334 CAPUT
1148 269 2087 336 DUODEGIMUM.
2276 278 2410 359 483

404 419 522 465 uxor
540 422 723 467 verum,
759 406 836 456 sed
869 421 977 454 cum
1003 421 1096 455 non
1121 406 1383 455 nominatur
1422 405 1608 454 maritus
1649 403 1724 454 sed
1760 405 1927 455 dicitur
1959 407 2048 464 vir,
2083 417 2196 455 tunc
2224 404 2300 455 ille
2330 407 2418 470 sig-

405 475 512 524 ficat
525 490 690 523 verum
733 474 783 522 &
817 489 935 522 uxor
958 471 1151 531 bonum,
1187 475 1237 522 &
1278 474 1368 524 hoc
1389 471 1642 521 constanter
1664 473 1712 519 in
1734 470 1910 531 Verbo,
1945 485 1998 522 nt
2020 489 2206 539 quoque
2242 473 2418 522 cli-stum

406 542 535 605 prius
564 558 626 589 n:
669 559 780 607 915.
833 540 907 588 hic
942 541 1050 604 quia
1071 539 1252 588 Abram
1281 541 1558 596 nominatuS,
1594 539 1714 586 Sarai
1737 555 1856 588 uxor
1887 540 2111 604 fignificat
2133 556 2325 588 verum:
2363 541 2424 588 ita

408 607 559 656 dicere
581 608 638 656 ad
661 609 780 656 Sarai
804 622 1014 663 uxorem,
1050 607 1097 655 in
1123 606 1244 655 sensu
1269 606 1449 656 interno
1476 605 1541 654 est
1570 606 1634 653 ita
1663 607 1864 668 cogitare
1897 607 1955 654 de
1988 609 2108 655 veris
2136 607 2303 673 quibus
2326 624 2423 656 coe-

408 673 534 722 lestia
557 671 810 739 conjuncta.
878 673 1113 722 Historica
1134 690 1240 722 vera
1262 672 1383 732 sunt,
1417 671 1548 739 quod
1571 671 1751 721 Abram
1775 673 1835 720 fic
1859 673 1976 723 dixit
2005 675 2142 723 uxori
2166 674 2277 732 suae,
2313 691 2423 723 cum

410 739 644 806 profectus
667 743 713 788 in
738 742 1025 806 AEgyptum,
1061 739 1136 788 sed
1160 753 1213 788 ut
1236 739 1432 799 dictum,
1467 740 1623 789 omnia
1645 737 1855 787 historica
1883 739 2027 789 Verbi
2043 740 2147 789 sunt
2180 741 2424 805 repraesen-

410 809 565 866 tativa,
585 809 634 856 ὅτ
659 809 814 856 omnia
836 806 976 855 verba
998 805 1100 855 sunt
1121 807 1440 871 significativa,
1465 806 1673 856 historica
1697 821 1789 853 non
1814 805 1897 853 alia
1920 807 2048 856 allata
2071 807 2188 866 sunt,
2225 824 2307 856 nec
2337 807 2427 869 alio

410 873 588 932 ordine,
624 891 708 923 nec
732 874 870 923 verba
889 873 1190 940 exprimentia
1212 874 1315 933 alia,
1338 889 1480 940 quam
1503 889 1612 939 quae
1635 873 1683 920 in
1706 870 1831 921 sensu
1874 873 2054 924 interno
2076 890 2235 924 arcana
2255 874 2330 922 illa
2351 891 2431 923 ex·-

445 952 677 990 rimerent.
1169 974 1174 979 -
1512 983 1522 991 .

408 957 443 1006 Ρ
487 1009 627 1073 1469.
665 1007 814 1074 Qod
835 1008 955 1057 Sarai
975 1023 1094 1057 uxor
1117 1007 1172 1056 fit
1192 1023 1357 1056 verum
1382 1006 1651 1072 adjunctum
1675 1003 1934 1055 coelestibus
1957 1023 2065 1072 quae
2088 1005 2273 1056 fuerunt
2308 1007 2432 1073 apud

414 1073 697 1132 Dominum,
734 1074 909 1123 constat
928 1092 985 1122 ex
1007 1074 1096 1123 illis
1118 1090 1225 1136 quae
1245 1091 1370 1122 nunc
1404 1075 1462 1123 de
1488 1073 1816 1138 significatione
1838 1075 1959 1122 Sarai
1982 1076 2136 1123 uxoris
2169 1075 2290 1123 dicia
2318 1075 2432 1124 sunt.

418 1141 567 1207 Qiod
593 1141 770 1190 dicatur
791 1156 955 1188 verum
978 1138 1247 1203 adjun&um
1265 1140 1543 1200 coelestibus,
1569 1140 1675 1189 inde
1697 1140 1778 1198 est,
1803 1141 1931 1205 quod
1956 1157 2095 1190 omne
2110 1141 2288 1190 Verum
2312 1145 2436 1207 apud

417 1207 680 1255 Dominum
700 1204 791 1254 fuit
819 1207 962 1272 prius,
998 1205 1181 1255 coeleste
1218 1207 1372 1255 secum
1410 1208 1544 1256 habet
1579 1223 1762 1264 verum,
1799 1223 1946 1255 unum
1981 1207 2269 1272 inseparabile
2293 1210 2357 1258 est
2380 1210 2437 1258 ab

417 1273 576 1331 altero,
612 1273 727 1322 sicut
758 1273 839 1321 lux
872 1290 897 1321 a
928 1274 1131 1331 flamma,
1180 1271 1256 1321 sed
1293 1274 1587 1323 reconditum
1632 1272 1723 1322 fuit
1755 1275 1803 1322 in
1836 1274 2024 1323 Interno
2061 1275 2207 1339 lpfius
2246 1277 2436 1326 homine

416 1340 521 1404 Qi
549 1341 787 1396 Divinus;
823 1338 1067 1388 scientifica
1089 1341 1140 1389 δε
1180 1340 1483 1405 cognitiones,
1518 1355 1626 1405 quae
1665 1339 1906 1399 addidicit,
1942 1357 2035 1390 non
2077 1341 2179 1390 sunt
2214 1359 2321 1391 vera
2363 1344 2438 1392 seu

418 1408 643 1463 veritates,
679 1402 755 1455 sed
778 1406 923 1455 modo
944 1405 1047 1455 sunt
1069 1404 1170 1454 vasa
1191 1405 1487 1471 recipientia;
1522 1407 1638 1455 ficut
1659 1407 1883 1472 quicquid
1921 1408 1984 1455 est
2023 1409 2070 1456 in
2095 1411 2317 1458 memoria
2355 1411 2439 1459 ho-

421 1474 558 1520 minis
590 1472 703 1521 nihil
727 1474 880 1520 minus
895 1471 959 1521 est
975 1488 1114 1537 quam
1137 1489 1319 1532 verum,
1355 1473 1530 1522 tametfi
1548 1473 1841 1539 praedicatur,
1877 1473 1952 1522 sed
1975 1475 2023 1522 in
2041 1473 2143 1533 illis,
2178 1489 2232 1524 ut
2246 1478 2293 1524 in
2308 1478 2439 1535 valis,

420 1539 488 1588 est
510 1555 706 1596 verum;
741 1539 843 1588 haec
862 1538 963 1588 vasa
983 1556 1064 1604 per
1087 1540 1428 1590 instructionem
1453 1541 1501 1590 in
1523 1540 1864 1606 cognitionibus
1898 1558 1955 1590 ex
1976 1542 2135 1592 Verbo
2178 1559 2204 1591 a
2231 1544 2443 1594 Domino

420 1604 660 1655 formanda
688 1618 831 1663 erant,
873 1605 947 1654 seu
987 1608 1146 1675 potius
1176 1608 1431 1672 aperienda,
1467 1620 1520 1656 ut
1559 1625 1653 1658 non
1687 1607 1837 1658 solum
1869 1608 1958 1657 illis
1981 1608 2310 1659 insinuarentur
2342 1627 2440 1660 coe-

421 1671 562 1730 lestia‚
597 1672 676 1722 sed
713 1686 766 1722 ut
799 1673 959 1721 fierent
997 1690 1184 1738 quoque
1224 1673 1424 1723 coelestia
1446 1676 1508 1723 ita
1523 1675 1732 1732 -Divina;
1768 1676 2004 1724 Dominus
2035 1677 2160 1725 enim
2201 1672 2445 1743 conjunxit

421 1740 646 1788 Divinam
688 1740 937 1798 Effentiam
961 1741 1220 1798 Humanae‚
1257 1752 1312 1788 ut
1333 1741 1558 1791 Humana
1591 1742 1737 1806 Ipsius
1761 1741 1921 1790 fierent
1941 1758 2128 1807 quoque
2148 1744 2336 1792 Divina.

500 1822 642 1871 1470.
679 1805 828 1872 Qod
850 1821 954 1855 ecce
977 1805 1133 1871 quaeso
1154 1807 1283 1866 novi,
1318 1808 1445 1872 quod
1473 1805 1670 1857 foemina
1690 1807 2081 1875 pulchraaspec‘tu
2114 1821 2182 1868 tu,
2219 1810 2444 1875 significet

426 1872 561 1936 quod
607 1887 770 1921 verum
815 1889 842 1921 a
880 1872 1052 1922 coelesti
1097 1873 1275 1938 origine
1305 1871 1571 1939 jucundum
1597 1875 1668 1934 fit,
1703 1875 1906 1924 constare
1948 1877 2096 1941 potest
2139 1893 2166 1924 a
2217 1877 2444 1942 fignifica-

431 1941 556 1987 tione
572 1937 782 1988 foeminae
805 1939 1013 2005 pulchrae
1038 1940 1217 2006 aspectu
1237 1963 1253 1998 ς
1288 1958 1426 1990 omne
1449 1943 1628 1992 Verum
1650 1943 1780 2008 quod
1813 1942 1996 1992 coeleste
2019 1942 2100 2002 est,
2135 1942 2210 1999 seu
2232 1945 2362 2009 quod
2383 1962 2445 1995 ex

427 2004 606 2071 coelesti
627 2007 914 2070 producitur,
948 2007 1014 2056 est
1034 2006 1144 2057 felix
1159 2008 1207 2056 in
1231 2009 1410 2058 interno
1442 2008 1648 2068 homine,
1682 2007 2015 2075 &jucundum
2041 2011 2088 2058 in
2111 2023 2314 2070 externo,
2350 2028 2444 2061 non

425 2071 561 2121 aliter·
597 2074 849 2138 percipitur
870 2075 1051 2124 Verum
1094 2075 1221 2133 apud
1244 2076 1454 2142 Angelos
1490 2077 1728 2134 coelestes·,
1764 2076 1891 2126 aliter
1913 2075 2094 2142 prorsus
2134 2094 2246 2126 cum
2268 2095 2362 2127 non
2386 2079 2445 2126 ab

424 2139 606 2204 origine
630 2139 802 2189 coelesti
822 2163 836 2198 ;
871 2140 976 2190 sunt
999 2141 1094 2192 duo
1115 2142 1263 2192 felicia
1279 2143 1325 2192 in
1347 2144 1526 2192 interno
1547 2144 1754 2205 homine,
1788 2143 1956 2209 quibus
1973 2141 2325 2209 correspondent
2348 2145 2445 2194 duo

420 2204 632 2271 jucunda
654 2207 701 2255 in
723 2219 910 2257 externo
925 2208 1130 2267 homine,
1166 2226 1315 2258 unum
1339 2210 1404 2260 est
1427 2210 1556 2271 boni,
1590 2211 1782 2262 alterurn
1803 2210 1867 2259 est
1898 2212 2016 2269 veri,
2053 2209 2165 2261 felix
2204 2213 2255 2261 &
2273 2210 2444 2277 jucun-

434 2273 551 2320 dum
573 2273 756 2322 coeleste
798 2274 862 2322 est
886 2275 1013 2334 boni,
1047 2275 1158 2325 felix
1205 2278 1256 2325 &
1295 2275 1562 2343 jucundum
1602 2278 1828 2344 spirituale
1850 2277 1915 2326 est
1950 2278 2048 2328 veri
2074 2300 2089 2336 ;
2125 2291 2294 2328 notum
2326 2294 2446 2344 quo·

433 2354 526 2402 que
546 2339 626 2395 est,
661 2340 790 2403 quod
828 2341 978 2406 ipsum
1025 2360 1190 2393 verum
1228 2343 1381 2394 secum
1403 2344 1845 2410 habeatfelicitatem
1888 2346 1940 2394 δε
1971 2343 2332 2410 jucunditatem,
2370 2346 2446 2394 sed

430 2407 830 2455 tunc-essentialem
850 2425 959 2458 cum
983 2426 1010 2458 a
1043 2411 1217 2473 coelesti
1252 2411 1333 2470 est,
1369 2412 1476 2461 inde
1499 2412 1649 2478 ipsum
1673 2429 1837 2462 verum
1860 2428 2048 2476 quoque
2081 2409 2355 2471 fit'coeleste,
2394 2415 2448 2461 &c

434 2471 690 2536 appellatur
726 2473 906 2522 coeleste
922 2491 1086 2525 verum
1103 2499 1121 2543 3
1138 2477 1311 2544 'estque
1347 2481 1659 2545 comparative
1682 2481 1797 2529 ficut
1840 2480 1923 2528 lux
1951 2479 2054 2527 solis
2078 2487 2286 2545 tempore
2307 2482 2447 2541 veris,

439 2554 547 2602 quae
568 2539 616 2586 in
639 2537 738 2587 sinu
760 2539 842 2589 suo
861 2541 994 2590 habet
1034 2542 1253 2602 calorem,
1289 2562 1347 2593 ex
1366 2563 1463 2610 quo
1485 2549 1643 2595 omnia
1683 2548 1731 2595 in
1752 2547 1911 2595 tellure
1932 2556 2206 2610 vegetantur
2240 2549 2290 2594 &
2319 2546 2446 2610 quasi

433 2607 695 2660 animantur
721 2629 736 2663 ·,
771 2607 950 2656 coeleste
990 2609 1102 2657 illud
1138 2625 1303 2658 verum
1325 2611 1390 2659 est
1413 2613 1563 2675 ipsum
1586 2613 1852 2678 pulchrum,
1888 2613 1962 2662 seu
1986 2611 2081 2678 ipsa
2102 2612 2402 2678 pulchritudo
2427 2634 2442 2667 ;

436 2670 524 2720 hoc
548 2689 713 2732 verum
736 2673 816 2731 est,
852 2675 981 2740 quod
1013 2676 1182 2725 dicitur
1219 2676 1293 2725 hic
1317 2675 1511 2727 foemina
1549 2678 1740 2742 pulchra
1761 2679 1968 2743 aspectu:
2005 2695 2112 2743 quae
2134 2691 2352 2744 praeterea
2374 2695 2446 2726 ar·

433 2754 556 2787 cana.
567 2740 656 2789 hoc
680 2741 894 2799 involvit,
930 2743 1101 2807 patebit
1123 2760 1149 2790 a
1172 2742 1473 2808 sequentibus.
1971 2776 1986 2784 --

515 2822 653 2874 1471.
690 2808 831 2856 Vers:
875 2827 947 2859 12.
985 2812 1050 2858 Et
1071 2813 1170 2868 erit,
1207 2827 1301 2859 cum
1342 2812 1537 2860 viderint
1575 2821 1618 2859 te
1656 2814 1874 2876 AEgyptii‚
1914 2815 1970 2865 δέ’
2001 2811 2155 2870 dice'nt,
2191 2828 2298 2861 uxor
2330 2812 2446 2860 illius

438 2870 545 2929 haec,
581 2875 636 2923 &
664 2876 861 2923 „occident
895 2894 975 2934 me,
1012 2878 1068 2926 ἐξ
1109 2887 1152 2927 te
1171 2876 1471 2938 vivificabunt.
1545 2879 1608 2926 Et
1630 2881 1731 2937 erit,
1768 2896 1877 2928 cum
1896 2879 2095 2927 viderint
2126 2892 2172 2928 te
2206 2881 2443 2944 AEgyptii,

439 2938 662 3001 fignificat
685 2941 913 3002 scientiam
938 2946 1276 3008 cognitionum,
1310 2961 1417 3009 quae
1442 2944 1707 2994 describitur
1733 2946 1876 3012 qualis
1900 2947 1979 3006 est,
2016 2963 2127 2995 cum
2157 2950 2446 3011 cognitiones

441 3005 646 3059 coelestes
662 3009 851 3058 vident:
890 3013 938 3058 δε
963 3012 1134 3069 dicent,
1169 3029 1286 3060 uxor
1302 3013 1423 3060 illius
1436 3012 1557 3071 haec,
1591 3012 1816 3076 fignificat
1840 3014 1966 3077 quod
1983 3014 2214 3069 vocabunt
2229 3014 2324 3061 illas
2347 3029 2446 3060 coe-

443 3071 601 3119 lestes:
637 3072 686 3120 &
711 3077 920 3124 ‚occident
945 3095 1036 3135 me,
1074 3082 1122 3126 δε
1157 3093 1202 3128 te
1229 3079 1549 3138 vivificabunt,
1584 3079 1807 3143 fignificat
1845 3080 1974 3144 quod
1999 3081 2195 3130 coelestia
2226 3096 2323 3131 non¹
2365 3093 2446 3126 cu-

443 3151 605 3197 rarent,
631 3139 874 3190 sedssmodo
897 3160 1041 3192 meras
1065 3148 1348 3209 cognitiones
1372 3155 1482 3210 quas
1506 3145 1744 3195 auferrent.

522 3222 659 3269 1472.
696 3207 762 3255 Et
783 3209 885 3264 erit,
902 3225 1027 3257 *cum
1067 3214 1265 3261 viderint
1300 3226 1345 3262 te
1365 3215 1599 3279 AEgyptii‚
1636 3214 1762 3279 quod
1786 3214 2010 3279 significet
2036 3214 2263 3262 scientiam
2289 3211 2449 3274 cogni-

446 3274 644 3332 tionum,
679 3289 784 3339 quae
801 3273 1067 3326 describitur
1098 3279 1244 3342 qualis
1259 3279 1338 3340 est,
1374 3297 1484 3330 cum
1509 3283 1793 3343 cognitiones
1816 3281 2017 3331 coelestes
2039 3282 2214 3338 vident,
2250 3278 2451 3326 constare

1438 3349 1558 3413 (ζει
1582 3363 1613 3409 q
1652 3365 1677 3397 2
1759 3373 1761 3375 ·
2303 3344 2452 3410 Potest
