2788 3736
415 335 557 394 424·
922 301 1877 378 GENESIS.

422 457 673 509 peccatum,
709 443 894 509 quisque
916 443 1070 492 videre
1092 432 1257 507 potest,
1290 441 1418 505 quod
1449 435 1777 506 repraesentatio
1812 439 1948 490 fuerit
1983 441 2262 507 interiorum,
2296 466 2402 515 quae

424 528 503 573 per
527 511 639 559 labia
661 510 985 576 significantur,
1019 525 1127 573 quae
1155 508 1258 558 sunt
1289 509 1364 556 illa
1384 523 1491 572 quae
1522 507 1745 556 charitatis
1778 509 1826 556 δι
1864 505 1958 572 ejus
1980 508 2211 563 doctrinae.
2254 518 2404 581 Apud

425 577 638 625 Eundem
679 583 712 603 ‘⁶
748 576 956 639 Jehovah
979 576 1197 640 percutiet
1226 587 1391 623 terram
1421 574 1553 637 virga
1575 576 1660 621 oris
1682 571 1774 636 sui,
1801 574 1851 622 δι’
1876 573 2031 638 spiritu
2053 577 2284 628 Labioru'm
2300 583 2401 632 suo-

425 647 459 668 “
494 658 598 691 rum
639 642 819 691 occidet
858 642 1107 706 impium,’'
1145 657 1198 689 xi
1228 657 1309 700 24.
1346 641 1394 687 in
1425 638 1547 687 sensu
1577 641 1754 688 interno
1793 639 1873 698 est,
1908 655 2001 688 non
2036 644 2165 706 quod
2199 646 2406 707 jehovah

423 710 644 770 percutiat
674 710 805 772 virga
838 709 946 765 oris,
994 709 1046 755 &
1083 706 1240 771 spiritu
1263 706 1486 754 labiorum
1519 705 1698 754 occidat
1726 707 1941 771 impium,
1976 705 2052 755 sed
2086 710 2213 772 quod
2235 712 2404 777 impius

424 774 483 821 fic
507 774 587 822 fibi
608 772 738 823 faciat
761 797 776 832 -,
809 773 986 838 spiritus
1009 773 1231 820 labiorum
1253 772 1318 820 est
1339 772 1558 830 doctrina,
1591 788 1700 836 quae
1727 772 1851 839 apud
1874 774 2074 837 impium
2097 773 2220 824 falsa.'
2257 780 2406 843 Apud

424 840 658 898 Eundem,
697 845 732 869 “
766 841 933 888 Creans
963 851 1240 903 proventum
1264 839 1516 896 Labiorum,
1550 854 1725 902 pacem,
1760 854 1921 903 pacem
1945 840 2200 904 longinquo
2220 845 2270 891 &
2299 861 2406 909 pro·

426 909 462 933 ‘⁴
495 907 687 971 pinquo,
738 907 789 954 δε
835 905 940 954 sano
976 906 1158 962 illum,’'
1194 920 1333 952 nvn:
1375 922 1451 970 19,
1509 916 1760 968 proventus
1795 905 2016 952 labiorum
2064 922 2150 970 pro
2189 909 2407 966 doctrina.

426 973 576 1036 Apud
600 972 911 1030 Ezechielem,
962 976 997 999 “
1032 971 1125 1020 Fili
1162 970 1377 1027 hominis,
1427 969 1516 1028 abi,
1552 972 1658 1018 veni
1703 971 1760 1020 ad
1794 971 1990 1019 domum
2029 972 2215 1032 Israelis,
2250 977 2302 1024 δε
2337 978 2407 1026 Ιό-

425 1043 461 1065 “
494 1039 644 1102 quaris
665 1037 799 1086 verba
824 1054 923 1086 mea
960 1037 1019 1085 ad
1047 1053 1140 1094 eOS,
1193 1052 1284 1084 non
1321 1036 1379 1083 ad
1418 1036 1645 1100 populum
1679 1037 1911 1099 profundos
1948 1038 2105 1096 Labio,
2157 1041 2207 1089 &
2246 1057 2407 1105 graves

425 1109 468 1132 ‘⁶
494 1104 640 1168 lingua
683 1116 734 1152 tu
768 1104 938 1160 miffus,
973 1102 1031 1150 ad
1055 1103 1251 1151 domum
1274 1101 1476 1159 Israelis,
1511 1118 1604 1150 non
1651 1102 1708 1149 ad
1749 1103 1944 1166 populos
1977 1104 2148 1152 multos
2173 1107 2407 1170 profundos

422 1175 458 1197 ‘⁶
492 1171 647 1226 Labie,
684 1172 733 1218 δε
757 1185 918 1232 graves
939 1169 1103 1231 lingua,
1135 1181 1336 1231 quorum
1369 1183 1462 1215 non
1483 1168 1635 1215 audias
1657 1169 1807 1225 verba,
1842 1184 1992 1216 nonne
2014 1169 2048 1216 li
2070 1171 2128 1218 ad
2143 1171 2226 1219 hos
2249 1174 2412 1224 misero

425 1241 467 1276 “-
494 1250 555 1293 te,
590 1235 656 1282 illi
695 1234 991 1282 auscultarent
1012 1233 1112 1290 tibi,
1149 1234 1199 1280 &
1222 1233 1391 1279 domus
1414 1230 1582 1280 Israelis
1606 1249 1698 1280 non
1721 1234 1886 1280 volunt
1914 1233 2153 1284 auscultare
2175 1237 2275 1296 tibi,
2303 1243 2410 1305 quia

423 1307 458 1330 “
494 1318 585 1348 non
618 1300 783 1347 volunt
808 1299 1048 1347 auscultare
1078 1297 1220 1356 Mihi,
1255 1314 1360 1346 nam
1385 1309 1480 1345 tota
1515 1298 1683 1345 domus
1706 1297 1870 1345 Israelis
1892 1298 2119 1348 obfirmati
2158 1301 2320 1363 fronte,
2357 1309 2407 1354 δε

422 1372 461 1393 “
493 1367 594 1413 duri
618 1366 756 1414 corde
778 1366 893 1423 illi‚”
934 1381 996 1412 111
1024 1383 1035 1412 z
1064 1382 1111 1425 4,
1148 1381 1196 1427 5,
1238 1365 1285 1421 6,
1325 1380 1366 1428 7.
1403 1361 1623 1427 profundi
1661 1364 1778 1410 labio
1825 1364 1882 1411 de
1928 1365 2157 1427 gentibus,
2191 1377 2297 1432 quae
2342 1385 2406 1420 ta-

421 1432 548 1480 metfi
595 1433 643 1485 in
681 1430 865 1480 falsitate
894 1430 1131 1488 dostrinae,
1164 1428 1303 1493 usque
1348 1431 1394 1476 in
1430 1428 1657 1486 charitate,
1701 1430 1759 1476 de
1792 1429 1963 1492 quibus'
1989 1430 2093 1479 ideo
2137 1435 2408 1497 praedicatur

421 1496 678 1554 auscultare,
713 1510 759 1545 at
793 1497 875 1561 qui
915 1513 1006 1544 non
1045 1498 1093 1544 in
1116 1495 1342 1554 charitate,
1377 1495 1594 1542 dicuntur
1615 1495 1847 1542 obfirmati
1886 1493 2034 1542 fronte
2056 1498 2107 1545 &
2129 1499 2231 1546 duri
2253 1504 2403 1550 corde.

422 1563 571 1627 Apud
599 1563 899 1627 Zephaniam,
957 1568 992 1591 “
1016 1562 1269 1610 Convertar
1306 1561 1364 1608 ad
1386 1561 1613 1625 populum
1653 1562 1799 1609 Labio*
1817 1562 2067 1624 perspicuo,
2104 1576 2155 1611 ut
2194 1567 2408 1617 invocent

423 1635 459 1657 ‘⁶
493 1645 650 1677 omnes
674 1630 704 1675 ii
736 1630 924 1677 Nomen
960 1627 1172 1690 Jehovae‚
1206 1627 1263 1674 ad
1286 1626 1570 1674 serviendum
1601 1627 1691 1690 Ipsi
1729 1627 1920 1674 humero
1952 1630 2097 1684 un0,’'
2139 1646 2237 1679 111:
2266 1651 2310 1696 9.
2343 1634 2407 1681 la—

421 1695 549 1743 bium
574 1693 862 1759 perspicuum
884 1691 1112 1742 manifeste
1135 1708 1221 1757 pro
1242 1692 1459 1739 dotstrina.
1530 1692 1677 1756 Apud
1702 1691 1994 1748 Malachiam,
2030 1699 2065 1721 “
2088 1695 2191 1744 Lex
2213 1701 2409 1747 veritatis

423 1766 458 1788 “
494 1759 580 1808 fuit
604 1762 649 1808 in
667 1777 744 1808 ore
769 1759 927 1824 lpfius,
964 1761 1014 1808 &
1037 1758 1296 1823 perversitas
1320 1775 1412 1806 non
1437 1759 1621 1805 inventa
1645 1760 1692 1806 in
1715 1758 1868 1806 Labiis
1889 1757 2031 1822 Ipfius
2057 1777 2067 1807 :
2106 1777 2213 1808 nam
2235 1765 2406 1821 Labia3

421 1832 456 1854 ‘⁶
491 1826 727 1874 sacerdotis
760 1826 1011 1874 custodient
1044 1824 1287 1882 scientiam,
1323 1825 1373 1873 ὅτ
1406 1824 1556 1888 legem
1587 1836 1793 1887 quaerent
1822 1839 1877 1871 ex
1906 1839 1983 1871 ore
2006 1824 2142 1883 illius,
2173 1830 2281 1891 quia
2305 1832 2406 1878 An-

416 1898 457 1919 “
489 1892 618 1957 gelus
647 1893 840 1955 jeh0vae
864 1891 1069 1940 Zebaoth
1101 1890 1225 1948 ille,”
1263 1907 1302 1938 11
1324 1896 1344 1938 ':
1370 1890 1418 1947 6,
1446 1906 1489 1955 7.
1525 1890 1582 1937 de
1619 1891 1754 1946 Levi,
1791 1905 1871 1953 per
1909 1905 2047 1953 quem
2072 1893 2409 1956 repraesentatur

416 1960 679 2013 Dominus;
715 1957 828 2005 labia
850 1975 935 2022 pro
957 1958 1160 2005 doCtrina
1181 1972 1237 2004 ex
1268 1957 1493 2004 charitate.
1566 1956 1714 2021 Apud
1741 1955 1988 2012 Davidem,
2043 1962 2076 1985 “
2102 1961 2200 2024 Qi
2233 1961 2406 2020 dicunt,

415 2029 458 2051 “⁴
488 2024 645 2086 lingua
682 2024 829 2071 nostra
862 2023 1226 2087 praevalebimuS,
1277 2024 1422 2072 Labia
1465 2021 1612 2070 nostra
1662 2020 1957 2078 nobiscum,'’·
1989 2021 2181 2072 Psalm-:
2215 2041 2290 2073 κη
2319 2046 2328 2074 :
2359 2047 2403 2090 5.

418 2089 531 2136 labia
554 2106 638 2152 pro
676 2087 806 2136 falfis.
877 2090 1022 2153 Apud
1046 2089 1283 2146 Eundem,
1336 2094 1371 2116 “
1403 2090 1532 2136 Sicut
1577 2088 1709 2152 adipe
1755 2089 1804 2135 ἃ
1845 2088 2119 2151 pinguedine
2143 2089 2406 2141 saturabitur

419 2161 456 2183 “
489 2157 636 2203 anima
660 2171 772 2212 mea,
810 2157 860 2202 δε
892 2157 1045 2203 Labiis
1078 2155 1357 2202 canticorum
1381 2154 1580 2201 laudabit
1611 2171 1662 2200 os
1700 2155 1907 2209 meum,”
1948 2153 2094 2200 Psalm
2121 2174 2133 2203 :
2160 2172 2287 2204 Lxux
2314 2178 2324 2205 :
2355 2161 2398 2207 6.

408 2222 565 2284 Apud
591 2221 784 2277 Esaiam,
822 2226 856 2247 “
887 2222 939 2269 In
978 2222 1051 2268 die
1073 2221 1151 2267 illo
1173 2234 1304 2267 erunt
1326 2222 1528 2283 quinque
1552 2219 1683 2266 urbes
1717 2221 1763 2264 in
1786 2231 1900 2265 terra
1922 2219 2136 2283 AEgypti‚
2172 2221 2406 2285 loquentes

417 2291 452 2313 ‘⁶
488 2288 625 2335 Labio
650 2289 883 2343 Canaanis‚
938 2288 989 2335 &
1024 2285 1227 2351 jurantes
1263 2286 1456 2353 Jehovae
1495 2285 1750 2346 Zebaoth‚'’
1807 2299 1893 2331 xnc
1924 2301 1937 2332 :
1969 2290 2045 2343 18,
2088 2286 2287 2336 Labium
2320 2307 2408 2355 pro

416 2352 632 2400 doctrina.
2390 2360 2399 2390 ἶ

453 2444 455 2446 -
492 2425 628 2484 1287.
687 2419 836 2485 Qod
871 2419 1014 2466 Terra
1046 2417 1269 2481 significet
1318 2416 1584 2476 Ecclesiam,
1631 2416 1854 2466 ostensum
1902 2416 1966 2465 est
2000 2418 2142 2481 prius,
2188 2437 2251 2470 n:
2291 2423 2408 2486 662,

419 2486 561 2534 1066.
2307 2506 2312 2509 ,

490 2554 626 2600 1288.
666 2551 812 2613 Qod
842 2551 981 2598 verba
1014 2567 1117 2608 una,
1143 2551 1398 2614 significent
1435 2550 1560 2614 quod
1584 2566 1672 2599 una
1694 2549 1897 2601 doctrina
1920 2551 1964 2600 in
1988 2552 2259 2614 particulari,
2297 2571 2404 2602 con·

415 2615 497 2664 stat
533 2633 589 2663 ex
613 2617 699 2663 illis
723 2633 829 2680 quse
854 2619 976 2680 prius
1015 2617 1134 2664 dieta
1165 2617 1282 2673 sunt,
1319 2617 1491 2681 labium
1522 2619 1644 2664 enim
1668 2616 1888 2679 fignificat
1911 2616 2160 2665 doctrinam
2194 2622 2240 2666 in
2272 2636 2403 2667 com·

415 2684 561 2739 muni,
597 2695 649 2731 ut
685 2683 928 2739 ostensum,
980 2683 1114 2729 verba
1149 2695 1299 2730 autem
1339 2683 1592 2730 doctrinam
1634 2685 1679 2728 in
1712 2682 1981 2752 particulari,
2019 2682 2094 2733 seu
2117 2685 2398 2745 particularia

415 2749 667 2803 do&rinae;
703 2765 807 2796 nam
847 2748 1127 2812 particularia
1157 2748 1267 2795 nihil
1305 2747 1492 2805 faciunt,
1529 2761 1583 2796 ut
1619 2749 1812 2803 dictum,
1849 2747 1992 2794 modo
2025 2748 2220 2810 spectent
2251 2767 2397 2799 unum

406 2814 569 2869 finem,
605 2816 684 2877 qui
724 2815 802 2870 est,
843 2831 991 2862 amare
1027 2815 1285 2861 Dominum
1325 2814 1457 2878 supra
1478 2816 1649 2870 omnia,
1702 2815 1754 2860 &
1785 2812 2054 2879 proximum
2091 2813 2203 2861 ficut
2242 2815 2397 2875 semet,

410 2891 521 2926 tunc
545 2881 668 2925 enim
691 2880 969 2941 particularia
992 2880 1092 2931 sunt
1115 2882 1452 2930 communium.
1524 2878 1669 2944 Qod
1702 2876 1909 2925 Verbum
1949 2877 2171 2940 significet
2206 2896 2393 2932 omnem
2432 2904 2435 2908 ·

412 2943 666 2990 doctrinam
689 2946 746 2991 de
767 2945 977 2992 charitate
1001 2948 1051 2992 &
1083 2946 1186 2992 inde
1211 2946 1332 3000 fide;
1368 2947 1418 2992 &
1441 2944 1568 3006 quod
1592 2942 1746 2999 verba,
1783 2941 1872 2997 illa,
1897 2958 2004 3006 quae
2026 2943 2128 2992 su'nt
2151 2946 2389 3009 doetrinae,
2414 2959 2417 2961 ’

406 3008 579 3056 constat
603 3009 723 3070 apud
746 3010 991 3065 Davidem,
1030 3016 1063 3041 “
1088 3005 1355 3057 Confitebor
1376 3008 1487 3056 Tibi
1518 3010 1565 3054 in
1598 3006 1863 3054 rectitudine
1893 3008 2074 3064 cordis,
2110 3012 2157 3057 in
2180 3012 2392 3061 discendo

406 3081 456 3110 ιι,
480 3091 554 3121 me
578 3073 751 3136 judicia
781 3072 967 3136 justitiae
1000 3088 1125 3130 tuae,
1177 3074 1339 3120 statuta
1383 3086 1461 3120 tua
1493 3072 1741 3127 custodiam
1768 3091 1779 3121 :
1812 3073 1859 3119 in
1895 3089 1989 3136 quo
2026 3091 2196 3143 purum
2234 3079 2415 3127 reddet

405 3145 442 3169 ‘¹‘
476 3156 588 3205 puer
610 3141 839 3186 tramitem
864 3138 1011 3195 suum,
1048 3140 1102 3185 ad
1127 3137 1475 3186 custodiendum
1490 3133 1622 3199 juxta
1642 3138 1823 3186 Verbum
1855 3150 1986 3186 tuum
2006 3157 2017 3187 :
2061 3143 2107 3188 in
2130 3154 2229 3189 toto
2253 3145 2390 3192 corde

405 3205 444 3229 ‘⁶
475 3222 579 3254 meo
601 3204 789 3268 quaefivi
812 3205 902 3261 Te,
950 3221 1007 3252 ne
1039 3204 1234 3251 aberrare
1273 3219 1348 3250 me
1386 3203 1516 3251 facias
1550 3220 1574 3250 a
1606 3207 1842 3267 praeceptis
1878 3207 1998 3253 tuis:
2035 3207 2081 3252 in
2120 3204 2257 3258 eorde
2281 3225 2386 3257 meo

399 3275 433 3297 ‘⁵
469 3268 678 3331 abscondi
715 3267 894 3319 Verbum
919 3281 1069 3328 tuum,
1123 3282 1177 3318 ut
1210 3286 1303 3319 non
1343 3286 1537 3339 peccem:
1555 3270 1695 3319 Tibi:
1733 3269 1999 3320 Benedictus
2040 3273 2118 3321 Tu
2157 3273 2380 3366 Jehovah,

2202 3343 2236 3367 ‘⁶
2271 3356 2383 3388 uoce

1024 3503 1046 3520 ,Ι
