2788 3736
347 267 432 346 48
660 232 664 234 ’
903 241 1902 327 GE‘NESJS.‘

355 410 391 433 “
426 405 557 453 initio
589 415 739 451 autem
765 400 996 449 creationis
1028 400 1275 448 masculum
1299 400 1348 448 &
1384 398 1617 449 faeminam
1646 399 1754 450 fecit
1775 418 1850 450 eos
1873 403 2016 459 Deus,
2057 414 2240 468 propter
2262 404 2350 453 hoc

352 476 387 498 “
423 470 479 518 de
502 471 720 532 relinquet
735 467 878 514 homo
899 479 1072 531 patrem
1098 465 1228 514 suum
1252 467 1301 514 &
1327 479 1535 522 matrem,
1571 467 1621 514 &¹
1638 467 1881 515 adhaerebit
1901 472 2031 516 uxori
2055 469 2162 528 suae,
2197 484 2350 518 erunt-

351 541 388 564 “
422 554 511 600 que
550 537 644 582 duo
677 536 723 581 in
763 548 943 580 carnem
983 549 1138 589 unam,
1174 548 1309 596 quare
1351 549 1444 580 non
1483 532 1677 595 amplius
1708 531 1808 580 sunt
1843 533 1953 590 duo,
1989 534 2065 582 sed
2097 553 2186 585 una
2209 553 2347 593 caro·,

353 605 387 629 “
426 602 551 666 quod
593 616 706 664 ergo
734 600 861 647 Deus
902 596 1155 663 conjunxit,
1208 598 1354 645 homo
1387 614 1479 646 non
1519 597 1780 662 separabit,’'
1829 599 1995 648 Marc:
2029 617 2088 650 x:
2130 619 2177 665 5,
2210 604 2256 660 6,
2302 620 2355 665 7,

353 672 398 724 8,
435 686 480 732 9·
762 724 764 726 ,
1417 679 1420 682 ’
2057 727 2059 729 ,
2110 672 2114 676 ’

421 733 528 797 163.
563 730 704 781 Vers:
743 749 819 796 25.
874 733 938 780 Et
963 731 1145 794 fuerunt
1175 732 1295 780 ambo
1317 731 1435 787 nudi,
1471 731 1588 779 homo
1609 729 1664 779 &
1688 746 1796 777 uxor
1816 731 1931 778 illius
1949 740 1980 787 3‘
1999 732 2055 782 ἐξ
2077 747 2158 780 non
2179 736 2349 784 erubue-

340 809 466 850 runt.
538 799 686 863 Qod
722 798 836 846 nudi
875 796 1074 854 fuerunt,
1111 799 1162 845 &
1186 814 1278 845 non
1300 797 1592 853 erubuerunt,
1628 795 1850 859 fignificat
1884 798 2187 855 Innocentes;
2235 799 2348 848 scili-

347 877 419 912 cet
447 862 582 929 'quod
603 866 835 913 Dominus
875 863 1161 912 insinuaverit
1201 865 1388 928 proprio
1431 861 1616 910 illorum
1657 863 1981 921 innocentiam,
2027 881 2082 912 ne
2119 868 2350 929 ingratum

348 931 466 979 esset.

336 1049 342 1051 Δ
421 998 527 1056 164.
564 996 811 1060 Proprium
850 997 1064 1054 hominiS,
1098 1008 1154 1044 ut
1192 997 1387 1052 dictum,
1423 1011 1516 1043 non
1555 994 1619 1042 est
1641 994 1722 1041 nifi
1747 994 1938 1053 malum,
1974 997 2023 1044 δε
2043 1013 2154 1049 cum
2186 998 2350 1047 sistitur

346 1062 626 1120 videndum,
654 1064 719 1111 est
741 1061 1153 1119 deformiffimum3
1189 1075 1235 1110 at
1266 1079 1375 1110 cum
1400 1061 1586 1112 charitas
1609 1061 1660 1108 δι
1684 1061 1940 1111 innocentia
1960 1078 1986 1110 a
2007 1064 2216 1112 Domino
2249 1066 2350 1113 insi-

346 1142 511 1177 nuatur
541 1131 745 1192 proprio,
782 1141 965 1193 apparet
992 1129 1171 1181 ,bonum
1204 1130 1254 1177 &
1286 1127 1549 1184 venustum,
1587 1126 1836 1175 secundum
1876 1144 1943 1185 ea,
1979 1145 2085 1192 quae
2109 1130 2229 1178 dicta
2248 1130 2355 1180 sunt

342 1195 406 1245 'nt
449 1212 555 1259 154.
626 1197 827 1244 Charitas
851 1197 901 1244 ὅτ
924 1196 1185 1243 Innocentia
1224 1194 1343 1252 sunt,
1381 1210 1488 1258 quae
1511 1194 1768 1257 proprium,
1804 1192 1877 1240 seu
1908 1195 2080 1244 malum
2098 1197 2155 1244 &
2187 1195 2348 1246 falsum

343 1261 563 1319 hominis,
600 1278 691 1310 non
727 1261 874 1309 solum
914 1260 1142 1319 excusant,
1179 1260 1254 1309 sed
1277 1261 1401 1326 quali
1433 1260 1630 1317 abolent,
1666 1260 1780 1307 sicut
1796 1259 1984 1324 quisque
2015 1262 2139 1326 apud
2161 1261 2349 1312 infantes

345 1329 499 1375 videre
523 1327 685 1390 potest,
721 1329 801 1392 qui
824 1328 938 1375 dum
965 1340 1116 1375 amant
1139 1327 1180 1377 se
1213 1340 1379 1375 mutuo
1400 1327 1450 1374 ὅτ
1474 1339 1695 1390 parenteS,
1731 1325 1781 1373 &
1815 1326 1950 1374 fimul
1975 1327 2183 1376 infantile
2216 1329 2350 1378 inno-

345 1410 450 1441 cens
471 1394 635 1451 elucet,
669 1406 781 1441 tunc
816 1393 908 1458 ipsa
941 1394 1058 1441 mala
1088 1395 1139 1442 δε
1174 1392 1278 1442 falsa
1300 1410 1394 1441 non
1429 1391 1575 1440 solum
1601 1408 1694 1440 non
1727 1405 1962 1455 apparent,
1998 1393 2075 1441 sed
2099 1396 2236 1443 etiam
2253 1397 2347 1460 pla-

345 1472 463 1507 cent.
533 1460 647 1508 Inde
671 1459 771 1507 sciri
804 1459 967 1525 potest,
1003 1461 1133 1523 quod
1176 1476 1315 1508 nemo
1349 1461 1395 1506 in
1419 1459 1613 1507 Coelum
1648 1458 1830 1506 admitti
1863 1462 2014 1522 poffit,
2053 1461 2136 1509 nifi
2174 1463 2350 1526 aliquid

343 1526 616 1574 innocentiae
649 1526 823 1584 habeat,
859 1527 974 1574 ficut
1004 1527 1238 1574 Dominus
1260 1526 1394 1583 dixit,
1456 1531 1490 1561 ἱ(
1525 1526 1668 1572 Sinite
1692 1523 1881 1572 infantes
1903 1527 2058 1574 venire
2080 1527 2137 1576 ad
2161 1529 2267 1585 Me,
2299 1530 2350 1577 ὅτ

346 1597 382 1618 “
416 1609 509 1640 non
542 1587 777 1655 prohibete
816 1594 894 1650 εἰς,
931 1593 1089 1640 talium
1119 1592 1182 1640 est
1214 1594 1435 1656 Regnum
1464 1592 1589 1646 Dei;
1641 1607 1772 1638 amen
1811 1592 1918 1639 dico
1949 1592 2096 1651 vobis,
2149 1594 2351 1658 quisquis

346 1663 507 1714 “non
532 1660 764 1722 acceperit*
781 1660 1001 1722 Regnum
1026 1659 1134 1715 Dei,
1168 1656 1405 1723 ut‚infans,
1442 1673 1534 1705 non
1567 1658 1845 1720 ingredietur
1874 1658 1921 1704 in
1943 1658 2074 1718 illud,
2110 1659 2349 1724 suscipiens

345 1729 378 1752 ·‘
413 1725 555 1788 igitur
577 1725 677 1772 illos
701 1726 749 1772 in
768 1725 910 1782 ulnas,
935 1724 1085 1789 posuit
1109 1740 1270 1771 manus
1293 1724 1423 1791 super
1445 1723 1566 1781 illos,
1600 1724 1650 1771 &
1675 1723 1903 1771 benedixit
1926 1723 2063 1783 illis,”
2094 1727 2231 1775 Marc
2251 1746 2262 1776 ε
2285 1744 2346 1775 x:

348 1807 426 1850 142
457 1807 532 1853 15,
562 1792 634 1850 16·
1332 1813 1340 1820 ’

416 1857 522 1919 165.
560 1857 707 1922 Qod
732 1857 947 1915 Nuditas‚
983 1871 1122 1920 quam
1146 1871 1239 1904 non
1261 1854 1548 1912 erubescunt,
1580 1854 1803 1919 significet
1824 1855 2152 1916 Innocentiam,
2178 1859 2350 1908 constat

342 1921 576 1977 manifeste
611 1940 637 1971 a
676 1923 979 1986 sequentibus,
1013 1923 1198 1986 quando
1235 1923 1466 1985 integritas
1497 1922 1548 1968 &
1578 1923 1834 1969 innocentia
1856 1924 2042 1980 recesfit,
2076 1926 2205 1987 quod
2238 1938 2350 1973 tunc

343 1988 604 2036 erubuerint
636 1982 908 2046 nuditatem,
942 1990 992 2036 ὅτ.
1031 2005 1081 2036 ea
1111 1990 1365 2052 apparuerit
1401 2000 1455 2035 ut
1485 1986 1724 2050 probrum,
1773 2002 1910 2051 quare
1949 1987 1991 2036 se
2022 1990 2347 2040 occultabant:

343 2050 422 2102 Ex
447 2055 500 2101 iis
523 2071 726 2118 quoque,
760 2071 866 2118 quae
889 2053 1261 2119 repraesentantur
1279 2056 1325 2101 in
1349 2053 1526 2101 mundo
1550 2052 1809 2116 spirituum,
1845 2054 1981 2101 etiarn
1997 2055 2184 2114 constat,
2221 2058 2349 2121 quod

341 2120 537 2178 nuditas,
574 2138 711 2184 quam
737 2137 830 2181 non
863 2119 1146 2178 erubescunt,
1182 2120 1406 2184 significet
1427 2120 1756 2176 Innocentiam,
1793 2120 1986 2183 Spiritus
2022 2123 2146 2171 enim
2169 2124 2284 2172 dum
2308 2123 2350 2172 se

343 2182 625 2251 exsculpare,
651 2188 701 2236 δε
740 2188 941 2252 praebere
979 2186 1174 2235 insontes
1198 2187 1380 2244 volunt,
1416 2186 1458 2234 se
1497 2185 1654 2234 sistunt
1691 2185 1857 2243 nudos,
1893 2186 2197 2238 innocentiam
2219 2190 2348 2239 testa·-

343 2252 465 2301 turi:
500 2254 733 2317 Imprimis
756 2254 814 2302 ab
836 2255 906 2310 iis,
942 2255 1021 2317 qui
1062 2255 1321 2310 innocentes
1358 2252 1531 2304 suntin
1555 2252 1693 2308 coe10,
1728 2253 1809 2315 qui
1837 2265 2052 2316 apparent
2073 2269 2127 2304 ut
2159 2254 2350 2305 infantes

344 2318 474 2375 nudi,
511 2317 561 2367 δε
601 2319 850 2368 secundum
873 2320 1152 2377 Innocentiae
1181 2319 1375 2383 speciem
1399 2318 1537 2367 cincti
1576 2317 1752 2366 setteis:
1790 2330 1835 2366 at
1855 2318 2023 2382 quibus
2048 2338 2141 2371 non
2166 2334 2347 2371 tantum

343 2383 640 2440 Innocentiae,
676 2387 707 2432 ii
730 2398 942 2450 apparent
975 2386 1124 2433 induti
1158 2385 1355 2433 vestibus
1393 2385 1569 2433 decoris
1604 2385 1654 2432 δε
1692 2383 1962 2442 lucentibus,
2000 2387 2062 2436 ita
2082 2402 2135 2437 ut
2149 2388 2348 2438 'sericum

343 2449 687 2503 adamantinum
705 2450 844 2511 dicas,
879 2452 993 2500 ficut
1025 2451 1175 2517 angeli
1197 2451 1472 2518 quandoque
1492 2451 1576 2500 visi
1615 2449 1721 2498 sunt
1739 2451 1992 2517 Prophetis.

355 2647 375 2683 1
388 2630 473 2701 66.
513 2632 643 2735 H
647 2631 716 2682 AE
733 2632 777 2683 C
793 2630 931 2701 sunt,
970 2648 1075 2702 quae
1098 2628 1302 2699 continet
1318 2628 1524 2683 Verbum
1547 2629 1601 2682 in
1624 2629 1707 2682 hoc
1725 2629 1909 2701 Capite,
1930 2629 2032 2702 stul
2038 2640 2200 2702 pauca
2205 2632 2344 2703 sunt,

664 2723 773 2775 quae
816 2704 1046 2775 equfita3
1084 2705 1141 2756 ἐξ
1167 2705 1282 2775 quia
1305 2703 1362 2757 de
1385 2702 1551 2774 ccelesti
1573 2703 1752 2756 homine
1775 2704 1964 2773 agitur,
2001 2704 2086 2773 qui
2101 2703 2232 2757 hodie
2255 2706 2348 2759 vix

345 2777 496 2829 alicui
514 2787 660 2841 notu5,
678 2789 839 2848 pauca
864 2778 965 2831 haec
986 2797 1074 2830 non
1088 2778 1271 2850 pqfficnt
1295 2797 1383 2831 non
1407 2776 1642 2849 aliquibus
1660 2776 1851 2848 obscura
1874 2786 2124 2847 apparere.

429 2870 447 2902 1
461 2852 546 2922 67.
586 2851 681 2904 Sed
681 2852 738 2921 st
757 2852 859 2924 quis
883 2850 1033 2924 nqffl’t,
1054 2863 1283 2925 quantum
1295 2870 1584 2905 arcanorum
1607 2850 1878 2921 continetur<
1887 2851 1941 2902 in
1955 2852 2208 2922 unoquovis
2231 2871 2348 2906 ver-

322 2924 490 2995 ficul0,
530 2921 880 2995 oostupescerem
916 2936 1106 2978 tantum
1141 2943 1429 2979 arcanorum
1451 2923 1736 2986 continetur,
1774 2934 1829 2975 ut
1852 2922 2077 2995 nusquam
2101 2924 2227 2978 edici
2238 2929 2348 3000 pos-'-
2412 2970 2418 2975 .

324 2998 435 3067 stt;
473 2997 554 3049 hoc
587 3000 778 3050 minime
802 3000 946 3051 elucet
970 3019 1030 3050 ex
1067 2999 1215 3052 litera
1236 3019 1254 3050 .·
1292 3009 1348 3050 ut
1372 2997 1591 3050 breviter
1632 2996 1868 3049 tradatur
1886 3023 1902 3060 3
1920 2997 2053 3068 ficut
2073 2998 2199 3067 stent
2224 3002 2278 3059 V
2267 3022 2348 3067 ere

343 3069 409 3126 ba
444 3070 619 3135 literae,
656 3072 1063 3144 repraesentantur
1085 3073 1155 3126 ad
1173 3072 1346 3125 vivum
1371 3070 1424 3125 in
1447 3070 1619 3146 mundo
1621 3069 1912 3144 spirituum,
1949 3071 2112 3125 ordine
2129 3074 2348 3148 pulch'ro,

357 3173 360 3177 ⁴
495 3172 498 3173 ⁷
2236 3169 2349 3208 nam

1150 3306 1176 3358 3
