2788 3736
375 276 598 415 *434
1001 307 1215 408 GE
1309 304 1686 411 Mas
1772 292 2047 377 IS.f

455 463 500 498 at
533 451 564 498 s1
589 450 691 498 finis
710 449 871 508 maluS,
898 450 1051 497 omnia
1073 449 1176 500 sunt
1193 449 1328 508 mala,
1365 449 1467 497 finis
1491 449 1555 498 est
1577 451 1657 515 qui
1683 459 1841 514 regnat
1871 451 1928 501 >in
1954 450 2138 516 singulis
2152 447 2259 520 quae
2290 455 2465 521 cogitat

456 517 506 572 &
528 514 633 564 facit
655 517 832 566 homo:
873 517 1047 581 Angeli
1090 518 1213 581 apud
1246 517 1501 574 hominem,
1537 520 1644 581 quia
1676 516 1776 564 sunt
1810 519 2023 575 Domini,
2047 535 2152 571 ⁴non
2191 522 2314 569 aliud
2341 520 2463 587 apud

456 582 691 631 hominem
717 595 898 648 regunt,
934 600 1073 647 quam
1099 585 1208 632 fines
1232 581 1344 648 ejuS‚
1383 599 1492 630 cum
1527 583 1631 632 illos
1645 596 1828 648 regunt,
1865 584 2001 631 etiam
2032 587 2227 649 cogitata
2257 589 2314 638 ὅτ
2349 588 2464 637 facta

457 662 639 713 regunt,
677 667 781 698 narn
807 651 961 699 omnia
976 650 1057 698 villa
1078 650 1181 698 sunt
1202 653 1300 697 finis
1322 668 1331 695 t
1369 649 1474 711 finis¹
1497 651 1619 714 apud
1644 650 1882 698 hominem
1906 650 1969 697 est
1992 649 2083 715 ipsa
2096 649 2190 715 ejus
2213 655 2324 712 vita,
2360 672 2463 703 om-

458 716 531 764 nia
546 731 651 779 quae
669 719 839 781 cogitat
862 718 911 765 &
936 714 1061 774 facit,
1085 718 1214 764 afine
1238 718 1422 781 vivunt,
1450 717 1571 780 quia,
1593 729 1646 765 ut
1669 716 1866 774 distum,
1891 715 1993 764 sunt
2017 715 2145 774 finis,
2161 735 2305 782 quare,
2321 722 2464 784 qualis

457 781 521 828 est
541 782 657 840 finis,
695 785 791 832 talis
809 783 872 831 est
885 784 977 831 vita
993 783 1190 831 hominis
1212 806 1226 838 ;
1271 783 1371 830 finis
1395 799 1488 830 non
1512 783 1636 831 aliud
1653 783 1732 842 est,
1769 798 1908 848 quarn
1932 791 2097 840 amor(
2115 785 2464 842 namhomoni-

459 847 523 895 hil
556 849 677 896 aliud
701 867 788 915 pro
823 850 915 898 fine
961 850 1119 898 habere
1143 849 1289 913 potest
1311 866 1451 914 quam
1475 849 1623 915 quod·
1648 861 1803 906 amat,
1835 851 1916 914 qui
1963 849 2085 897 aliud
2110 853 2298 914 ⁴cogitat
2321 869 2462 917 quam

459 911 584 972 facit,
618 932 705 980 pro
742 917 840 964 ,fine
885 915 1024 980 usque
1061 916 1192 964 habet
1214 916 1342 980 quod
1364 930 1501 974 amat,
1539 919 1588 964 in
1628 915 1721 981 ipsa
1744 915 2040 973 fimulatione,
2077 929 2153 964 aut
2176 917 2378 976 indolo,
2403 919 2466 966 est

461 980 580 1038 finis,
616 985 695 1046 qui
719 982 783 1031 est
805 999 935 1030 amor
959 982 1041 1041 sui,
1077 994 1154 1030 aut
1177 999 1305 1030 amor
1323 983 1503 1040 mundi,
1538 983 1588 1030 &
1614 983 1718 1030 inde
1727 980 1991 1046 jucundum
2026 983 2136 1031 v-itae
2152 981 2247 1047 ejus
2268 1003 2279 1032 :
2314 1002 2373 1033 ex
2395 985 2464 1034 his

460 1046 648 1111 quisque
681 1048 950 1097 concludere
975 1049 1134 1112 potest,
1170 1050 1297 1112 quod
1329 1049 1429 1096 talis
1453 1049 1505 1096 fit
1532 1050 1626 1096 vita
1647 1048 1862 1107 hominis,
1898 1048 2140 1113 qualispest
2179 1041 2463 1114 ejus'amor:

460 1110 561 1177 haec
599 1130 721 1163 nunc
746 1116 862 1172 sunt,
899 1131 1005 1179 quae
1037 1115 1345 1179 significantur
1358 1131 1438 1179 per
1455 1116 1688 1179 inceptum
1705 1115 1763 1162 ad
1787 1113 2060 1162 faciendum.
2144 1118 2148 1122 ’

537 1198 552 1226 1
566 1198 590 1242 3
604 1199 619 1228 1
633 1186 674 1230 8.
705 1182 775 1241 ¹Et
810 1196 930 1227 nunc
964 1197 1056 1227 non
1075 1181 1387 1243 prohiberetur
1407 1181 1463 1228 ab
1485 1182 1538 1228 iis
1561 1197 1699 1229 omne
1718 1181 1846 1244 quod
1870 1183 2128 1244 cogitarunt
2142 1181 2301 1243 facere,
2338 1184 2469 1248 quod

463 1245 684 1309 significet
708 1247 788 1293 nisi
814 1261 934 1293 nunc
951 1244 1088 1293 status
1112 1262 1271 1293 eorum
1287 1257 1508 1303 mutetur,
1543 1243 1741 1293 constare
1758 1246 1904 1308 Potest
1927 1263 1951 1293 a
1974 1246 2257 1311 sequentibus
2281 1272 2295 1304 3
2323 1249 2468 1299 sensus

461 1312 660 1359 internus
682 1311 824 1360 Verbi
840 1311 920 1369 est,
939 1324 991 1359 ut
1013 1313 1225 1359 continue
1248 1311 1416 1375 spetilet
1433 1310 1674 1374 sequentia,
1691 1312 1741 1358 ὅτ
1758 1312 2039 1370 conclusum,
2065 1316 2240 1362 tametfi
2272 1316 2319 1363 in
2341 1317 2465 1364 sensu

458 1377 618 1426 literali
638 1395 729 1427 non
747 1381 807 1426 ita
830 1391 1040 1442 apparet:
1076 1379 1155 1441 qui
1191 1377 1298 1425 tales
1319 1376 1436 1434 sunt,
1472 1390 1524 1424 ut
1540 1379 1622 1440 qui
1645 1376 1775 1441 supra
1795 1374 2022 1441 descripti,
2047 1379 2138 1426 ‘nifi
2156 1380 2290 1438 status
2306 1398 2468 1430 eorum

463 1456 685 1503 mutatur,
721 1461 813 1493 non
836 1445 957 1508 apud
993 1460 1068 1491 eos
1090 1444 1353 1508 prohibetur
1367 1444 1492 1506 quod
1518 1445 1723 1507 cogitant
1746 1441 1920 1499 facere,
1945 1443 2073 1507 quod
2089 1446 2227 1493 etiam'
2242 1446 2376 1495 status
2392 1464 2468 1496 eo-

463 1526 570 1559 rum
595 1524 797 1559 mutatus
814 1511 884 1568 fit,
921 1510 1092 1558 constat
1117 1527 1144 1557 a
1166 1509 1451 1574 sequentibus
1471 1529 1482 1558 :
1520 1510 1737 1573 cogitatio
1778 1507 2087 1556 faciendi-non
2103 1511 2224 1559 aliud
2241 1513 2304 1559 est
2319 1529 2466 1577 ,quam

464 1579 672 1636 intentio,
708 1578 795 1626 hoc
820 1577 900 1635 est,
935 1577 1039 1624 finis
1066 1596 1076 1625 :
1114 1576 1217 1624 finis
1241 1576 1361 1640 apud
1387 1575 1621 1623 hominem
1647 1574 1866 1638 nusquam
1907 1575 2135 1639 prohiberi
2174 1578 2340 1641 potest,
2377 1581 2466 1628 hoc

462 1642 546 1704 est,
584 1646 766 1701 mutari,
802 1644 882 1691 nisi
907 1642 1060 1700 status,
1096 1659 1201 1698 nam
1227 1643 1330 1689 finis
1344 1641 1405 1688 est
1430 1641 1523 1703 ipsa
1544 1643 1641 1689 vita
1662 1640 1877 1699 hominis,
1912 1653 1964 1688 ut
1984 1641 2159 1697 'dictum
2180 1666 2193 1699 3
2232 1644 2344 1691 dum
2363 1662 2467 1693 mu-

465 1722 585 1763 tatur
607 1711 741 1759 status
764 1712 898 1757 etiam
932 1721 1134 1762 mutatur
1174 1708 1293 1762 finis,
1330 1709 1380 1755 ὅτ
1397 1724 1508 1756 cum
1532 1704 1620 1755 fine
1637 1708 1896 1771 cogitatio,
1932 1707 2077 1772 qualis
2111 1711 2306 1759 mutatio
2329 1710 2465 1769 status

463 1779 663 1828 hominis
697 1776 831 1842 hujus
857 1775 1073 1825 Ecclefiae
1096 1772 1212 1823 fasta
1244 1774 1316 1832 fit,
1351 1791 1407 1823 ex
1425 1775 1599 1824 Divina
1618 1774 1816 1823 Domini
1840 1773 2170 1832 Misericordia,
2207 1775 2382 1825 dicetur
2419 1781 2468 1826 in

461 1842 772 1912 sequentibus.
1196 1850 1199 1851 ’
1955 1896 1957 1900 ,
2142 1867 2153 1895 ,·
2345 1849 2348 1855 ’

457 1957 461 1961 .
538 1931 554 1962 ι
567 1931 591 1978 3
605 1931 675 1978 19.
711 1910 849 1959 Vers:
880 1927 922 1975 7.
963 1911 1066 1974 Age,
1090 1909 1401 1974 descendamus,
1439 1909 1495 1960 &
1512 1909 1813 1968 confundamus
1833 1910 1895 1958 ibi
1914 1909 2074 1958 labium
2120 1925 2277 1967 eorum,
2312 1921 2363 1958 ut
2384 1915 2465 1959 n‘o‘n

466 1981 651 2029 audiant
688 1980 764 2038 vir
810 1977 968 2024 labium
998 1980 1108 2039 sccii
1120 1979 1208 2040 sui.
1281 1980 1405 2042 Age,
1437 1977 1778 2033 descendamus,
1816 1975 2054 2040 fignificat,
2088 1976 2217 2039 quod
2262 1978 2323 2023 ita
2338 1974 2467 2040 judi-

464 2048 590 2094 cium
614 2043 789 2092 fastum
809 2061 819 2091 :
856 2044 905 2090 ὅτ
924 2041 1257 2090 confundamus
1292 2044 1353 2091 ibi
1376 2043 1547 2092 labium
1571 2059 1748 2100 eorum,
1783 2043 2005 2107 fignificat
2027 2041 2154 2104 quod
2175 2042 2288 2089 nulli
2305 2059 2467 2094 verum

466 2113 568 2160 don
579 2115 690 2159 rinae
707 2111 782 2167 fit:
803 2122 854 2156 ut
873 2124 965 2156 non
987 2109 1167 2157 audiant
1183 2109 1441 2161 vklabium
1456 2109 1562 2159 socii
1577 2109 1658 2167 sui,
1670 2109 1893 2173 fignificat
1913 2107 2041 2172 quod
2049 2124 2207 2159 omnes
2224 2107 2468 2158 discordes.

543 2195 681 2243 1320.
719 2176 866 2238 Qiod
901 2192 992 2239 age
1015 2175 1354 2234 descendamus,
1390 2176 1613 2240 significet
1636 2175 1763 2239 quod
1796 2176 1856 2222 ita
1869 2172 2101 2236 judicium
2128 2172 2319 2231 fafitum,
2354 2191 2465 2227 con·

468 2245 550 2293 stat
572 2260 627 2292 ex
644 2244 729 2291 illis
753 2259 859 2306 quae
883 2242 939 2297 de
957 2241 1283 2304 significatione
1302 2242 1583 2290 Descendere
1607 2241 1738 2304 supra
1758 2240 1816 2287 ad
1829 2237 1954 2287 vers:
1982 2255 2027 2301 5.
2051 2239 2286 2293 dictasunt
2306 2262 2320 2296 3
2338 2240 2467 2304 quod

470 2314 516 2358 in
534 2310 695 2375 plurali
714 2310 905 2367 dicatur,
943 2308 1333 2371 descendamus&
1358 2306 1693 2356 confundamus
1724 2305 1856 2364 labia,
1891 2304 2017 2352 causa
2037 2305 2117 2363 est,
2144 2307 2260 2369 quia
2276 2305 2338 2353 est
2361 2322 2462 2354 exe·

468 2380 597 2424 cutio
601 2375 784 2440 judicii,
819 2390 924 2438 quae
948 2374 1002 2420 fit
1026 2389 1106 2436 per
1130 2373 1324 2437 spiritus,
1359 2375 1409 2422 &
1431 2374 1622 2438 quidem
1646 2388 1726 2437 per
1750 2371 1907 2420 malos.
1975 2375 1978 2377 ’
2330 2409 2350 2428 ,-

542 2461 597 2506 13
611 2461 629 2489 z
643 2461 680 2490 16
718 2441 866 2502 Quod
890 2437 1222 2502 confundamus
1238 2439 1410 2487 labium
1432 2457 1611 2502 eorum,
1646 2439 1868 2503 significet
1890 2437 2015 2502 quod
2034 2437 2148 2486 nulli
2166 2443 2333 2492 verum'
2357 2439 2473 2488 doc·

470 2510 602 2564 trinae
625 2508 695 2564 fit,
730 2506 929 2554 constare
952 2505 1137 2569 potesta
1160 2506 1484 2570 significatione
1515 2506 1666 2563 Labii‚
1703 2506 1827 2568 quod
1852 2505 1907 2552 fit
1939 2505 2159 2562 doc‘trin'a,
2195 2504 2252 2552 de
2281 2515 2374 2569 qua
2395 2505 2469 2552 su·
2538 2514 2542 2518 ’

457 2592 551 2640 -pra
572 2575 627 2634 ad
651 2573 777 2622 vers:
821 2592 839 2621 1
864 2595 880 2628 ·,
917 2572 1021 2619 inde
1045 2571 1260 2636 sequitur,
1279 2572 1408 2637 quod
1439 2571 1717 2621 confundere
1746 2571 1862 2634 labia
1876 2571 1930 2619 fit
1953 2569 2230 2618 confundere
2250 2571 2327 2636 'illa
2362 2588 2469 2635 quae

472 2642 573 2690 sunt
596 2641 831 2699 doftrinae,
868 2640 953 2699 hoc
977 2638 1057 2696 est,
1095 2654 1198 2685 vera
1221 2638 1470 2686 doctrinae:
1507 2637 1782 2695 confundere
1802 2637 2026 2700 fignificat
2060 2639 2108 2684 in
2131 2636 2254 2684 sensu
2286 2639 2466 2685 interno

473 2725 564 2756 non
590 2707 734 2756 solum
755 2706 1061 2764 obtenebrare,
1099 2704 1172 2752 sed
1189 2707 1326 2753 etiam
1344 2705 1576 2753 obliterare
1591 2706 1650 2752 -&
1669 2705 1888 2768 diffipare,
1924 2703 1984 2751 fic
2001 2715 2052 2750 ut
2064 2719 2167 2753 <non
2190 2702 2361 2765 aliquid
2383 2720 2463 2750 ve-

475 2790 578 2821 rum
598 2793 608 2822 z
646 2789 754 2827 cum
779 2773 928 2820 cultus
961 2771 1026 2818 sui
1049 2771 1253 2819 succedit.
1268 2773 1370 2819 loco
1395 2773 1546 2820 cultus
1568 2772 1780 2828 Domini,
1814 2781 1924 2817 tunc
1963 2770 2056 2816 nou
2077 2767 2222 2819 solum
2247 2771 2464 2832 perverti-

475 2851 552 2885 tur
581 2856 716 2886 omne
750 2855 931 2895 verum,
968 2837 1042 2884 sed
1066 2840 1202 2885 etiam
1226 2838 1444 2896 aboletur,
1478 2839 1528 2886 ὅτ
1563 2837 1746 2885 tandem
1770 2833 2026 2898 agnoscitur
2047 2831 2207 2891 falsum
2230 2850 2317 2897 pro
2336 2851 2465 2893 vero,

470 2906 523 2952 δε
549 2905 719 2952 malum
745 2922 829 2968 pro
850 2905 971 2963 bono
991 2926 1006 2959 ;
1042 2907 1191 2952 omnis
1208 2907 1331 2952 enim
1356 2905 1436 2952 lux
1459 2904 1656 2951 veritatis
1678 2901 1778 2949 esta
1799 2900 2024 2956 Domin'o,
2058 2900 2108 2947 &
2141 2902 2291 2947 omnis
2316 2902 2466 2965 caligo

462 2970 539 3017 >est
563 2969 618 3017 ab
632 2970 831 3025 homine,
867 2986 973 3017 cum
998 2970 1154 3020 homo·
1176 2970 1372 3018 succedit
1404 2970 1452 3016 in
1474 2969 1601 3016 cultu
1623 2968 1727 3015 loco
1741 2966 1972 3023 Dominis
1987 2966 2040 3012 fit
2062 2965 2149 3020 lux,
2166 2968 2260 3014 veri
2282 2967 2429 3031 caligo
2449 2989 2464 3023 ;

462 3037 526 3083 .&
551 3048 659 3083 tunc
692 3034 912 3098 spectatur
943 3035 1000 3082 ab
1025 3037 1089 3082 iis
1114 3037 1194 3082 lux
1216 3048 1275 3082 ut.
1293 3035 1456 3098 caligo,
1490 3034 1540 3080 ὅτ,
1564 3033 1710 3097 caligo
1732 3046 1784 3080 ut
1807 3033 1887 3080 lux
1907 3054 1921 3088 ;
1956 3031 2054 3080 talis
2076 3036 2263 3096 quoque,
2282 3032 2345 3079 est
2369 3034 2467 3081 vita

464 3118 636 3157 ¹eorum
659 3101 760 3164 post
786 3113 998 3156 mortem,
1035 3103 1130 3147 vita
1168 3100 1261 3148 falfi
1285 3101 1336 3146 iis
1373 3099 1438 3146 est
1461 3099 1584 3163 quasi
1607 3099 1703 3156 lux,
1738 3099 1813 3147 sed
1842 3100 1938 3146 vita
1960 3098 2142 3147 veri'est
2175 3100 2229 3146 iis
2245 3099 2367 3161 quafi
2391 3115 2464 3146 ca-

462 3168 575 3230 ,ligo
601 3190 614 3223 ·,
652 3166 727 3213 sed
750 3178 949 3213 mutatur
972 3166 1070 3212 talis
1101 3168 1212 3213 vitae
1229 3167 1307 3212 lux
1323 3167 1369 3212 in
1393 3181 1567 3213 meram
1590 3166 1850 3229 caliginem,
1885 3181 1995 3212 cum
2017 3166 2338 3230 approximant
2363 3179 2463 3212 ver·

475 3233 548 3280 sus
571 3233 783 3280 caelum:
820 3232 935 3280 dum
974 3234 1020 3278 in
1059 3233 1235 3292 mundo
1274 3232 1391 3288 sunt,
1427 3232 1616 3295 quidem
1650 3248 1813 3279 verum
1838 3232 2019 3295 poffunt
2058 3232 2200 3294 loqui,
2236 3231 2333 3277 imo
2354 3245 2465 3276 curn

472 3299 659 3366 eloquio
676 3301 723 3348 δε
746 3310 982 3364 apparente
1007 3298 1123 3358 ze10,
1160 3299 1207 3348 &
1224 3300 1329 3364 quia
1343 3298 1462 3348 adest
1486 3300 1699 3350 continua
1715 3299 1894 3350 reflexio
1918 3297 2048 3364 super
2063 3296 2121 3357 se,
2145 3297 2281 3346 etiam
2303 3295 2469 3343 viden·

1836 3395 1843 3398 ⁷—
2391 3372 2474 3411 tue
