2788 3736
490 267 496 269 “
551 315 556 317 ·
611 302 957 382 CAPUT
1022 299 1505 368 DECIMUM
1558 298 2110 391 QUARTUM.
2231 308 2363 394 56⁵

357 445 481 494 bona
498 441 758 509 apparentia
779 440 914 488 illum
938 450 1229 506 occuparent,
1263 448 1311 488 at
1347 435 1484 488 frater
1526 453 1637 486 cum
1683 438 1880 502 genuina
1919 437 2048 488 bona
2081 438 2134 488 δι’
2171 441 2368 504 genuina

360 526 481 560 vera.

356 621 358 625 ,
433 595 452 625 1
464 582 556 644 708
563 613 580 634 ,Δ
609 565 675 625 Et
695 576 932 641 expedivit
952 574 1151 630 initiatos
1166 572 1285 631 suos,
1311 583 1439 621 natos
1456 572 1623 620 domus
1637 561 1757 631 suae,
1769 572 1898 636 quod
1915 572 2139 637 fignificet
2161 574 2237 622 illa
2250 573 2369 624 bona

358 660 468 710 quae
507 644 641 708 apud·
654 643 912 692 Externum
938 642 1193 699 hominem,
1226 656 1334 705 quae
1358 656 1481 688 nunc
1504 638 1686 687 liberata
1718 656 1743 687 a
1772 637 1894 704 jugo
1916 639 2159 698 servitutis,
2195 642 2371 701 constat

359 727 388 758 a
428 710 753 775 significatione
791 711 1089 765 initiatorum,
1125 720 1227 765 tum
1265 718 1476 763 natorum
1515 706 1683 761 domus
1712 705 1908 754 Abrami
1928 729 1942 762 ;
1993 709 2153 755 initiati
2190 706 2263 756 seu
2288 724 2372 757 no-

361 778 462 825 vitii
487 777 682 826 Abrami
720 778 767 824 in
790 775 914 824 sensu
940 777 1133 832 interno,
1169 773 1274 823 sunt
1296 774 1370 822 illa
1392 774 1512 823 bona
1531 771 1656 836 apud
1679 771 1936 820 Externum
1955 774 2235 832 Hominem,
2258 791 2367 839 quae

361 842 578 908 conjungi
602 844 1012 908 pofl‘unthlnteriori
1036 842 1270 898 Homini;
1307 841 1400 891 nati
1423 840 1590 888 domus
1612 839 1660 885 in
1683 836 1807 886 sensu
1851 841 2029 888 interno
2065 840 2170 907 sunt
2206 843 2366 890 eadem

362 910 482 958 bona
501 923 554 958 ut
574 911 624 958 ὅτ
649 925 773 967 vera,
802 910 931 974 quod
954 910 1138 974 propria
1157 907 1276 964 sint3
1313 907 1389 956 sed
1411 907 1512 955 haec
1535 905 1666 972 plura
1688 920 1845 952 arcana
1867 907 2117 965 continent,
2152 924 2292 971 quam
2317 920 2373 956 ut

360 980 528 1041 poffint
560 977 694 1034 edici,
739 977 813 1024 illa
836 977 1078 1040 imprimiS,
1114 973 1353 1038 quomodo
1375 974 1496 1021 bona
1514 973 1772 1037 apparentia
1807 970 1910 1035 post
1946 989 2122 1036 pugnas
2161 976 2373 1022 tentatio·

361 1059 476 1090 num
509 1043 627 1091 fiunt
652 1044 770 1091 bona
788 1044 1003 1107 genuina,
1019 1074 1021 1076 μ
1039 1043 1089 1090 δι
1114 1041 1244 1104 quod
1264 1053 1375 1088 tunc
1398 1041 1567 1104 poffint
1605 1037 1826 1102 conjungi
1848 1039 2057 1085 Interiori
2097 1039 2169 1086 seu
2203 1040 2373 1087 Medio

361 1110 582 1170 Homini,
608 1111 659 1157 δε
682 1126 764 1174 per
786 1110 908 1156 hunc
929 1109 1131 1162 Intern0,
1168 1108 1217 1154 δε
1243 1106 1448 1154 similiter
1471 1105 1568 1153 fieri
1602 1106 1808 1161 Divina,
1859 1105 2092 1152 Dominus
2130 1108 2255 1153 enim
2290 1122 2373 1170 per

326 1208 331 1215 -
362 1176 531 1239 gradus
547 1173 751 1238 adjunxit
766 1175 1039 1222 Humanam
1048 1173 1296 1222 Effentiam
1303 1173 1509 1229 Divinae,
1528 1173 1579 1220 ὅτ,
1595 1171 1683 1219 hoc
1707 1187 1789 1234 per
1800 1187 1977 1234 pugnas
2001 1174 2302 1220 tentationum
2319 1174 2371 1221 &c

360 1242 587 1301 vietorias,
624 1252 677 1288 ut
699 1239 909 1295 diffitum3
946 1239 1046 1287 haec
1077 1239 1196 1286 bona
1234 1254 1342 1302 quae
1377 1239 1575 1300 genuina
1612 1235 1744 1293 fasta,
1783 1236 1901 1294 sunt,
1937 1254 2044 1300 quae
2085 1239 2371 1302 appellantur

365 1308 527 1366 initiati
542 1307 615 1354 seu
632 1308 795 1355 novitii
810 1306 1023 1363 Abrami,
1042 1321 1148 1352 nam
1173 1304 1344 1352 initiata
1367 1306 1417 1352 δι·
1442 1305 1620 1352 novitia
1640 1301 1854 1358 fuerunt3
1890 1304 1940 1352 &
1958 1305 2068 1367 quia
2080 1308 2265 1369 propria
2286 1322 2372 1370 po-

357 1375 497 1422 tentia
519 1385 778 1436 comparata
799 1371 918 1430 sunt,
941 1371 1226 1436 appellantur
1246 1371 1338 1418 nati
1362 1370 1545 1419 domus.
2098 1432 2101 1434 -

434 1456 575 1504 1709.
612 1438 888 1487 Oetodecim
929 1439 980 1486 &
1016 1449 1239 1486 trecentos
1277 1437 1417 1494 viros,
1459 1437 1589 1500 quod
1627 1437 1851 1500 fignificet
1888 1437 2152 1500 qualitatem
2187 1455 2369 1498 eorum,

360 1522 527 1570 nempe
550 1505 678 1570 quod
701 1505 788 1552 fint
800 1504 945 1551 sansta
966 1520 1157 1568 pugnae,
1179 1518 1397 1551 numerus
1419 1503 1679 1566 06todecim
1702 1503 1790 1550 hoc
1814 1503 2028 1561 involvit,
2059 1515 2162 1551 tum
2186 1521 2372 1569 quoque

362 1587 580 1621 numerus
623 1582 948 1628 trecentorum,
984 1569 1087 1618 sunt
1125 1571 1249 1617 enim
1288 1570 1337 1616 hi
1375 1571 1553 1618 numeri
1598 1569 1840 1634 compositi
1886 1586 1942 1617 ex
1989 1570 2132 1618 tribus
2180 1573 2230 1619 δε
2278 1569 2371 1630 sex,

361 1639 472 1687 Tria
506 1637 760 1701 significant
805 1637 1028 1693 sanctum,
1085 1649 1140 1684 ut
1178 1635 1406 1683 ostensum
1461 1652 1519 1684 n:
1560 1651 1669 1699 720.
1704 1653 1818 1700 901.
1867 1637 1915 1683 δι
1952 1639 2030 1685 Sex
2054 1654 2278 1701 pugnam,
2319 1651 2374 1687 ut

359 1703 588 1753 ostensum
612 1719 722 1768 737,
751 1719 861 1767 900.
900 1700 1049 1767 Qod
1072 1701 1251 1750 Abram
1274 1712 1346 1749 tot
1372 1702 1670 1766 expediverit,
1705 1701 1971 1749 historicum
1989 1719 2154 1752 verum
2177 1704 2258 1762 est,
2295 1705 2373 1753 sed

363 1770 505 1835 usque
537 1768 951 1833 repraesentativum
991 1767 1097 1825 fuit,
1132 1768 1246 1815 ficut
1267 1783 1406 1816 omne
1427 1767 1720 1816 Historicum
1744 1767 1887 1816 Verbi
1919 1770 1967 1815 in
1990 1768 2145 1816 Libris
2168 1773 2376 1834 quinque

365 1836 530 1894 Mosis,
547 1837 603 1883 ,in
615 1834 787 1897 Josuae,
813 1836 860 1882 in
877 1834 1118 1897 Judicum,
1143 1835 1192 1883 in
1206 1834 1444 1892 Samuelis,
1467 1835 1515 1882 in
1530 1836 1738 1899 Regum,
1764 1835 1811 1882 in
1827 1834 2045 1893 Danielis,
2071 1837 2208 1900 inque
2217 1838 2372 1899 Jonae,

363 1902 444 1950 ubi
467 1902 669 1950 similiter
690 1902 870 1950 numeri
894 1902 1143 1951 involvunt
1167 1917 1350 1959 arcana3
1385 1918 1491 1950 nam
1516 1900 1628 1949 nihil
1643 1943 1646 1946 ,
1663 1903 1710 1948 in
1734 1900 1892 1949 Verbo
1914 1901 2131 1966 scriptum
2156 1903 2220 1950 est
2242 1903 2373 1968 quod

363 1985 455 2016 non
472 1967 560 2017 fuit
583 1970 685 2027 tale,
720 1967 846 2017 aliter
878 1985 970 2017 non
1002 1968 1119 2018 foret
1135 1969 1360 2026 Verbum,
1398 1970 1447 2016 ὅτ
1471 1968 1598 2015 aliter
1619 1967 1840 2031 nusquam
1882 1981 2205 2028 memoratum,
2241 1970 2375 2035 quod

365 2035 544 2083 Abram
589 2041 680 2100 318
724 2036 1022 2100 expediverit,
1057 2049 1162 2084 tum
1185 2036 1314 2101 quod
1348 2035 1414 2083 illi
1431 2033 1609 2085 fuiffent
1639 2035 1867 2084 initiati&
1886 2036 1978 2083 nati
1994 2035 2180 2095 domus,
2203 2050 2373 2104 praeter

360 2101 492 2165 plura
529 2119 636 2167 quae
670 2103 718 2151 in
741 2102 829 2150 hoc
862 2103 1022 2167 Capite
1055 2103 1285 2151 dicuntur.

435 2185 575 2232 1710.
613 2169 679 2216 Et
702 2169 959 2232 persecutus
981 2168 1122 2233 usque
1143 2170 1201 2218 ad
1222 2172 1346 2228 Dan,
1381 2171 1511 2235 quod
1549 2170 1772 2235 significet
1817 2170 2144 2234 purificationis
2182 2170 2370 2230 statum,

361 2234 535 2282 constat
563 2251 590 2282 a
622 2233 727 2281 serie
750 2250 903 2283 rerum
925 2235 974 2283 in
997 2234 1120 2283 sensu
1145 2238 1348 2294 interno;
1384 2236 1587 2301 persequi
1611 2237 1756 2285 hostes
1790 2236 1862 2285 hic
1884 2236 1948 2284 est
1986 2238 2208 2301 expellere
2253 2238 2374 2285 mala

364 2299 416 2348 δε
439 2299 560 2357 falsa,
599 2317 706 2364 quae
727 2313 854 2350 erant
867 2302 991 2367 apud
1012 2301 1130 2353 bona
1144 2305 1194 2352 δε
1218 2320 1339 2362 vera,
1364 2305 1415 2352 ὅτ
1432 2302 1652 2352 faciebant
1672 2315 1725 2351 ut
1738 2315 1999 2367 apparerent
2014 2304 2128 2352 ficut
2158 2304 2275 2352 bona
2318 2305 2370 2352 δε

364 2381 486 2422 vera,
514 2367 563 2412 ὅτ,
586 2365 646 2412 fic
663 2366 847 2415 liberare
869 2368 946 2416 illa
964 2370 1015 2418 δε
1036 2370 1276 2435 purificare
1295 2393 1310 2427 ·,
1346 2369 1487 2434 usque
1507 2370 1563 2418 ad
1586 2371 1692 2418 Dan
1717 2370 1939 2434 significat
1961 2371 2016 2418 ad
2034 2371 2254 2418 ultimum
2279 2382 2371 2417 ter-

362 2433 546 2479 minum
569 2431 803 2490 Canaanis,
841 2434 900 2481 fic
939 2435 997 2481 ad
1036 2449 1264 2488 extremos
1304 2437 1417 2484 fines
1449 2453 1544 2501 quo
1582 2434 1824 2500 fugerant;
1860 2437 1989 2500 quod
2011 2438 2117 2485 Dan
2147 2437 2370 2501 significet

363 2497 551 2544 ultimos
574 2499 794 2546 terminos
832 2498 908 2548 seu
948 2513 1176 2549 extremos
1198 2503 1311 2550 fines
1335 2504 1569 2560 Canaanis,
1604 2503 1776 2551 constat
1796 2506 1956 2567 paffim
1990 2520 2016 2551 a
2038 2504 2210 2561 Verbo,
2248 2515 2299 2550 ut
2321 2519 2367 2550 a-

363 2563 463 2628 pud
481 2564 755 2626 Samuelem,
793 2569 827 2592 “
851 2565 936 2613 Ad
969 2565 1330 2631 transferendum
1351 2570 1572 2631 Regnum
1601 2585 1627 2615 a
1658 2569 1802 2617 domo
1825 2570 1985 2625 Saulis,
2022 2571 2072 2616 &
2110 2571 2167 2618 ad
2192 2571 2369 2631 erigen-

364 2635 401 2657 “
437 2630 552 2678 dum
570 2629 733 2678 solium
753 2631 946 2679 Davidis
969 2631 1101 2697 super
1115 2632 1318 2680 Israelem
1335 2634 1385 2680 δε
1410 2633 1539 2696 super
1554 2634 1802 2694 Jehudam,
1838 2650 1865 2680 a
1880 2635 1988 2682 Dan
2010 2636 2060 2683 δε
2078 2635 2215 2698 usque
2232 2637 2367 2683 Beer-

364 2701 400 2724 “
436 2695 692 2759 schebam,''
741 2714 784 2745 11
810 2698 948 2746 Sam:
971 2716 1071 2747 111:
1107 2716 1179 2748 10.
1217 2699 1340 2764 apud
1373 2698 1609 2756 Eundem,
1647 2705 1681 2726 “
1704 2701 2044 2763 Congregando
2067 2700 2366 2765 congregabi-

365 2766 401 2790 “
435 2774 510 2809 tur
533 2762 763 2811 universus
785 2763 916 2812 Israel
954 2781 980 2812 a
1013 2765 1121 2812 Dan
1155 2765 1294 2828 usque
1316 2765 1684 2822 Beerschebam,'’
1720 2783 1762 2813 11
1788 2766 1921 2813 Sam:
1948 2781 2090 2814 xvi1:
2124 2785 2195 2816 11.
2243 2766 2365 2831 apud

362 2828 598 2886 Eundem,
619 2835 653 2857 ‘⁶
677 2831 810 2876 Dixit
824 2831 979 2878 David
1000 2831 1058 2878 ad
1072 2831 1290 2892 Joabum,
1308 2847 1552 2895 pervagare
1569 2847 1727 2878 omnes
1748 2832 1920 2879 Tribus
1935 2830 2101 2880 Israelis
2124 2850 2150 2880 a
2167 2834 2274 2880 Dan
2291 2833 2363 2880 us-

367 2897 403 2919 “
438 2909 527 2955 que
549 2895 920 2953 Beerschebam‚”
957 2913 1000 2945 11
1027 2898 1165 2949 Sam:
1186 2914 1305 2945 xx1v
1328 2917 1339 2946 :
1371 2916 1418 2954 2,
1458 2912 1533 2961 15.
1571 2898 1624 2945 In
1648 2897 1795 2946 Libro
1813 2899 2020 2961 Regum,
2059 2904 2095 2926 “
2119 2899 2366 2948 Habitavit

368 2962 402 2984 “
439 2958 649 3018 Jehudah
671 2963 720 3009 δε
741 2962 870 3011 Israel
892 2964 939 3010 in
963 2962 1208 3021 securitate,
1244 2963 1433 3027 quisque
1465 2963 1547 3012 sub
1569 2965 1663 3011 vite
1696 2964 1786 3022 sua,
1823 2965 1872 3011 ἃ
1901 2963 1982 3012 sub
2003 2964 2095 3013 ficu
2118 2965 2194 3013 sua
2216 2982 2242 3012 a
2259 2967 2365 3012 Dan

367 3027 402 3050 “
439 3025 488 3070 δε
521 3023 660 3087 usque
681 3028 1017 3086 Beerschebam,
1052 3031 1082 3051 '’
1128 3047 1143 3077 1
1172 3032 1311 3094 Reg:
1337 3047 1400 3077 v:
1429 3047 1473 3093 5.
1508 3047 1565 3078 ex
1596 3030 1760 3094 quibus
1783 3043 1921 3094 patet,
1957 3031 2085 3095 quod
2099 3034 2202 3079 Dan
2225 3030 2362 3077 fuerit

366 3088 558 3135 ultimus
580 3090 796 3138 terminus
821 3095 1053 3153 Canaanis,
1089 3095 1323 3160 quousque
1346 3099 1638 3160 persequutus
1662 3097 1822 3154 hostes,
1857 3099 1938 3161 qui
1961 3096 2223 3145 infestabant
2247 3096 2364 3143 bona

366 3157 417 3201 ὅτ
442 3170 546 3201 vera
561 3155 754 3203 Externi
775 3158 997 3207 Hominis
1017 3184 1032 3217 3
1067 3162 1143 3210 scd
1165 3164 1272 3227 quia
1292 3164 1399 3210 Dan
1436 3178 1527 3211 erat
1551 3165 1770 3210 terminus
1794 3165 2010 3211 Canaanis
2043 3163 2101 3208 fic
2135 3165 2250 3209 intra
2273 3163 2360 3208 Ca·-

367 3236 571 3276 naanem,
624 3223 673 3286 ὅτ
711 3238 767 3269 ne
813 3223 875 3269 ibi
911 3226 1061 3282 effent,
1110 3228 1296 3276 ulterius
1319 3227 1600 3293 profugavit,
1636 3246 1801 3294 nempe
1823 3230 1879 3278 ad
1904 3227 2112 3275 Chobam
2145 3244 2170 3275 a
2193 3226 2361 3274 sinistra

364 3285 605 3346 Damasco,
641 3300 694 3336 ut
732 3287 902 3337 constat
942 3290 997 3338 ab
1037 3290 1123 3340 illis
1147 3295 1193 3340 in
1214 3295 1352 3344 Vers:
1394 3312 1505 3345 mox
1527 3296 1751 3360 iequente,
1786 3311 1836 3343 ac
1873 3296 1933 3341 ita
1955 3293 2212 3356 purificavit
2230 3314 2245 3346 ;
2280 3306 2361 3354 per

2199 3370 2362 3404 terram
