2788 3736
445 286 574 352 272
983 261 1968 337 GENESIS.

441 409 476 431 “
511 403 601 451 bris
625 401 732 451 oculi
755 417 954 450 caecorum
977 401 1232 460 videbunt,”
1257 417 1402 451 xxix:
1437 406 1512 460 18,
1550 402 1607 450 de
1631 402 1923 453 conversione
1949 403 2159 468 g'entium
2196 405 2252 455 ad
2285 405 2462 464 fidem;

441 470 599 519 videre
631 485 716 534 pro
739 468 882 517 fidem
905 470 1120 534 accipere.
1190 470 1337 534 Apud
1363 469 1598 527 Eundem,
1651 474 1688 497 “
1713 470 1850 518 Surdi
1874 471 2044 530 audite,
2069 472 2118 520 δε
2140 475 2252 521 caeci
2265 470 2463 537 spellate

437 541 472 564 ‘⁶
504 536 733 593 videndo,''
768 552 908 584 xn11:
955 540 1031 593 18,
1066 536 1283 584 similiter.
1355 535 1507 599 Apud
1531 536 1839 594 Ezechielem,
1879 541 1913 565 “
1939 537 2128 603 Qibus
2164 539 2274 588 oculi
2307 539 2368 588 ad
2387 542 2461 588 vi-

369 607 377 614 '
439 607 473 630 “
507 602 699 659 dendum,
736 603 792 652 ἐξ
825 619 906 650 non
944 603 1110 660 vident,
1148 604 1314 667 quibus
1357 619 1484 650 aures
1518 602 1576 650 ad
1599 603 1880 651 audiendum
1912 604 1963 652 δε
1997 620 2090 652 non
2113 605 2321 664 audiunt,
2356 608 2464 671 quia
2522 653 2527 657 ,

439 673 474 696 “
510 669 678 717 domus
714 668 968 717 rebellionis
994 669 1120 727 'illi,”
1145 686 1254 718 xu:
1285 686 1326 717 2.
1365 686 1467 733 pr0,
1504 671 1585 734 qui
1613 670 1882 734 intelligere,
1937 669 2193 734 agnoscere,
2228 673 2280 722 δε
2316 673 2461 722 fidem

447 735 607 784 habere
665 736 829 795 offunt,
866 737 916 791 δε
941 753 1033 784 non
1057 735 1233 784 volunt.
1304 736 1451 803 Qlod
1474 737 1644 786 Videre
1675 737 1902 802 ”significet
1930 737 2073 784 fidem
2106 737 2267 786 habere
2291 739 2464 788 constat

444 801 610 851 manife
650 820 674 851 e
697 819 754 851 ex
776 802 1163 867 repraesentatione
1196 805 1391 852 Domini
1415 813 1495 867 per
1530 802 1781 868 serpentem
1820 819 2002 851 aeneum
2028 805 2075 850 in
2107 803 2300 860 deserto,
2335 806 2465 870 quod

443 868 701 918 sanarentur
722 882 880 918 omnes
914 871 994 934 qui
1019 870 1223 917 viderent
1248 870 1397 926 illum,
1435 870 1492 918 de
1515 886 1611 934 quo
1633 870 1755 935 apud
1780 869 1962 928 Mosen,
2000 875 2036 898 ‘⁶
2064 872 2190 919 Pone
2213 870 2463 935 serpentem

447 941 482 963 ‘⁶
517 934 648 1001 super
670 936 870 1001 lignum,
905 937 956 984 &
980 936 1075 994 fiet,
1109 939 1261 984 omnis
1291 935 1484 994 morsuS,
1537 938 1587 984 &
1623 938 1785 986 viderit
1822 936 1972 994 illum,
2008 937 2057 984 δε
2092 939 2253 994 vivet,
2290 936 2463 986 fatitum
2507 945 2516 956 ·

434 1001 515 1059 est,
551 1003 584 1051 s1
609 1003 863 1052 momordit
887 1002 1061 1066 serpens
1084 1004 1256 1058 virum,
1294 1005 1343 1051 ὅτ
1368 1005 1484 1051 vidit
1517 1003 1574 1050 ad
1598 1003 1848 1068 serpentem
1873 1006 1991 1061 aeriS,
2029 1005 2079 1051 δε
2104 1005 2275 1062 vixit,”
2298 1005 2456 1054 Num:

446 1068 568 1118 'xxrz
601 1073 646 1126 8,
674 1089 718 1136 9.
756 1086 813 1118 ex
851 1086 946 1133 quo
969 1068 1157 1133 quisque
1179 1070 1332 1118 videre
1356 1069 1518 1135 potest,
1554 1070 1680 1134 quod
1704 1070 1874 1118 Videre
1907 1069 2130 1133 significet
2159 1070 2320 1128 fidem,
2356 1087 2463 1120 nam

449 1135 562 1198 quid
586 1135 649 1184 ibi
673 1137 844 1194 videre,
881 1136 961 1183 nis1
986 1135 1399 1200 repraesentativum
1439 1136 1546 1184 fidei
1584 1138 1630 1184 in
1652 1137 1933 1184 Dominum.
2006 1136 2118 1183 Inde
2142 1153 2330 1201 quoque
2355 1155 2465 1187 con-

449 1201 548 1258 stat,
585 1203 712 1266 quod
736 1203 1076 1265 Primogenitus
1099 1202 1275 1263 Jacobi‚
1311 1202 1496 1259 Ruben,
1533 1219 1559 1250 a
1579 1203 1796 1250 Videndo
1822 1205 1884 1250 ita
1907 1214 2113 1259 vocatus,
2149 1204 2374 1267 significet
2415 1207 2462 1253 in

448 1267 569 1316 sensu
607 1271 786 1316 interno
816 1269 854 1316 F
857 1268 1012 1324 idem,
1047 1268 1292 1323 videantur
1331 1285 1439 1334 quae
1478 1269 1605 1332 prius
1643 1269 1764 1317 dieta
1795 1269 1853 1317 de
1877 1269 2200 1333 Erimogeniti's
2225 1270 2462 1329 Ecclefiae,

446 1351 508 1384 n:
551 1351 643 1400 352
670 1336 721 1383 δε
747 1336 858 1400 367.
1209 1375 1214 1378 .
1663 1332 1676 1336 ”

521 1405 546 1449 8
589 1406 629 1450 8.
668 1401 731 1449 Et
762 1418 865 1451 ecce
899 1399 1099 1451 arefa&ae
1135 1401 1235 1449 sunt
1259 1400 1391 1450 facies
1415 1401 1562 1459 humi,
1598 1402 1728 1467 quod
1766 1401 2020 1466 significent
2057 1405 2460 1467 regenerationem,

446 1483 534 1516 con
577 1480 620 1516 at
643 1485 670 1516 a
692 1468 1016 1532 significatione
1041 1469 1214 1525 Humi,
1251 1470 1308 1517 de
1332 1485 1424 1532 qua
1445 1471 1602 1533 passim
1636 1471 1778 1533 prius,
1813 1468 1940 1533 quod
1975 1468 2027 1516 s1t
2051 1469 2192 1516 homo
2217 1469 2428 1519 Ecclefiae
2448 1491 2458 1521 :

445 1532 648 1582 arefastae
672 1534 888 1583 dicuntur
919 1533 1052 1583 facies
1077 1534 1224 1591 humi,
1240 1593 1243 1597 ἢ
1260 1535 1445 1599 quando
1471 1533 1678 1583 falsitates
1701 1552 1794 1583 non
1818 1535 2018 1599 amplius
2049 1549 2323 1599 apparerent.

524 1605 638 1666 899.
661 1601 797 1651 Vers:
845 1619 918 1661 14.
959 1603 1021 1649 Et
1045 1603 1091 1648 in
1115 1602 1244 1664 mense
1268 1602 1465 1664 ficundo,
1500 1603 1546 1648 in
1573 1599 1755 1664 septimb
1773 1601 1828 1651 &
1850 1602 2051 1664 vigqfimo·
2068 1603 2134 1649 die
2156 1603 2312 1662 mmsis,
2336 1604 2457 1663 exste-

449 1677 550 1715 cata
574 1667 627 1727 est
650 1678 782 1716 terra.
852 1668 1025 1715 Menfis
1049 1667 1271 1715 secundus
1294 1660 1513 1731 fignifica‘t
1530 1676 1718 1716 om'nem
1742 1667 1907 1715 statum
1932 1680 2033 1715 ante
2049 1671 2455 1732 regenerationem:

448 1733 663 1797 septimus
688 1735 737 1782 δε
755 1734 1000 1797 vigesimus
1024 1733 1135 1791 dies,
1170 1732 1398 1782 faustum:
1434 1734 1649 1782 exsiccata
1671 1745 1803 1790 terra,
1828 1733 1954 1797 quod
1979 1747 2274 1798 regeneratus.
2345 1737 2462 1787 Sunt

446 1799 546 1849 haec
569 1799 761 1848 clausula
785 1800 1160 1864 praecedentium,
1196 1801 1247 1848 δε
1270 1801 1549 1865 principium
1571 1799 1868 1864 sequentium.
2470 1815 2481 1823 ·

516 1884 627 1932 900.
666 1867 812 1929 Qod
836 1867 999 1915 mensis
1023 1866 1243 1915 secundus
1269 1867 1490 1932 significet
1513 1883 1701 1915 omnem
1734 1866 1900 1914 statum
1931 1879 2033 1914 ante
2057 1869 2457 1931 regenerationem,

449 1932 622 1981 constat
653 1950 679 1981 a
702 1933 1025 1997 significatione
1049 1935 1149 1981 Duo
1184 1935 1230 1980 in
1254 1934 1444 1990 Verbo;
1480 1934 1576 1981 duo
1599 1933 1856 1997 significant
1895 1934 2019 1980 idern
2043 1950 2093 1981 ac
2134 1933 2227 1991 sex,
2264 1935 2349 1982 hoc
2374 1935 2454 1992 est,

448 2014 655 2062 pugnam
700 2000 750 2046 δε
790 1999 1008 2056 laborem,
1067 2002 1147 2063 qui
1187 2000 1406 2063 praecedit
1450 2001 1855 2064 regenerationem,
1915 2001 1976 2046 ita
2015 2000 2090 2046 hic
2137 2016 2326 2047 omnem
2374 2001 2457 2049 sta-

451 2077 570 2122 tum,
629 2066 710 2130 qui
762 2066 1006 2128 praecedit,
1072 2078 1315 2129 antequam
1364 2079 1649 2130 regeneratus
1703 2064 1779 2113 est.
1865 2066 2101 2128 Tempora
2123 2103 2131 2112 i
2157 2067 2357 2114 maxima
2407 2069 2457 2115 δε

455 2132 648 2180 minima
686 2133 994 2179 communiter
1023 2133 1069 2179 in
1101 2132 1257 2179 Verbo
1286 2132 1628 2197 distinguuntur
1665 2133 1712 2179 in
1751 2132 1836 2178 tria
1870 2143 1946 2178 aut
1982 2133 2028 2178 in
2060 2131 2246 2195 septem,
2289 2133 2340 2180 δε
2374 2148 2457 2180 vo·

451 2211 611 2246 cantur
649 2199 722 2245 vel
762 2199 889 2254 Dies,
926 2198 1001 2246 vel
1041 2199 1333 2262 Septimanae,
1367 2200 1443 2246 vel
1481 2196 1680 2255 Menses,
1714 2197 1789 2245 vel
1832 2199 1973 2253 Anni,
2013 2197 2085 2245 vel
2122 2198 2331 2254 Saecula;
2373 2202 2459 2246 tria

453 2265 503 2311 δε
541 2264 712 2329 septem
751 2264 853 2312 sunt
888 2264 1052 2322 sanffta,
1097 2265 1191 2312 duo
1230 2277 1308 2312 aut
1339 2264 1430 2322 sex,
1474 2281 1580 2329 quae
1612 2263 1895 2329 praecedunt,
1948 2280 2039 2312 non
2074 2262 2232 2328 sandia,
2277 2263 2350 2312 sed
2388 2282 2456 2313 re·

451 2329 646 2393 speetive
683 2331 928 2395 prophana,
969 2343 1022 2378 ut
1050 2330 1274 2378 ostensum
1315 2332 1456 2394 prius,
1490 2348 1548 2380 n:
1577 2347 1684 2395 720.
1727 2332 1810 2378 tria
1849 2330 1899 2377 δε
1936 2329 2104 2394 septem
2130 2333 2323 2396 quoque
2355 2330 2459 2380 sunt

450 2396 714 2445 sacrosan&a
771 2410 1020 2460 utrumque
1055 2413 1110 2444 ex
1148 2396 1292 2454 causa,
1330 2399 1437 2461 quia
1471 2394 1791 2461 praedicantur“
1809 2397 1867 2443 de
1904 2397 2070 2444 ultimo
2097 2395 2291 2461 judicio,
2326 2399 2452 2462 quod

449 2476 692 2519 venturuzn
765 2466 878 2511 ertio
901 2464 973 2511 vel
998 2465 1206 2527 Septimo
1243 2465 1350 2520 die;
1400 2464 1638 2511 Ultimum
1664 2464 1904 2525 Judicium
1944 2464 2191 2527 unicuique
2230 2464 2309 2521 est,
2347 2480 2455 2514 cum

449 2530 681 2578 Dominus
705 2532 846 2586 venit,
881 2542 975 2579 tam
999 2532 1044 2578 in
1069 2532 1325 2587 communi,
1360 2535 1500 2594 quam
1525 2531 1572 2578 in
1602 2530 1891 2594 particulari·,
1929 2546 2094 2593 nempe
2128 2530 2347 2577 ultimum
2375 2528 2454 2594 ju-
2505 2582 2507 2584 ,

451 2596 625 2644 dicium
650 2596 736 2644 fuit
760 2613 868 2644 cum
892 2597 1123 2652 Dominus
1147 2598 1273 2643 venit
1309 2599 1355 2643 in
1381 2596 1645 2652 mundum3
1681 2597 1902 2644 ultimum
1933 2594 2163 2660 judicium
2199 2611 2308 2643 cum
2341 2612 2449 2643 ven·
2494 2654 2498 2657 Δ

447 2674 574 2710 turus
599 2665 645 2712 in
667 2663 859 2727 gloriam
879 2686 892 2720 3
929 2664 1146 2711 ultimum
1164 2661 1396 2727 judicium
1421 2680 1531 2710 cum
1559 2663 1616 2711 ad
1640 2663 1875 2710 hominem
1896 2677 2218 2726 quemcunque
2241 2663 2287 2708 in
2313 2664 2458 2724 parti·-

449 2730 587 2777 culari
606 2753 624 2786 ·‚
657 2731 877 2777 ultimum
899 2727 1129 2794 judicium
1154 2746 1337 2794 quoque
1360 2730 1422 2778 est
1446 2731 1690 2793 unicuique
1721 2729 2091 2782 cumrmoriturq.
2127 2727 2343 2774 ultimum
2369 2728 2457 2777 hoc

440 2793 671 2858 judicium
695 2796 759 2843 est
782 2797 876 2844 dies
899 2799 1058 2845 tertius
1100 2798 1149 2844 δε
1190 2797 1284 2843 dies
1325 2796 1558 2860 septimus,
1594 2798 1675 2859 qui
1715 2788 1887 2842 sanstus
1920 2793 1983 2840 est
2007 2795 2057 2839 iis
2087 2793 2167 2855 qui
2192 2792 2303 2841 bene
2329 2795 2451 2842 vixe-

448 2874 568 2917 runt,
605 2875 649 2908 at
671 2879 761 2909 non
788 2862 957 2916 sandius
982 2865 1033 2910 iis
1056 2864 1136 2927 qui
1161 2863 1277 2911 male
1299 2864 1515 2910 vixerunt
1531 2884 1549 2926 f,
1584 2877 1721 2924 quare
1744 2859 1835 2907 tam
1862 2860 1918 2905 de
1943 2860 1993 2905 iis
2016 2859 2095 2922 qui
2111 2858 2374 2922 judicantur
2395 2861 2455 2908 ad

446 2939 643 2974 mortem
679 2929 953 2991 praedicatur
992 2930 1084 2976 dies
1125 2931 1280 2976 tertius
1314 2929 1363 2975 &c
1403 2927 1634 2991 septimus,
1675 2941 1814 2989 quarn
1836 2925 1893 2971 de
1917 2927 1970 2971 iis
2000 2923 2358 2988 q'uijudieantur
2397 2927 2453 2974 ad

444 2995 604 3050 vitam,
642 2995 745 3041 inde
771 2998 946 3043 numeri
983 2996 1047 3042 illi
1072 2995 1325 3058 significant
1348 3010 1440 3040 non
1473 2993 1672 3040 sanetum
1697 2994 1749 3038 iis
1772 2992 1854 3054 qui
1876 2989 2138 3054 judicantur
2155 2992 2211 3039 ad
2237 3006 2452 3050 mortem,

443 3072 489 3106 at
519 3059 724 3107 sanctum
747 3061 799 3106 iis
827 3063 907 3123 qui
941 3059 1207 3122 judicantur
1245 3060 1301 3106 ad
1325 3060 1501 3107 vitam:
1528 3060 1655 3106 Duo
1688 3071 1765 3104 aut
1796 3057 1902 3113 Sex,
1956 3059 2374 3122 quaeipraecedunt,
2411 3059 2453 3106 se

439 3126 605 3174 habent
630 3125 895 3189 respective,
933 3128 981 3173 δε
1003 3127 1255 3189 significant
1277 3127 1321 3171 in
1346 3141 1507 3187 genere
1531 3140 1719 3172 omnem
1744 3124 1875 3170 illum
1911 3123 2075 3171 statum
2097 3127 2179 3188 qui
2203 3125 2450 3188 praecedst,

442 3193 540 3240 haec
567 3193 834 3256 significatio
868 3190 933 3239 est
968 3206 1265 3240 numerorum
1292 3192 1404 3238 Duo
1427 3191 1477 3238 &
1502 3191 1605 3247 Sex,
1641 3192 1691 3238 δε
1715 3189 1757 3237 se
1781 3190 1947 3238 habent
1971 3190 2194 3255 applicate
2217 3190 2273 3237 ad
2302 3192 2450 3253 quod-

446 3276 643 3324 cumque
671 3255 944 3323 subjeelum,
980 3259 1029 3308 ὅτ
1054 3259 1111 3307 ad
1134 3272 1458 3323 quamcunque
1483 3274 1579 3306 rem
1604 3273 1711 3322 quae
1741 3256 1806 3306 est
1839 3255 2105 3322 subjeetum,
2141 3256 2198 3305 de
2219 3271 2309 3370 qua
2331 3273 2450 3320 prae-

2252 3337 2449 3374 icantur:
