2788 3736
374 306 508 381 172
942 274 1922 356 GEN‘Es'zsn

449 427 561 491 61‘9.
596 423 720 473 ¹Vers
728 442 738 471 :
782 439 800 470 1
816 438 853 468 1.
895 421 959 468 Et
983 430 1187 485 corrupta
1205 420 1303 485 fuit
1328 431 1447 469 terra
1470 436 1612 471 coram
1636 420 1752 479 Deo,
1781 415 1838 472 e?
1859 422 2033 487 inpleta
2054 421 2154 488 suit
2176 436 2297 476 terra
2320 430 2393 478 vi-

377 494 568 542 olentia:
607 506 685 555 per
717 502 882 537 terram
907 488 1193 552 fignificat-ur
1212 504 1327 553 gens
1352 488 1442 547 illa,
1476 487 1536 537 de
1558 505 1649 554 qua
1670 489 1830 555 prius;
1863 503 1972 554 quae
1993 495 2207 559 corrupta
2229 495 2401 543 dicitur

385 576 441 607 ex
458 561 575 610 diris
597 554 947 621 persuasionibus
968 577 983 612 ;
1015 556 1069 605 &
1093 555 1281 620 impleta
1302 556 1521 604 violentia
1544 571 1602 604 ex
1623 553 1756 604 faedis
1773 555 2127 621 cupiditatibus:
2174 561 2302 611 Deus
2320 563 2394 611 hic

382 629 437 675 δε
457 628 508 673 in
528 622 812 689 sequentibus
834 620 967 686 hujus
989 622 1148 688 capitis
1173 623 1358 680 dicitur,
1393 623 1502 687 quia
1524 622 1648 671 nulla
1666 638 1793 671 nunc
1810 622 2022 672 Ecclesia.
2202 637 2217 661 -’

454 693 568 741 620.
606 691 753 754 Qod
777 706 858 756 per
875 695 1044 738 terram
1068 689 1345 754 significetur
1376 693 1494 754 gens
1518 690 1609 748 illa,
1643 689 1703 751 de
1725 695 1817 754 qua
1839 688 1993 756 prius,
2018 691 2189 742 constat
2211 709 2270 742 ex
2294 694 2399 754 illis,

383 775 493 824 quae
520 759 576 806 de
596 757 921 823 significatione
946 769 1078 806 terrae
1098 759 1149 805 δι’
1173 757 1303 805 humi
1327 756 1495 804 ostensa
1516 756 1642 805 sunt:
1675 757 1820 805 Terra
1843 756 1906 804 est
1928 773 2039 814 vox,
2074 774 2181 822 quae
2217 760 2264 808 in
2282 757 2398 809 Ver·

388 827 450 874 bo
473 824 707 890 saepiffime
730 825 1009 882 nominatur,
1045 824 1095 873 &
1125 840 1207 888 per
1229 823 1354 870 illam
1378 822 1656 886 significatur
1677 835 1793 871 terra
1830 823 1909 876 ubi
1945 840 2053 872 vera
2077 822 2276 874 Ecclesia
2305 828 2404 875 Do-

387 894 523 950 mini,
559 892 672 941 sicut
694 905 813 941 'tem-a
829 892 1008 940 Canaan
1027 914 1044 947 3
1077 902 1190 938 terra
1206 905 1400 954 quoque,
1415 889 1496 936 ubi
1521 905 1613 938 non
1637 889 1854 947 Ecclesia,
1889 902 1942 938 ut
1965 903 2082 938 terra
2103 893 2318 958 AEgypti,
2351 894 2412 943 &-

387 961 616 1024 gentium,
653 960 714 1008 ita
736 975 822 1024 pro
845 955 980 1023 gente
1001 973 1107 1022 quae
1131 956 1194 1004 ibi
1218 956 1419 1014 habitat,
1456 956 1506 1004 ὅτ
1529 957 1635 1021 quia
1673 972 1759 1021 pro
1801 970 1954 1020 gente,
1989 959 2126 1006 etiam
2165 976 2251 1024 pro
2287 976 2404 1009 uno-

388 1028 554 1091 quovis
579 1026 672 1084 tali,
702 1027 786 1091 qui
813 1026 903 1073 ibi:
943 1038 1058 1073 terra
1081 1024 1248 1072 dicitur
1270 1039 1327 1072 ex
1351 1025 1530 1072 Amore
1553 1023 1750 1080 Caelesti,
1787 1036 1840 1070 ut
1862 1024 2009 1072 Terra
2023 1024 2234 1083 Canaan;
2270 1039 2402 1075 ter-rae

393 1095 610 1157 gentium
639 1109 699 1142 ex
721 1092 952 1142 amoribus
978 1091 1178 1155 spurcis·,
1213 1090 1289 1138 sed
1311 1090 1482 1138 humus
1520 1105 1578 1138 ex
1618 1089 1727 1148 fide,
1762 1105 1870 1154 quae
1907 1089 2226 1150 inseminatum
2279 1109 2401 1151 nam,

392 1159 713 1218 utoste-nsum,
751 1172 866 1208 terra
887 1158 950 1206 est
972 1158 1207 1205 continens
1230 1156 1379 1214 humi,
1411 1157 1465 1204 ὅτ
1490 1156 1657 1204 humus
1694 1155 1758 1204 est
1797 1156 2031 1204 continens
2068 1160 2183 1222 agri,
2220 1160 2334 1208 sicut
2356 1178 2402 1209 a·
2420 1157 2439 1161 ”

392 1242 496 1275 mor
518 1226 581 1274 est
603 1227 838 1275 continens
863 1225 987 1282 fidei,
1011 1225 1062 1273 &
1088 1224 1199 1272 fides
1223 1223 1287 1272 est
1308 1225 1544 1273 continens
1575 1224 1895 1288 cognitionum
1922 1223 2046 1282 fidei,
2082 1241 2188 1288 quae
2226 1226 2404 1275 insemi-

389 1305 582 1345 nantur:
620 1294 692 1342 hic
718 1305 831 1341 terra
855 1291 1047 1340 sumitur
1069 1307 1155 1356 pro
1179 1303 1331 1355 gente,
1367 1292 1413 1338 in
1437 1306 1527 1356 qua
1547 1307 1685 1339 omne
1708 1291 1874 1339 amoris
1898 1290 2088 1346 coelestis
2112 1293 2161 1341 &
2186 1293 2403 1342 Ecclefiae

390 1361 552 1424 periit3
586 1376 642 1408 ex
667 1358 865 1423 subjefto
885 1358 1085 1408 noscitur
1107 1359 1219 1423 quid
1245 1358 1533 1423 praedicatur.
2330 1372 2334 1375 ·

459 1428 518 1477 62
536 1444 569 1473 ι.
607 1427 755 1493 Qod
779 1439 894 1475 terra
915 1437 1129 1490 corrupta
1151 1425 1329 1473 dicatur
1351 1441 1410 1472 ex
1430 1425 1539 1472 diris
1560 1423 1930 1489 persuasionibus,
1954 1425 2212 1490 &impleta
2228 1426 2402 1475 violen-

386 1492 454 1540 tia
475 1509 531 1541 ex
545 1492 677 1541 faedis
701 1492 1046 1557 cupiditatibuS,
1078 1491 1254 1540 constat
1290 1506 1347 1539 ex
1367 1491 1696 1556 significatione
1727 1493 1854 1539 vocis
1878 1493 2166 1554 Corrismpere,
2203 1495 2252 1542 δε
2276 1495 2402 1543 vocis

387 1560 635 1616 Violentia3
670 1560 717 1608 in
738 1559 895 1608 Verbo
916 1559 1137 1623 nusquam
1160 1574 1251 1606 una
1283 1574 1379 1606 vox
1420 1574 1506 1622 pro
1529 1558 1662 1606 altera
1682 1557 1892 1615 sumitur,
1929 1557 2003 1606 sed
2042 1559 2293 1608 constanter
2332 1562 2407 1609 illa

390 1625 648 1684 adhibetur,
684 1641 790 1691 quae
812 1626 995 1691 proprie
1017 1641 1134 1682 rem,
1169 1625 1227 1673 de
1258 1641 1364 1688 qua,
1400 1626 1632 1689 exprimit,
1684 1625 1735 1673 ὅτ
1773 1625 1964 1689 quidem
2004 1626 2082 1684 ita,
2120 1638 2174 1674 ut
2206 1643 2264 1675 ex
2305 1627 2407 1676 solis

391 1691 604 1750 vocibus,
639 1709 747 1757 quae
770 1693 1054 1749 adhibentur,
1090 1703 1240 1755 pateat
1262 1691 1402 1748 illico,
1436 1692 1548 1755 quid
1581 1692 1631 1738 in
1654 1690 1776 1738 sensu
1810 1693 2020 1748 intern03
2072 1693 2185 1740 ficut
2214 1694 2287 1742 hic
2311 1711 2407 1743 vox

385 1760 701 1823 Corrumpere
722 1761 775 1807 δε
800 1760 1060 1814 Violentia;
1094 1758 1402 1822 Corrumpere
1425 1757 1702 1821 praedicatur
1732 1757 1790 1805 de
1824 1759 1876 1804 iis
1899 1774 2006 1821 quae
2030 1757 2129 1806 sunt
2153 1760 2407 1809 intellectus

390 1842 506 1874 cum
533 1825 769 1883 desolatus,
808 1825 1036 1873 Violentia
1058 1824 1116 1872 de
1142 1825 1194 1872 iis
1216 1840 1323 1889 quae
1346 1824 1450 1872 sunt
1470 1824 1734 1880 voluntatis,
1771 1839 1879 1871 cum
1901 1823 2081 1882 vastata,
2117 1826 2179 1873 ita
2201 1842 2407 1874 corrum-

396 1907 502 1958 pere
526 1893 583 1940 de
605 1891 975 1957 persuasionibus,
1007 1892 1057 1940 δε
1081 1891 1297 1940 violentia
1319 1891 1375 1939 de
1399 1891 1740 1956 cupiditatibus.
1766 1914 1770 1918 ·
2201 1920 2203 1922 -

461 1961 523 2009 62
535 1975 575 2007 20
613 1960 760 2024 Qod
800 1961 1108 2022 Corrumpere
1146 1958 1206 2006 de
1243 1957 1614 2023 persuasionibus,
1644 1956 1821 2006 constat
1855 1957 1977 2022 apud
2009 1958 2202 2015 Esaiam,
2241 1965 2276 1988 ‘·‘
2295 1961 2408 2008 Non

324 2075 328 2078 ,
395 2029 430 2053 “
465 2024 630 2074 facient
664 2026 866 2084 malum,
913 2026 967 2074 ⁷&
1001 2041 1093 2072 non
1128 2025 1407 2087 Corrumpent
1441 2026 1488 2073 in
1523 2037 1625 2073 toto
1659 2032 1815 2072 monte
1853 2026 2091 2072 sanstitatis
2110 2042 2267 2082 meae,
2296 2029 2405 2089 quia

392 2094 435 2121 “
470 2093 601 2157 plena
624 2094 708 2139 erit
725 2103 844 2140 terra
867 2091 1044 2139 scientia
1061 2107 1087 2138 a
1109 2107 1216 2139 cum
1241 2091 1505 2152 Jehovah,''
1540 2107 1620 2139 xi:
1654 2110 1698 2156 9.
1736 2092 1786 2138 ὅτ
1802 2091 2019 2148 similiter,
2045 2093 2173 2153 Cap:
2194 2108 2300 2140 va.
2330 2110 2406 2142 21.

397 2158 479 2207 ubi
502 2158 679 2206 malum
703 2156 844 2207 facere
869 2158 1035 2222 spe&at
1056 2157 1346 2206 voluntatem
1372 2159 1443 2206 seu
1477 2158 1765 2222 cupiditates,
1800 2173 2091 2221 corrumpere
2130 2158 2408 2206 intellefimm

394 2225 473 2274 seu
507 2223 803 2289 persuasiones
833 2224 940 2273 falfi.
1014 2224 1161 2288 Apud
1184 2225 1418 2282 Eundem,
1468 2228 1503 2252 ‘⁶
1528 2224 1617 2271 Vae
1635 2224 1767 2287 genti
1790 2225 2047 2287 peccatrici,
2083 2225 2259 2289 populo
2282 2228 2410 2289 gravi

394 2293 725 2356 “liniqtiitate,
762 2291 919 2339 semini
940 2291 1058 2339 male
1075 2289 1356 2348 facientium,
1388 2290 1493 2338 filiis
1517 2291 1905 2354 Corruptoribus‚”
1936 2308 1980 2339 1:
2015 2308 2063 2351 4.
2099 2292 2177 2348 ibi,
2212 2305 2264 2339 ut
2286 2292 2408 2349 alibi,

395 2371 557 2423 gentes
589 2358 639 2406 ὅτ
674 2357 824 2406 semen
849 2356 1230 2405 malefacientium
1270 2373 1363 2422 pro*
1380 2357 1508 2406 malis
1531 2373 1638 2421 quae
1673 2356 1775 2404 sunt
1798 2355 2045 2404 voluntatis
2083 2356 2156 2405 seu
2189 2359 2414 2422 cupidita-

399 2437 537 2480 tum;
589 2424 786 2488 popu-lus
818 2425 868 2472 ὅτ
902 2425 984 2471 filii
1018 2436 1303 2488 corruptores
1341 2441 1427 2488 pro
1459 2422 1592 2480 falsis,
1628 2439 1734 2487 quae
1774 2422 1876 2471 sunt
1909 2424 2160 2471 intelleems
2201 2425 2275 2472 seu
2308 2442 2410 2489 per-

400 2489 667 2539 suasionum.
742 2491 888 2554 Apud
906 2491 1212 2547 Ezechielem,
1262 2495 1296 2517 “
1321 2492 1535 2553 Corrupta
1557 2507 1602 2538 es
1627 2506 1722 2554 prae
1752 2490 1804 2537 iis
1834 2491 1881 2536 in
1911 2490 2125 2538 omnibus
2158 2493 2242 2538 viis
2267 2493 2413 2549 tuis,’'
2450 2513 2452 2518 ·

398 2574 507 2607 XVI:
530 2574 608 2622 47.
636 2557 697 2605 ibi
711 2573 1004 2620 corrumpere
1028 2558 1085 2604 de
1105 2558 1155 2603 iis
1179 2573 1285 2620 quae
1307 2555 1410 2604 sunt
1428 2557 1693 2613 intelleffltis,
1713 2557 1892 2604 rationis
1916 2557 1988 2603 seu
2014 2558 2316 2620 cogitationis,
2340 2560 2421 2605 via·

397 2625 526 2674 enim
547 2623 611 2671 est
634 2640 727 2671 vox
749 2624 1004 2688 significans
1026 2624 1276 2671 veritatem.
1346 2624 1494 2687 Apud
1516 2624 1764 2680 Davidem,
1802 2629 1836 2650 ‘⁶
1850 2623 2104 2685 Corruptum
2121 2623 2338 2681 fecerunt,
2365 2626 2416 2674 δε

399 2696 440 2720 “
474 2690 773 2739 abominabile
820 2689 1022 2738 fecerunt
1064 2707 1195 2754 opus,
1212 2691 1240 2711 '⁵
1280 2689 1428 2738 Psalm
1446 2708 1474 2753 ε,
1499 2707 1588 2737 xnr
1606 2709 1616 2737 ε
1636 2709 1672 2739 -1
1692 2709 1702 2738 ε
1745 2690 1825 2736 ubi
1866 2702 2133 2753 corruptum
2183 2706 2269 2755 pro
2304 2691 2414 2736 diris

398 2756 769 2823 persuasionibus,
807 2759 856 2804 δε
881 2757 1177 2805 abominabile
1216 2773 1302 2820 pro
1341 2755 1471 2804 faedis
1509 2756 1846 2820 cupiditatibUS,
1882 2771 1988 2818 quae
2025 2758 2071 2803 in
2107 2771 2256 2817 opere,
2294 2755 2363 2802 seu
2390 2773 2415 2803 a

401 2823 570 2886 quibus
593 2840 722 2886 opus.
793 2824 940 2887 Apud
962 2823 1217 2880 Danielem,
1255 2829 1289 2850 ‘⁶
1307 2823 1415 2871 Post
1438 2823 1702 2886 septimanas
1725 2822 1951 2882 sexaginta
1976 2822 2023 2867 δε
2042 2821 2151 2867 duas
2182 2823 2415 2869 excidetur

403 2894 442 2918 “
477 2890 675 2945 Messias,
712 2891 760 2936 &
786 2907 877 2937 non
898 2891 985 2947 Illi,
1025 2892 1072 2937 δε
1094 2891 1328 2937 civitatem
1367 2890 1417 2936 ὅτ
1441 2888 1738 2935 san&uarium
1762 2888 2007 2946 corrumpe-t
2047 2887 2243 2950 populus
2285 2889 2413 2936 ducis
2434 2927 2445 2934 ,

403 2957 602 3012 venturi,
638 2957 687 3001 δε
717 2956 818 3002 finis
859 2955 953 3019 ejus
985 2972 1093 3003 curn
1118 2957 1426 3010 inundatione,
1442 2956 1471 2975 '’
1513 2969 1590 3000 ix:
1625 2954 1717 3000 26:
1766 2952 1968 3003 slmiliter
2004 2969 2291 3018 corrumpere
2332 2972 2417 3019 pro

404 3020 757 3086 persuasionibus
781 3021 891 3077 falfi,
929 3023 985 3069 de
1009 3022 1172 3085 quibus
1196 3022 1469 3085 praedicatur
1493 3018 1741 3070 inundatio.
2197 3020 2202 3025 ”
2338 3024 2341 3027 ’

403 3087 407 3091 ’
474 3089 505 3137 6
512 3105 533 3136 2
543 3106 584 3150 3.
601 3088 746 3152 Qod
766 3101 879 3134 terra
895 3088 1082 3151 impleta
1098 3088 1312 3134 violentia
1329 3087 1505 3132 dicatur
1523 3101 1578 3132 ex
1596 3083 1725 3134 faedis
1741 3084 2075 3148 cupiditatibus,
2097 3088 2145 3133 δε
2163 3104 2301 3151 quam
2320 3106 2415 3136 ma-

404 3154 529 3205 xime
554 3170 610 3202 ex
631 3153 952 3218 cupiditatibus
984 3170 1088 3216 quae
1116 3153 1218 3199 sunt
1239 3153 1405 3199 amoris
1428 3151 1509 3206 sui,
1530 3150 1601 3202 s'eu
1616 3151 1840 3211 insolentis
1855 3150 2007 3208 fastus,
2034 3154 2206 3201 constat
2229 3172 2285 3202 ex
2301 3158 2414 3202 Ver-

405 3221 490 3272 bo:
515 3221 729 3268 violentia
751 3233 957 3276 vocatur,
983 3235 1091 3265 cum
1114 3219 1375 3265 violentiam
1400 3216 1597 3264 inferunt
1622 3217 1792 3274 sanffis,
1831 3218 1903 3265 illa
1927 3220 2267 3282 prophanando,
2303 3222 2421 3272 ficut

404 3287 451 3338 hi
476 3286 814 3347 antediluviani,
840 3287 919 3354 qui
944 3285 1203 3336 doc‘lrinalia
1227 3285 1332 3333 fidei
1359 3282 1670 3338 immerserunt
1695 3285 2016 3355 cupiditatibus
2040 3287 2380 3355 quibuscunque
2396 3312 2416 3344 3

2365 3369 2417 3407 ut
