2788 3736
324 204 410 266 54
858 172 1824 251 GENEts-I&

326 328 361 349 “
397 320 602 369 sociantis
619 322 813 370 sodalitia
829 319 1084 384 sapientis,’'
1103 320 1281 370 Psalm:
1304 334 1440 371 -wm
1460 341 1477 371 :2
1496 342 1545 385 4,
1568 330 1616 388 ’5,
1634 326 1679 374 6.
1705 311 1933 376 ratiocinia
1949 315 2020 375 hie
2032 330 2370 378 vocanturvev

262 409 269 419 ¹
327 404 496 435 nenum
521 388 747 451 serpentis,
770 403 876 449 quae
899 386 1001 433 sunt
1023 386 1143 443 talia,
1168 399 1221 434 ut
1244 404 1299 434 ne
1321 388 1512 451 quidem
1529 391 1711 439 ‘audiant
1733 394 1866 455 quod*
1876 394 2059 457 sapiens,
2086 394 2157 442 se'u
2181 403 2346 443 vocem

324 453 546 516 sapientis,
582 455 684 500 inde
721 451 918 500 formula
946 453 1067 516 apud
1104 455 1329 516 antiqu03,
1368 455 1497 517 quod
1537 454 1709 519 serpens
1736 457 1919 506 obturet
1951 475 2140 508 aurem..
2189 462 2345 525 Apud

333 519 580 575 Amosum,
621 523 654 547 “
689 519 816 566 Sicut
827 518 928 581 quis
944 520 1095 567 veniat
1118 519 1165 565 in
1182 520 1396 576 domum,
1416 522 1673 584 nitaturque
1697 538 1835 573 manu
1859 522 1933 573 sua
1955 523 2082 588 super
2107 527 2342 590 parietem,

329 590 363 612 “
397 585 447 631 &
488 583 692 631 mordeat
728 599 836 632 eum
865 585 1066 647 serpen53
1126 602 1276 633 nonne
1312 585 1508 634 tenebrae
1548 587 1643 635 dies
1680 587 1894 649 Jehoyae‚
1928 590 1998 650 ὅτ,
2017 603 2110 641 non
2137 592 2246 650 lux,
2292 594 2343 650 ὅτ

329 655 363 677 “
398 649 562 712 caligo,
587 650 637 698 &
660 666 754 698 non
778 649 986 714 splendor
1006 651 1096 706 ei,”
1116 667 1178 700 v:
1211 670 1285 715 19,
1314 669 1390 701 20.
1432 653 1601 700 Manus
1626 652 1754 717 super
1777 653 1994 718 Parietem
2012 672 2109 719 ,pro
2140 660 2343 723 potentia

327 716 524 779 propria,
548 716 598 762 ὅτ
623 714 791 763 fiducia
814 713 1095 773 sensualium,
1121 716 1226 764 inde
1250 718 1512 775 occaecatio,
1540 735 1647 782 quae
1683 711 1957 772 describitur.
2042 711 2343 790 ApudssJ'ercs·

333 782 494 838 miam,
543 786 576 808 “
611 781 720 829 Vox
743 782 958 846 AEgypti,
989 782 1112 846 quafi
1134 784 1307 846 strpens
1336 783 1435 840 ibit,
1474 785 1582 847 quia
1604 785 1651 831 in
1684 784 1844 832 robore
1879 785 2025 844 ibunt,
2063 785 2115 834 ὅτ
2148 788 2258 843 euti]
2279 780 2342 836 le-

324 851 362 873 “
397 845 579 894 curibus
599 849 781 894 venient
804 849 862 904 ei,
888 859 1104 911 tanquam
1129 847 1311 896 caesores
1335 849 1592 913 lignorum:
1616 849 1824 899 excidant
1845 850 2020 915 sylvam
2036 850 2145 917 ejus,
2166 852 2343 902 dietum

326 916 362 939 “
406 912 615 973 Jehovae,
652 915 759 976 quia
799 929 892 960 non
931 913 1290 977 investigabitur,
1329 931 1434 962 nam
1473 915 1762 979 multiplicati
1802 915 1903 964 sunt
1934 933 2032 982 prae
2069 917 2254 975 locusta,
2290 920 2339 967 ὅτ

329 983 363 1005 “
398 978 548 1026 nullus
587 980 650 1026 eis
676 995 924 1035 numerum
967 979 1205 1043 pudesaeta
1237 979 1301 1027 est
1339 980 1432 1028 filia
1468 982 1684 1045 AEgypti,
1734 981 1912 1030 dabitur
1945 986 1992 1030 in
2029 993 2217 1031 manum
2256 999 2342 1048 po-

329 1048 362 1071 “
397 1043 495 1108 puli
518 1043 882 1108 septentrionis,'’
908 1061 1059 1093 varz
1086 1063 1165 1102 20,
1193 1062 1272 1103 22,
1299 1063 1324 1095 2
1333 1064 1378 1110 3,
1405 1062 1483 1106 24.
1553 1049 1790 1111 AEgyptus
1821 1064 1907 1112 pro
1929 1050 2344 1099 ratiocinatione-de

327 1110 527 1168 Divinis,
561 1127 618 1159 ex
652 1110 917 1162 sensualibus
956 1112 1006 1159 ὅτ
1038 1109 1291 1159 scientificis
1309 1134 1325 1167 ·,
1370 1113 1601 1161 ratiocinia
1628 1124 1851 1162 vocantur
1882 1120 1978 1163 vox
2018 1116 2252 1179 serpentis,
2278 1116 2338 1163 ,ὅτ

330 1170 574 1224 οςςαὲςειῐὶο
609 1177 711 1224 inde
754 1177 1031 1240 significatur
1075 1190 1154 1241 per
1195 1177 1423 1240 populum
1473 1178 1796 1242 septentrionis
1905 1181 2054 1244 Apud
2098 1181 2336 1237 Hiobum,

328 1246 362 1268 “
396 1243 638 1289 Venenum
677 1243 867 1306 aspidum
908 1241 1053 1304 suget,
1087 1242 1265 1290 occidet
1295 1259 1404 1290 eum
1437 1243 1595 1307 lingua
1631 1247 1811 1307 viperae,
1862 1262 1957 1293 non
1981 1246 2155 1293 videbit
2194 1248 2333 1303 rivos,

327 1312 361 1333 “
395 1308 583 1354 flumina
615 1309 861 1354 fluviorum
901 1307 1045 1354 mellis
1081 1308 1131 1355 ὅτ
1171 1307 1372 1371 butyri,’'
1394 1324 1481 1357 xx:
1513 1310 1587 1366 16,
1620 1326 1691 1374 17.
1749 1311 1878 1357 fluvii
1916 1311 2062 1358 mellis
2102 1312 2152 1359 &
2183 1312 2335 1375 butyri

325 1371 428 1422 sunt
449 1372 688 1436 spiritualia
708 1373 759 1420 ὅτ
783 1371 993 1430 coelestia,
1034 1389 1150 1437 quae·
1164 1389 1256 1421 non
1286 1373 1423 1422 visuri
1454 1375 1818 1431 ratiocinatorem
1863 1377 2100 1434 rat’meinia‘
2113 1385 2335 1434 vocantur

328 1453 555 1486 venenum
579 1437 803 1502 aspidum,
838 1439 888 1486 &
913 1438 1066 1502 lingua
1089 1440 1272 1503 viperae.
1343 1440 1481 1488 Plura
1510 1440 1567 1488 de
1590 1439 1787 1506 serpente
1810 1441 1961 1494 videas
1985 1440 2100 1490 infra
2123 1442 2181 1489 ad
2206 1442 2330 1491 vers:

337 1521 355 1552 1
455 1523 472 1554 1
516 1541 526 1551 .
2134 1557 2136 1560 ,

362 1521 510 1634 4296}
542 1570 812 1634 Antiquitus
828 1570 945 1617 dieti
955 1568 1212 1634 serpente&
1226 1572 1315 1635 qui.
1326 1560 1812 1620 fiderunt'sensualibu's
1834 1559 2095 1636 plusquam
2116 1573 2337 1631 revelatis,

326 1634 462 1682 hodie
485 1635 631 1683 adhuc
655 1634 799 1699 pejus,
837 1635 937 1682 sunt
959 1638 1083 1683 enim
1106 1653 1199 1684 non
1223 1637 1386 1694 solum,
1420 1639 1500 1700 qui
1538 1638 1650 1685 nihil
1687 1637 1893 1695 credunt,
1944 1639 2025 1686 nifi
2065 1639 2247 1687 videant
2284 1641 2335 1687 ὅτ

325 1699 528 1757 sentiant,
563 1700 639 1748 sed
661 1703 795 1748 etiarn
818 1702 899 1764 qui
923 1701 963 1748 se
986 1702 1260 1750 confirmant
1293 1719 1373 1765 per
1395 1702 1636 1750 scientifica
1657 1705 1969 1766 antiquiffirnis
1990 1706 2164 1768 ignota,
2198 1720 2252 1752 ae
2275 1706 2336 1752 ita

325 1765 367 1812 se
392 1766 542 1815 multo
558 1767 703 1830 magis
726 1777 982 1815 occaecant:
1020 1779 1073 1814 ut
1096 1766 1270 1824 sciatur,
1305 1768 1546 1830 quomodo
1567 1768 1615 1824 ii,
1649 1770 1810 1831 quiex
1842 1767 2124 1826 sensualibus,
2161 1769 2334 1817 scienti-

324 1831 422 1878 ficis
446 1831 495 1878 ὅτ
519 1831 837 1895 philosophicis
860 1831 1142 1892 concludunt
1158 1831 1510 1893 deeoelestibus,
1536 1832 1577 1880 se
1601 1845 1845 1891 occaecant,
1870 1845 1924 1890 ut
1945 1833 2336 1898 deinvnihikprorf

325 1894 395 1944 sus
432 1896 613 1945 videant
649 1899 699 1958 ὅτ
739 1897 937 1955 audiant,
971 1897 1147 1961 sintque
1190 1915 1283 1946 non
1322 1897 1468 1957 solum
1507 1897 1729 1961 serpentes
1769 1898 1918 1956 surdi,
1957 1896 2213 1958 secl-etiam,
2248 1899 2334 1948 sere-
2392 1929 2396 1932 ’

323 1975 482 2026 pentes
516 1962 732 2019 volantes,
769 1964 849 2025 qui
881 1962 1030 2011 multo
1067 1963 1422 2026 perniciosiores,
1458 1963 1516 2010 de
1549 1961 1715 2027 quibus
1744 1964 1879 2012 etiam
1903 1965 1951 2011 in
1973 1961 2161 2023 Verbo,
2208 1963 2264 2012 fit
2284 1966 2333 2018 in

327 2027 611 2091 exemplum,
652 2027 766 2091 quid
802 2028 985 2075 credant
1022 2027 1078 2075 de
1103 2028 1300 2092 Spiritu:
1345 2031 1426 2092 qui
1465 2028 1682 2076 Sensualis
1725 2027 1803 2089 est,
1839 2027 1912 2076 seu
1951 2027 2144 2077 senfibus
2190 2030 2335 2078 modo

326 2094 485 2150 credit,
521 2094 557 2140 is
581 2105 714 2156 negat
737 2093 830 2140 dari
855 2092 1077 2156 spiritum,
1111 2095 1218 2157 quia
1239 2109 1346 2142 eum
1377 2110 1469 2142 non
1491 2094 1634 2151 videt,
1671 2093 1823 2142 dicens
1845 2093 1956 2142 nihil
1978 2094 2078 2152 effe,
2113 2096 2219 2158 quia
2240 2112 2333 2144 non

325 2159 499 2215 sentio;
535 2160 662 2222 quod
683 2159 821 2206 video
843 2159 891 2206 ὅτ
916 2173 1071 2222 tango,
1107 2159 1194 2207 hoc
1222 2159 1312 2207 scio
1344 2159 1472 2223 quod
1494 2160 1561 2206 fit.
1633 2160 1739 2224 Qi
1755 2159 2038 2216 Scientificus
2065 2159 2145 2217 est,
2181 2161 2253 2208 seu
2275 2177 2333 2216 ex

328 2224 518 2272 scientiis
546 2224 794 2280 concludit,
831 2227 867 2270 is
891 2225 1018 2281 dicit,
1053 2225 1167 2288 quid
1190 2225 1384 2288 spiritus,
1419 2225 1501 2272 nifi
1523 2223 1638 2284 sorte
1660 2225 1822 2281 halitus
1845 2225 1919 2272 vel
1941 2225 2078 2282 calor,
2099 2225 2195 2282 velt
2208 2226 2331 2279 aliud

326 2290 564 2355 quidpiam
585 2291 711 2354 quod
732 2289 925 2337 scientiae
944 2288 1037 2352 ejus
1054 2290 1134 2347 est,
1152 2306 1247 2354 quo
1262 2292 1470 2346 extinCto,
1482 2288 1700 2347 evanescit
1716 2313 1731 2346 ;
1748 2344 1750 2346 ,
1766 2306 1914 2345 annon
1927 2291 2139 2348 animalia
2147 2307 2332 2356 quoque

327 2356 491 2403 habent
513 2371 692 2418 corpus,
728 2354 887 2412 sensus,
925 2355 1146 2419 analogon
1180 2357 1387 2414 rationis„
1413 2357 1464 2406 ὅτ
1489 2353 1573 2413 ,illa
1601 2355 1760 2411 dicunt
1782 2357 2016 2414 moritura,
2041 2357 2113 2404 -ὅτ-
2132 2357 2333 2412 hominis

327 2419 533 2485 spiritum
571 2421 832 2477 victurum3
881 2422 942 2468 ita
963 2434 1130 2484 negant
1153 2422 1247 2470 dari
1270 2421 1490 2484 spiritum.
1558 2421 1854 2485 Philosophi,
1884 2422 1965 2486 qui
2007 2423 2197 2478 caeteris„
2223 2439 2330 2474 acue-

327 2489 463 2534 tiores
485 2486 648 2534 volunt
671 2487 769 2542 effe,
805 2483 863 2533 de
887 2485 1040 2549 spiritu
1063 2503 1145 2550 per
1165 2489 1382 2535 terminos
1394 2488 1668 2552 ⁴loquuntur,
1693 2503 1808 2550 quos
1831 2488 1914 2551 ipfi
1935 2503 2028 2536 non
2044 2486 2210 2545 sciunt,
2225 2489 2333 2551 quia

327 2549 385 2599 de
406 2553 458 2598 iis
481 2551 674 2615 litigant,
710 2552 1143 2599 contendentes'non
1165 2552 1479 2616 applicabilem
1502 2553 1585 2601 effe
1606 2554 1787 2600 unicam
1809 2568 1993 2610 vocem,
2027 2569 2134 2617 quae
2155 2553 2331 2616 aliquid.
2396 2579 2398 2581 v

326 2634 384 2665 ex
406 2619 636 2674 materiali,
654 2618 868 2681 organico
885 2630 959 2665 aut
981 2616 1162 2666 extenso
1184 2618 1335 2674 traliit,
1371 2619 1432 2666 ita
1454 2617 1709 2667 subducunt
1731 2634 1838 2666 eum
1861 2617 1948 2666 suis
1970 2618 2105 2674 ideis,
2121 2619 2183 2667 fic
2205 2630 2257 2666 ut
2271 2619 2328 2671 iis

327 2682 571 2741 evanescat,
607 2683 775 2746 fiatque
798 2682 920 2729 nihil.
991 2684 1192 2743 Saniores
1227 2696 1380 2732 autem
1401 2684 1540 2747 usque
1564 2684 1722 2732 dicunt
1759 2685 1841 2731 esse
1861 2684 2225 2746 Cogitationem,
2239 2682 2327 2736 v‚st-:d

327 2765 435 2795 cum
460 2748 518 2795 de
533 2749 803 2811 cogitatione
825 2749 1157 2806 ratiocinantur,
1174 2749 1374 2806 tandem,
1398 2750 1504 2813 quia
1517 2748 1714 2813 separant
1734 2749 1858 2802 illam
1874 2746 2195 2807 asubstantiali,
2214 2759 2325 2811 con·
2391 2768 2395 2770 ·

326 2814 535 2870 cludunt,
570 2814 695 2876 quod
719 2815 947 2861 evanitura
968 2814 1038 2872 fit,
1074 2830 1183 2862 cum
1206 2830 1370 2879 corpus
1390 2813 1616 2878 exspirat.'
1645 2815 1713 2860 Ita
1733 2816 1908 2870 omnes,
1941 2815 2023 2876 qui
2044 2827 2101 2866 ex
2122 2812 2326 2873 sensuali-

327 2878 428 2933 bus,
464 2878 711 2939 scientificis
733 2880 783 2926 ὅτ
806 2879 1121 2943 philosophicis
1144 2880 1478 2935 ratiocinantur,
1519 2889 1686 2941 negant
1700 2878 1827 2941 quod
1848 2878 1905 2926 fit
1919 2878 2111 2940 spiritus,
2146 2880 2196 2926 ὅτ
2213 2895 2321 2926 cum

326 2955 492 3007 negant
507 2944 633 3007 quod
655 2944 724 3000 sit,
749 2945 859 2991 nihil
882 2944 1070 3007 usquam
1092 2945 1297 3000 credunt,
1332 2944 1445 3006 quid
1468 2943 1525 2990 de
1547 2942 1717 3006 spiritu,
1753 2943 1803 2990 ὅτ
1827 2943 1884 2991 de
1905 2942 2218 3006 spiritualibus,
2252 2945 2321 2991 di-

324 3010 455 3057 citur.
525 3010 594 3056 At
616 3025 741 3064 vero,
776 3009 809 3055 fi
831 3011 1160 3073 interrogantur
1180 3009 1403 3072 simplices
1439 3008 1591 3066 corde,
1617 3009 1776 3056 dicunt
1815 3010 1863 3065 ii,
1897 3009 2025 3072 quod
2047 3008 2184 3056 sciant
2205 3010 2327 3067 dari-,—

323 3075 431 3136 quia
451 3075 679 3124 Dominus
700 3075 814 3121 dixit
830 3073 872 3121 se
892 3076 1090 3122 viCturos
1113 3074 1214 3138 post
1229 3085 1426 3138 mortem
1437 3096 1453 3132 3
1488 3075 1520 3122 ii
1535 3090 1629 3125 non
1645 3074 1916 3136 extinguunt
1936 3073 2068 3126 suum
2090 3075 2330 3132 rationales·

326 3138 400 3192 sed
414 3141 567 3193 vivere
589 3138 758 3198 faciunt
777 3155 857 3203 per
878 3140 1087 3189 Verbum
1108 3140 1314 3191 Domini.

2213 3212 2320 3270 197.
