2788 3736
400 290 540 356 474
896 249 1871 324 GENEarI'S.

399 409 476 449 e'os
500 398 697 449 Ecclffia
732 394 1120 460 Repraesentativa
1159 393 1478 451 institueretur,
1534 392 1586 442 &
1615 393 1722 458 quia
1742 393 1976 443 Dominus
2011 394 2073 445 ibi
2111 397 2397 456 nasceretur3

400 467 474 515 sed
499 469 543 513 in
567 464 688 512 sensu
713 465 890 510 interno
909 462 1020 510 nihil
1043 461 1164 509 aliud
1181 478 1261 525 per
1284 461 1434 508 semen
1459 460 1735 524 significatur
1759 477 1898 524 quarn
1917 462 2029 509 fides
2052 466 2097 510 in
2113 466 2398 523 Dominum,

399 535 450 580 ὅτ
474 549 553 596 per
575 544 739 579 terram
765 528 877 576 nihil
904 529 1025 576 aliud
1047 543 1186 592 quam
1204 526 1408 575 coelestia
1429 549 1442 582 ;
1468 527 1517 575 ὅτ
1537 527 1625 583 hic,
1645 526 1772 591 quod
1789 527 1987 575 coelestia
2001 528 2086 576 illis
2105 530 2398 587 donarentur,

399 602 480 662 qui
506 598 646 644 fidem
670 598 716 643 in
744 595 900 658 Ipsum
923 594 1164 648 haberent:
1204 594 1317 658 quid
1353 609 1434 658 per
1457 593 1616 641 habere
1647 594 1789 642 fidem
1829 594 1876 642 in
1901 596 2161 658 Dominum
2187 598 2400 661 intelligi-

394 678 492 722 :tur,
529 665 653 728 prius
676 662 906 710 multoties
932 661 1122 709 dictum.
1460 720 1465 724 Δ
1836 661 1841 663 ’

478 735 614 791 1448.
651 730 716 777 Et
739 728 993 777 aedificabat
1016 727 1078 775 ibi
1104 726 1236 774 altare
1258 726 1468 788 Jehovae‚
1507 727 1607 791 Qi
1639 726 1759 776 visus
1781 724 1864 785 illi,
1902 728 2027 790 quod
2053 727 2273 791 significet
2314 730 2406 792 pri-

398 813 539 845 smum
577 795 756 844 cultum
782 796 924 843 Patris
955 792 1022 841 sui
1059 809 1116 854 ex
1154 793 1325 842 coelesti
1349 795 1531 850 amoris,
1566 794 1740 842 constat
1777 810 1835 842 ex
1865 794 2190 859 significatione
2214 796 2405 854 Altaris,

396 863 531 928 ⁴quod
556 864 609 910 sit
631 861 877 927 principaie
899 859 1316 924 repraesentativum
1339 860 1490 908 cultus
1526 875 1556 906 n
1577 878 1588 909 :
1616 878 1675 927 9²
1693 880 1726 909 ι.
2045 873 2048 876 ’

473 944 620 994 1449.
657 927 795 977 Vers:
837 931 878 976 8.
914 929 979 975 Et
1001 926 1219 987 transtulit
1241 926 1336 974 inde
1367 928 1412 973 in
1433 936 1609 975 montem
1636 928 1692 976 ab
1727 929 1885 976 oriente
1900 928 2099 984 Betheli;
2135 927 2191 978 δέ
2228 929 2409 977 tetendit

409 999 666 1051 tentorium3
702 993 854 1047 Bethel
872 1011 902 1041 a
924 995 1053 1050 mari,
1089 993 1144 1043 &
1172 994 1230 1041 Ai
1258 992 1314 1041 ab
1349 994 1510 1040 oriente·
1523 1015 1540 1048 ·‚
1575 993 1631 1043 ἐξ
1654 994 1885 1053 aedificavit
1931 995 1993 1043 ibi
2032 995 2172 1042 altare
2206 996 2407 1059 Jehovae,

410 1063 467 1113 {9³
495 1061 722 1110 invocavit
746 1076 887 1108 nomen
908 1060 1104 1123 Jehovae.
1174 1058 1429 1107 Transtulit
1466 1059 1571 1107 inde
1607 1060 1654 1106 in
1696 1072 1902 1108 montem
1939 1060 1995 1107 ab
2024 1062 2193 1109 oriente
2218 1061 2408 1118 Betheli,

410 1129 632 1195 fignificat
653 1139 867 1191 quartum
891 1126 1056 1172 statum
1079 1126 1273 1173 Domini
1295 1140 1405 1172 cum
1428 1139 1558 1187 puer,
1594 1141 1758 1190 nempe
1782 1128 2133 1190 progressionem
2158 1129 2412 1175 coelestium

412 1196 595 1252 amoris,
631 1209 737 1257 quae
761 1192 862 1239 sunt
899 1190 1126 1238 transferri
1164 1193 1211 1238 in
1237 1202 1442 1237 montem
1476 1189 1534 1236 ab
1565 1193 1735 1238 oriente
1759 1192 1961 1241 Betheli:
1998 1195 2047 1240 δε
2088 1194 2280 1241 tetendit
2314 1206 2411 1241 ten-

413 1265 600 1318 tiorum,
638 1259 857 1322 fignificat
882 1256 1026 1304 sancta
1047 1257 1184 1305 fidei:
1223 1258 1270 1304 &
1297 1253 1453 1304 Bethel
1490 1270 1515 1301 a
1539 1257 1668 1314 mari,
1703 1258 1752 1304 δε
1790 1258 1854 1304 Ai
1878 1257 1933 1304 ab
1961 1259 2146 1316 oriente,
2193 1259 2415 1323 significat

402 1327 541 1391 -quod
564 1326 710 1374 adhuc
749 1324 887 1372 status
910 1322 999 1386 Ipsi
1019 1322 1266 1371 obscurus:
1303 1324 1355 1370 δε
1385 1320 1632 1369 aedificavit
1670 1322 1805 1370 altare
1827 1323 2034 1384 Jehovae,
2071 1323 2292 1387 significat
2317 1325 2415 1372 cul-

411 1406 518 1442 tum
543 1393 688 1442 Patris
711 1390 775 1437 sui
796 1407 851 1438 ex
875 1389 955 1438 illo
976 1389 1091 1437 statu
1115 1401 1382 1439 externum:
1421 1387 1472 1434 &
1495 1389 1727 1437 invocavit
1753 1404 1921 1438 nomen
1945 1389 2154 1451 jehovae,
2194 1391 2415 1454 fignificat

405 1461 595 1509 cultum
619 1457 762 1507 Patris
785 1455 849 1503 sui
871 1470 926 1503 ex
949 1455 1029 1503 illo
1050 1454 1165 1503 statu
1188 1455 1432 1502 internum.
2308 1462 2313 1467 '

493 1542 632 1588 1450.
669 1521 921 1571 Transtulit
954 1522 1060 1571 inde
1084 1524 1131 1570 in
1156 1533 1361 1569 montem
1392 1521 1450 1568 ab
1469 1521 1642 1569 oriente
1659 1521 1850 1578 Betheli,
1883 1522 2011 1586 quod
2038 1522 2259 1587 significet
2285 1539 2420 1587 quar-

411 1605 520 1641 tum
545 1593 709 1640 statum
732 1589 927 1637 Domini
965 1604 1074 1636 cum
1113 1603 1243 1652 puer,
1278 1587 1476 1636 constare
1506 1588 1655 1652 potest
1677 1587 1733 1635 ab
1758 1587 1844 1634 illis
1866 1604 1973 1651 quae
1996 1590 2276 1654 praecedunt‚
2315 1602 2418 1638 tum

418 1660 474 1707 ab
514 1658 599 1706 illis
622 1672 728 1721 quae
751 1655 1013 1718 sequuntur,
1048 1655 1108 1701 ita
1138 1657 1273 1701 etiam
1303 1669 1360 1701 ex
1383 1651 1478 1718 ipso
1499 1654 1693 1711 ordine;
1729 1654 1846 1701 ordo
1884 1652 1987 1712 fuit,
2024 1656 2152 1719 quod
2184 1657 2417 1704 Dominus

412 1726 630 1774 omnium
653 1723 857 1786 primum
896 1721 953 1768 ab
989 1718 1176 1768 infantia
1216 1719 1420 1769 imbutus
1456 1718 1603 1767 fuiflet
1625 1720 1881 1768 coelestibus
1921 1723 2117 1779 amoris·,
2153 1721 2349 1770 coelestia
2370 1738 2418 1769 a·

421 1793 561 1839 moris
584 1789 685 1837 sunt
722 1803 850 1836 amor
872 1803 978 1851 erga
999 1787 1244 1849 Jehovam,
1278 1788 1329 1836 &
1352 1802 1483 1835 amor
1510 1802 1616 1850 erga
1638 1787 1920 1850 proximum,
1956 1789 2006 1836 δε
2030 1789 2077 1836 in
2110 1787 2196 1835 iilis
2235 1787 2327 1852 ipsa
2350 1790 2419 1836 in-

421 1857 661 1912 nocentia·‚
696 1871 752 1904 ex
767 1854 856 1903 illis
888 1867 939 1900 ut
953 1854 1008 1901 ab
1047 1853 1246 1917 ipsismet
1280 1854 1485 1902 'fontibus
1508 1857 1621 1901 vitae
1665 1854 1813 1901 fluunt
1835 1855 1990 1902 omnia
2021 1856 2070 1901 ὅτ
2095 1853 2284 1919 lingula,
2320 1853 2422 1903 sunt

421 1925 544 1971 enim
569 1935 729 1971 caetera
751 1921 899 1968 solum
924 1921 1235 1969 derivationes,
1305 1920 1518 1968 Coeiestia
1540 1920 1638 1968 haec
1674 1921 1951 1968 infinuantur
1984 1922 2210 1985 imprimis
2243 1921 2422 1969 homini

424 1992 471 2038 in
496 1989 608 2037 statu
647 1986 743 2052 ejus
764 1986 967 2034 infantiae
990 1986 1132 2050 usque
1168 1987 1225 2035 ad
1264 1988 1521 2052 pueritiam,
1539 1988 1607 2035 ⁷&
1646 1987 1836 2051 quidem
1860 1987 2022 2050 absque
2045 1986 2383 2051 cognitionibus
2402 2009 2421 2044 ·,

425 2056 622 2104 influunt
658 2055 779 2101 enim
821 2069 845 2100 a
864 2053 1089 2110 Domino,
1125 2054 1177 2101 δε
1198 2054 1415 2111 afficiunt,
1452 2066 1694 2117 antequam
1731 2053 1876 2102 homo
1904 2052 2009 2100 sciat
2047 2053 2160 2117 quid
2199 2069 2329 2101 arnor
2368 2056 2422 2100 δι’

426 2121 540 2185 quid
562 2119 757 2177 affefflo,
791 2130 845 2167 ut
867 2118 1063 2167 constare
1087 2119 1231 2184 potest
1254 2136 1280 2167 a
1302 2120 1415 2168 statu
1435 2118 1678 2176 infantum,
1702 2119 1753 2167 &
1775 2119 1879 2176 dein
1904 2135 1929 2165 a
1948 2117 2063 2166 statu
2087 2120 2253 2182 primae
2269 2119 2419 2182 pueri-

426 2189 537 2243 tiae;
573 2187 670 2234 haec
694 2186 818 2251 apud
840 2185 1075 2233 hominem
1095 2186 1195 2233 sunt
1207 2186 1454 2250 Reliquiae,
1489 2186 1548 2232 de
1568 2185 1731 2247 quibus
1747 2184 1999 2248 aliquoties,
2034 2200 2140 2247 quae
2164 2201 2188 2231 a
2211 2186 2425 2233 Domino

427 2254 719 2309 insinuantur,
752 2254 804 2300 &
828 2252 1135 2300 reconduntur
1157 2252 1213 2299 ad
1237 2251 1367 2299 usum
1397 2254 1507 2301 vitae
1528 2248 1626 2314 ejus
1647 2250 1884 2315 sequentis,
1921 2250 1978 2297 de
2000 2250 2174 2314 quibus
2197 2250 2424 2308 videatur,

429 2334 491 2368 n:
528 2320 643 2380 468,
687 2336 800 2382 530,
837 2324 949 2380 560,
993 2319 1104 2380 561,
1142 2319 1256 2375 660,
1289 2319 1401 2367 661.
1472 2318 1703 2366 Dominus
1751 2317 1857 2381 quia
1884 2330 2014 2365 natus
2059 2316 2123 2364 est
2159 2316 2273 2364 ficut
2311 2318 2424 2364 alius

429 2386 587 2442 h0m0,
621 2386 756 2432 etiam
789 2384 1038 2432 secundum
1072 2383 1284 2432 ordinem
1317 2385 1364 2431 in
1388 2383 1586 2432 coelestia
1620 2383 1904 2430 introductus
1926 2383 2007 2440 est,
2042 2383 2092 2430 ssc
2115 2383 2304 2446 quidem
2336 2395 2422 2447 per

430 2451 597 2516 gradus
619 2451 673 2498 ab
696 2448 880 2502 infantia
914 2450 971 2498 'ad
993 2451 1249 2513 pueritiam,
1284 2451 1334 2498 δε
1359 2451 1463 2497 dein
1486 2452 1531 2496 in
1555 2451 1857 2513 cognitiones,
1891 2465 1998 2513 quae
2019 2449 2259 2515 quomodo
2281 2449 2322 2496 se
2345 2450 2425 2497 ha·

431 2519 626 2565 buerunt
647 2518 771 2581 apud
792 2516 962 2581 Ipsum,
995 2518 1043 2563 in
1066 2517 1151 2564 hoc
1174 2515 1302 2563 versu
1326 2515 1604 2574 describitur,
1639 2517 1690 2564 &
1714 2518 1761 2566 in
1785 2515 2068 2581 sequentibus
2084 2514 2426 2579 repraesentatur

432 2600 514 2648 per
537 2582 787 2632 Abrahami
810 2583 1214 2646 peregrinationem
1236 2584 1285 2630 in
1308 2584 1536 2647 AEgypto.
2339 2605 2342 2608 *

506 2668 594 2712 145
606 2667 643 2701 1.
680 2650 827 2712 Quod
849 2647 1073 2696 transferri
1110 2651 1158 2702 in
1191 2661 1397 2697 montem
1437 2650 1493 2697 ab
1538 2649 1708 2697 oriente
1726 2648 1923 2707 Betheli,
1959 2647 2187 2712 significet
2217 2647 2426 2711 progres-

435 2714 605 2763 sionem
628 2716 881 2763 coelestium
912 2718 1097 2773 amoris,
1144 2715 1342 2765 constare
1370 2715 1518 2780 potest
1547 2733 1571 2764 a
1606 2715 1930 2780 significatione
1975 2715 2160 2770 montis,
2209 2715 2336 2777 quod
2367 2714 2426 2763 sit

437 2780 630 2837 coeleste,
657 2794 709 2828 ut
731 2781 954 2829 ostenium
979 2799 1040 2831 n:
1081 2798 1194 2847 795,
1231 2783 1340 2849 796.
1375 2798 1489 2846 aque
1512 2782 1834 2846 significatione
1856 2780 2054 2838 orientis,
2088 2779 2215 2842 quod
2248 2779 2302 2827 sit
2324 2779 2426 2845 Ipse

438 2846 643 2908 Jehovah
678 2847 829 2908 quoad
865 2863 1085 2905 amorem,
1121 2850 1221 2912 Qi
1243 2848 1307 2896 est
1327 2846 1419 2913 ipse
1451 2849 1613 2900 oriens,
1659 2858 1713 2894 ut
1750 2860 1933 2908 quoque
1967 2843 2191 2892 ostensum
2215 2861 2272 2895 n:
2313 2864 2422 2896 101.

437 2915 487 2960 δε
505 2911 610 2957 alibi
629 2932 644 2965 ·‚
679 2923 781 2958 tum
803 2928 828 2957 a
844 2913 1164 2975 significatione
1187 2914 1398 2970 Bethelis,
1429 2913 1558 2976 quod
1580 2912 1634 2960 fit
1652 2912 1861 2974 cognitio
1883 2909 2150 2958 coelestium.
2210 2912 2425 2962 Coelestia

438 2978 715 3024 insinuantur
739 2976 911 3024 homini
936 2991 1027 3025 tam
1053 2979 1215 3042 absque
1238 2978 1593 3041 cognitionibus,
1627 2992 1766 3040 quam
1790 2992 1898 3023 eum
1916 2977 2252 3040 cognitionibus
2272 3001 2286 3034 3
2323 2993 2423 3026 coe·

437 3043 557 3090 lestia
580 3041 741 3106 absque
775 3043 1110 3104 cognitionibus
1141 3044 1198 3090 ab
1219 3043 1404 3090 infantia
1425 3041 1563 3106 usque
1595 3042 1653 3089 ad
1675 3043 1914 3106 pueritiam
1939 3040 2051 3106 ejus,
2087 3055 2141 3090 ut
2166 3059 2277 3091 mox
2293 3044 2424 3108 supra

439 3109 649 3164 dictum5
686 3106 883 3155 coelestia
905 3120 1057 3160 autem
1082 3125 1192 3155 cum
1224 3108 1560 3171 cognitionibus
1583 3124 1608 3155 a
1629 3109 1818 3171 pueritia
1856 3109 1960 3156 dein
1986 3109 2035 3156 in
2073 3109 2276 3157 adultam
2317 3121 2425 3157 aeta-

436 3186 560 3228 term
596 3175 644 3222 δε
670 3175 777 3239 quia
807 3174 1114 3238 progressurus
1144 3175 1375 3224 Dominus
1416 3175 1462 3224 in
1481 3176 1767 3241 cognitiones
1796 3175 2068 3236 coelestium,
2102 3191 2208 3242 quae
2251 3175 2424 3237 fignifi-

2266 3251 2428 3290 cantur
2435 3269 2439 3272 ·
2512 3270 2519 3280 ·
