2788 3736
363 239 496 316 482
904 192 1878 294 GE‘NESJS.

363 375 529 437 quibus
553 372 672 439 apud
696 365 1007 428 Ezechielem,
1047 372 1080 396 “
1101 366 1335 416 Dividetis
1371 379 1536 415 terram
1559 365 1676 416 hanc
1700 367 1832 415 vobis
1864 366 1997 434 juxta
2027 370 2172 420 tribus
2197 371 2388 431 Israelis,

368 445 402 468 “
439 444 487 489 &
512 442 611 497 erit,
639 438 775 504 juxta
797 436 962 485 sortem
987 435 1201 483 dividetis
1223 434 1351 483 illam
1376 434 1688 483 haereditatern
1714 434 1846 482 vobis
1870 437 1920 483 &
1937 440 2172 500 peregrinis
2186 442 2379 502 peregri-

369 513 405 535 “
438 508 638 555 nantibus
661 508 709 563 in
734 504 888 552 medio
904 502 1058 567 vestri,
1085 503 1132 551 &
1152 514 1284 550 erunt
1302 502 1432 549 vobis
1456 502 1571 549 ficut
1586 502 1804 565 indigena
1827 503 1873 550 in
1897 501 2001 550 filiis
2024 503 2208 562 Israelis,
2233 505 2382 553 vobis·

368 579 404 601 ‘⁶
439 589 548 620 cum
574 573 738 621 sortem
756 569 925 636 jacient
949 571 995 618 in
1012 568 1325 617 haereditatem
1349 569 1395 616 in
1421 568 1579 617 medio
1602 568 1809 618 tribuum
1825 567 2010 626 IsraeliS,
2035 571 2085 617 &
2109 572 2211 629 erit,
2234 571 2281 619 in
2305 575 2385 622 tri·

370 644 403 666 “
439 639 500 685 bu
524 655 634 687 cum
658 655 748 703 qua
774 639 1028 702 peregrinus
1057 638 1359 699 peregrinatus
1397 636 1461 683 est
1500 651 1610 683 cum
1648 636 1740 694 illa,
1777 634 1839 683 ibi
1873 635 2038 685 dabitis
2076 635 2387 688 haereditatem

371 710 406 733 “
441 706 579 762 illis,”
604 722 741 753 xrvu
763 725 773 754 :
805 720 884 762 22,
906 722 930 753 2
939 721 982 770 3.
1008 703 1088 751 ubi
1113 703 1170 750 de
1187 703 1329 750 Nova
1346 700 1690 766 Hierosolyma,
1716 702 1788 750 seu
1814 702 1870 750 de
1889 703 2060 768 Regno
2074 703 2286 761 Domini,
2309 721 2388 769 per

371 773 632 837 peregrinos
655 773 987 837 peregrinantes
1012 770 1329 833 intelliguntur
1353 769 1421 816 illi
1444 772 1524 833 qui
1548 770 1783 834 patiuntur
1808 769 1848 817 se
1870 769 2044 828 instrui,
2070 770 2262 835 proinde
2279 786 2390 835 gen-

371 852 437 887 tes
459 861 472 895 3
507 839 634 903 quod
658 855 743 903 pro
768 837 855 886 inis
871 838 951 902 qui
971 836 1268 893 instruuntur,
1294 835 1467 884 constat
1488 854 1546 884 ex
1570 853 1641 894 eo,
1666 836 1793 901 quod
1819 836 2012 894 dicatur,
2045 837 2090 884 in
2115 836 2254 895 tribu,
2281 852 2391 886 curn
2460 842 2466 847 '

372 922 463 969 qua
479 907 788 970 peregrinatus
810 903 889 961 est,
915 903 979 951 ibi
1003 904 1181 951 daretur
1198 903 1462 960 haeredita33
1488 903 1632 951 tribus
1657 920 1741 967 pro
1765 903 1859 951 illis
1875 920 1982 968 quae
2006 903 2108 951 sunt
2131 904 2251 952 fidei.
2302 905 2390 952 Per

372 974 647 1036 peregrinari
674 973 811 1019 etiam
835 971 978 1018 simile
1001 971 1115 1034 quid
1140 969 1418 1034 significatur
1440 985 1491 1017 ac
1515 986 1595 1034 per
1619 971 1843 1033 proficisci
1869 973 1916 1017 &
1940 969 2152 1029 habitare,
2178 986 2260 1035 per
2282 987 2388 1037 pro-

375 1038 512 1086 ficisci
532 1036 642 1090 vitae
666 1037 866 1092 instituta
889 1039 935 1085 &
962 1037 1094 1094 ordo,
1125 1051 1294 1100 perque
1310 1035 1512 1083 habitare
1537 1037 1706 1093 vivere,
1732 1037 1788 1084 de
1811 1037 1976 1100 quibus
1999 1038 2125 1101 prius
2142 1055 2173 1085 n
2195 1056 2204 1086 :
2233 1055 2352 1102 1293
2376 1055 2396 1086 t

374 1122 512 1170 quare
551 1107 688 1153 etiam
729 1118 844 1152 terra
866 1105 1046 1151 Canaan
1085 1103 1251 1159 dicitur
1290 1115 1406 1150 terra
1445 1103 1861 1168 peregrinationum
1895 1103 2162 1161 Abrahami,
2198 1104 2307 1154 Isaci
2340 1106 2391 1153 &

377 1172 556 1233 Jacobi,
583 1173 700 1220 Gen.
736 1186 938 1217 xxvm:
979 1186 1028 1229 4.
1064 1170 1194 1233 Cap:
1222 1184 1405 1215 xxxvrz
1435 1185 1478 1232 7.
1532 1170 1660 1232 Cap:
1687 1175 1892 1217 xxxvuz'
1927 1187 1965 1217 1.
2018 1170 2186 1218 Exod:
2221 1185 2391 1231 vr:·4.

378 1239 429 1287 ὅτ
451 1238 597 1300 Jacob
620 1237 737 1285 dixit
760 1235 816 1283 ad
840 1234 1142 1292 Pharaonem,
1180 1239 1213 1261 “
1237 1234 1352 1282 Dies
1374 1249 1598 1282 annorum
1623 1234 2021 1297 Peregrinationum
2056 1240 2279 1297 mearum,
2315 1254 2401 1302 pa-

381 1311 414 1333 “
451 1321 555 1353 rum
580 1305 629 1352 &
656 1302 762 1351 mali
786 1300 971 1350 fuerunt
1009 1301 1103 1349 dies
1128 1316 1354 1349 annorum
1393 1302 1506 1348 vitae
1531 1316 1664 1357 meae,
1702 1301 1752 1351 &
1791 1316 1886 1350 non
1917 1302 2165 1368 attigerunt
2196 1305 2291 1352 dies
2315 1321 2395 1352 an-

380 1376 416 1400 “
446 1387 619 1419 ‚norum
638 1370 748 1418 vitae
766 1381 949 1433 patrum
965 1383 1194 1425 meorum,
1206 1368 1252 1428 in
1271 1364 1430 1414 diebus
1440 1368 1838 1431 Peregrinationum
1851 1366 2088 1428 illorum‚'’
2106 1369 2223 1418 Gen.
2234 1382 2375 1419 xtvu
2388 1388 2408 1420 t

377 1456 427 1504 9.
463 1437 542 1486 ubi
583 1436 886 1502 peregrinatio
925 1451 1011 1498 pro
1039 1435 1135 1482 vita
1156 1434 1206 1482 &
1225 1432 1616 1481 instructionibus·
1800 1493 1803 1495 ,

453 1504 595 1565 1464.
634 1505 761 1568 Qia
783 1503 936 1567 gravis
958 1499 1102 1550 fames
1125 1501 1176 1547 in
1205 1511 1338 1556 terra,
1373 1499 1503 1563 quod
1539 1499 1768 1563 ‘fignificet
1792 1500 1988 1549 multam
2011 1503 2247 1565 penuriam
2273 1504 2399 1568 apud

380 1570 641 1620 Externum
660 1569 803 1633 Ipsius
828 1569 1108 1624 Hominem,
1150 1564 1324 1615 constat
1346 1582 1372 1613 a
1387 1566 1713 1631 fignificatione
1729 1567 1884 1616 Famis
1908 1566 2039 1631 supra
2061 1568 2108 1615 in
2132 1567 2219 1616 hoc
2243 1570 2404 1633 versu:-

380 1653 553 1695 arcana‚
588 1650 695 1701 quae
734 1635 809 1684 hic
856 1636 1163 1695 continentur,
1198 1631 1329 1697 plura
1373 1631 1494 1690 sunt,
1534 1630 1673 1696 quarn
1714 1644 1767 1681 ut
1805 1633 2002 1682 breviter
2037 1635 2205 1698 poffint
2248 1637 2363 1684 edici
2384 1659 2407 1694 -,-

381 1705 583 1768 potentia
606 1700 865 1750 addiscendi
887 1702 1095 1749 Domino
1119 1697 1207 1748 fuit
1230 1715 1327 1763 prae
1350 1700 1483 1747 omni
1507 1699 1594 1766 alio
1618 1699 1836 1757 homine;
1872 1699 1948 1748 sed
1987 1701 2094 1765 quia
2133 1702 2180 1749 in
2203 1703 2409 1764 coelesti--

383 1770 470 1818 bus
496 1768 798 1824 instruenduS,
831 1771 961 1833 ,prius
982 1783 1124 1832 quarn
1147 1768 1196 1815 in
1220 1766 1542 1831 spiritualibus,
1576 1765 1700 1815 secus
1725 1783 1778 1816 ac
1818 1766 1892 1816 alii
1915 1767 2146 1826 homineS,
2180 1770 2403 1832 praedica7

384 1848 460 1898 tur
484 1837 569 1884 hoc
592 1859 605 1893 ;
642 1853 699 1883 ex
723 1834 850 1884 causa
882 1837 1038 1892 etiarn,
1073 1835 1182 1898 quia
1204 1832 1380 1881 malum
1402 1833 1743 1883 haereditarium
1773 1851 1799 1881 a
1822 1835 1966 1883 matre
1988 1833 2093 1892 fuit,
2128 1836 2175 1883 in
2199 1835 2413 1902 Eirternq

385 1903 530 1967 Ipsius
553 1903 782 1960 Homine,
819 1914 984 1967 contra„v
998 1901 1127 1966 quod
1148 1912 1455 1966 pugnaturus,
1488 1901 1540 1949 &
1556 1901 1686 1966 quod
1708 1901 1936 1955 evicturus
1956 1924 1972 1958 ς
2008 1913 2177 1966 praeter
2192 1902 2409 1952 innume--

388 1985 435 2017 ra
458 1969 554 2017 alia.
963 1973 966 1981 '
1602 1997 1606 2003 ·
1723 2000 1725 2002 -
2007 2004 2010 2009 -

462 2037 601 2098 1465.
636 2033 758 2083 Vers
768 2054 780 2085 ε
814 2051 831 2083 ι
846 2050 885 2084 1.
901 2033 1191 2098 Etfac‘ium,
1215 2044 1266 2082 ut
1288 2050 1382 2083 cum
1404 2036 1769 2100 appropinquavi-t
1791 2034 1853 2083 ad
1881 2034 2128 2084 veniendum
2166 2036 2213 2097 in
2232 2037 2408 2100 AEgyp·

390 2112 497 2158 tum,
533 2101 588 2152 ἔθ’
611 2100 723 2151 dixit
746 2101 807 2150 ad
827 2102 956 2151 Sarai
979 2117 1147 2149 uxorem
1160 2102 1305 2165 suam,
1339 2117 1428 2150 ecce
1474 2103 1625 2167 quaeso,
1660 2104 1764 2150 novi
1785 2101 1897 2166 quod
1908 2102 2092 2163 faemina
2127 2102 2314 2163 pulchra
2353 2120 2411 2150 a·

381 2170 533 2233 spet'iu
557 2179 620 2217 tu.
691 2166 969 2226 Etfac'tum,
1006 2180 1059 2216 ut
1096 2183 1206 2216 cum
1222 2169 1605 2232 appropinquavit
1634 2167 1691 2214 ad
1723 2166 2002 2215 veniendum
2033 2168 2088 2213 in,
2113 2168 2408 2232 AEgyptum,

390 2236 615 2299 fignificat
637 2250 747 2293 cum
771 2235 990 2300 inciperet
1013 2233 1216 2291 discere,
1253 2235 1490 2299 AEgyptus
1529 2233 1609 2290 est,
1645 2244 1705 2281 ut
1737 2232 1933 2291 dicium,
1969 2232 2155 2281 scientia
2173 2236 2402 2298 cognitio-

396 2317 536 2350 num:
573 2303 623 2349 &
647 2302 767 2349 dixit
792 2301 996 2353 ad'Sarai
1021 2315 1211 2349 uxorem
1251 2300 1393 2357 suam,
1428 2299 1650 2364 fignificat
1690 2300 1819 2364 quod
1859 2301 1921 2348 ita
1942 2300 2165 2363 cogitavit
2202 2301 2259 2363 de
2283 2303 2405 2350 veris-

394 2367 562 2431 quibus
585 2366 783 2431 coelestia
798 2364 1039 2429 adjuncta3
1074 2367 1194 2414 Sarai
1210 2382 1330 2414 uxor
1352 2366 1416 2414 est
1436 2381 1599 2415 verum
1622 2365 1891 2430 adjunctum
1916 2366 2182 2427 coelestibus
2198 2384 2303 2431 quae
2328 2366 2409 2422 fii-,-

396 2439 530 2481 erunt
553 2433 676 2497 apud
698 2435 993 2483 Dominum:
1028 2449 1133 2481 ecce
1157 2431 1313 2496 quaeso
1337 2434 1446 2480 novi
1486 2433 1614 2497 quod
1654 2431 1846 2482 foemina
1883 2433 2075 2498 pulchra
2113 2433 2296 2500 aspectu.
2331 2444 2411 2493 tu,

399 2499 620 2564 fignificat
642 2500 769 2563 quod
792 2515 953 2548 verum
978 2516 1003 2547 a
1024 2499 1196 2548 coelesti
1217 2501 1393 2562 origine
1406 2498 1670 2564 jucundum
1700 2499 1768 2548 fit.

473 2567 611 2623 1466.
647 2567 712 2615 Et
728 2564 919 2623 fastum,
943 2578 996 2615 ut
1009 2583 1120 2615 cum
1137 2567 1522 2632 appropinquavit
1538 2567 1595 2614 ad
1613 2567 1890 2615 veniendum
1909 2568 2251 2633 invAEgyptum,
2273 2566 2410 2631 quoct

400 2631 623 2696 significet
644 2649 753 2681 cum
779 2634 996 2697 inciperet
1020 2630 1202 2692 discere,
1239 2632 1412 2693 constat
1434 2650 1492 2681 ex
1509 2633 1834 2698 significatione
1851 2635 2071 2699 AEgypti,
2140 2634 2234 2682 uod
2251 2633 2304 2680 fit
2322 2632 2403 2680 sci-

402 2700 882 2811 }ntiafcognitionum,
919 2699 976 2748 de
1011 2717 1104 2765 qua
1126 2716 1235 2749 cum
1261 2700 1535 2765 praedicatur
1557 2700 1935 2767 appropinquare,
1971 2717 2072 2748 non*
2095 2651 2218 2748 §iud
2257 2699 2410 2764 potest-

425 2779 520 2826 igru
538 2782 667 2813 icare.
1205 2802 1211 2806 -
1756 2824 1760 2827 .

481 2831 618 2893 1467.
657 2833 803 2896 Qod
826 2834 1064 2897 AEgyptus
1103 2833 1157 2882 sit
1181 2834 1360 2882 scientia
1394 2832 1732 2897 cognitionum,
1759 2827 1942 2897 fionstat
1981 2847 2039 2880 ex
2066 2830 2164 2880 -inis
2203 2842 2310 2898 quae
2347 2831 2409 2883 ad?

350 2951 354 2955 ,
408 2894 514 2944 vers
525 2912 535 2941 z
572 2911 724 2958 praec:
761 2898 818 2945 de
843 2900 1056 2962 AEgypto
1080 2900 1198 2948 dicta
1221 2902 1271 2948 δε
1295 2900 1463 2948 ostensa
1487 2899 1605 2946 sunt.
1689 2951 1694 2955 ‚
1744 2932 1761 2940 --
2226 2912 2229 2914 ’

485 2962 622 3021 1468.
662 2962 724 3008 Et
746 2962 863 3010 dixit
885 2965 942 3010 ad
965 2966 1085 3012 Sarai
1106 2982 1309 3014 uxorem.
1322 2966 1464 3021 suam,
1498 2963 1626 3028 quod
1663 2962 1885 3026 fignificet
1923 2964 2061 3027 quod‘
2090 2966 2151 3012 ita
2189 2966 2412 3030 cogitavit

411 3026 468 3075 de
482 3027 599 3074 veris
614 3026 789 3090 ¹quibus
812 3028 1016 3076 coelestia
1031 3029 1255 3093 adjuncta,
1291 3030 1462 3078 constat
1493 3045 1553 3076 ex
1575 3029 1900 3093 significatione
1923 3030 2044 3079 Sarai
2067 3047 2175 3079 curn
2198 3034 2407 3080 nomina-

411 3106 487 3139 tur
509 3109 656 3147 uxor3
692 3107 809 3141 uxor
831 3094 878 3140 in
902 3092 1024 3140 sensu
1049 3097 1224 3144 interno
1245 3096 1390 3143 Verbi
1411 3111 1503 3143 non
1527 3094 1651 3142 aliud
1690 3095 1910 3160 fignificat
1946 3114 2086 3162 quam
2110 3113 2272 3145 verum
2296 3115 2406 3146 con-

402 3157 621 3225 junctum
646 3158 801 3216 bonos
821 3160 926 3207 narn
949 3158 1207 3223 conjunctio
1229 3164 1325 3208 veri
1358 3177 1467 3208 cum
1506 3161 1628 3208 bono
1665 3177 1757 3208 non
1793 3163 1919 3210 aliter
1953 3164 1994 3210 se
2015 3163 2148 3212 habet
2169 3180 2220 3211 ac
2247 3162 2346 3226 conj
2356 3179 2407 3210 u-

409 3227 547 3291 gium
563 3248 580 3283 3
615 3241 723 3287 cum
746 3225 1005 3276 nominatur
1028 3227 1214 3278 maritus
1239 3227 1473 3287 inVerbo,
1510 3239 1620 3277 tunc
1645 3229 1830 3278 maritus
1866 3229 2086 3294 fignificat
2124 3229 2315 3294 bonum,
2359 3232 2410 3279 ὅτ

2297 3309 2416 3355 uxot,
