2788 3736
415 286 552 373 458
806 273 1129 343 ’σε
1222 269 1454 339 ΝΕ
1531 267 1737 340 3τί
1819 267 1902 342 Sq

489 413 674 470 morari
698 439 714 476 3
751 408 861 464 inde
903 428 1078 483 quoque
1096 408 1369 481 ⁴coissabat,
1382 407 1530 480 ficut'
1557 410 1704 464 etiam
1727 410 1790 464 ab
1813 412 1918 465 alia
1941 407 2252 486 experientia,
2292 413 2421 488 quod

489 508 607 542 unus
630 485 822 556 angelus
836 485 971 557 pfft.
984 484 1217 556 myriades
1223 485 1495 555 spirituum
1510 485 1740 537 malorum
1763 484 1973 557 abigere,
2011 500 2122 542 nam
2146 509 2234 543 non
2257 490 2409 562 susti-

489 573 600 615 nent
638 561 887 633 sphaeram
911 559 1086 612 amoris
1109 559 1266 613 mutui
1291 579 1308 610 .·
1331 558 1427 630 fid
1464 559 1602 631 usque
1614 570 1906 632 perceptum,
1952 563 2074 634 quod
2090 563 2290 635 sphaera
2316 564 2414 634 ejus

492 636 603 709 {ffel
634 645 898 707 temperata
932 644 1028 706 per
1076 632 1425 704 consociationes
1461 633 1667 686 aliorum
1685 660 1701 698 3
1721 634 1778 705 st
1817 654 1906 688 non
1945 647 2227 708 temperata,
2266 657 2413 691 omnes

490 708 926 783 diffipatifitiffl'nt.
1003 706 1120 760 Inde
1156 726 1327 779 quoque
1353 718 1512 778 patet,
1552 708 1706 779 qualis
1720 709 1967 781 perceptio
2002 711 2153 764 datur
2177 710 2231 763 in
2254 711 2413 764 altera

490 786 620 848 vita,
658 785 717 837 &²
744 780 955 855 quomodo
977 781 1314 855 consociantur,
1351 782 1410 836 &
1436 782 1647 854 quomodo
1671 782 1979 856 diffociantur
2000 780 2262 858 secundum
2295 795 2417 858 per-

493 860 736 932 ceptiones.
1796 920 1809 931 κ,
2325 894 2332 899 ·

419 936 452 989 '1
465 951 589 1006 399.
630 930 1166 1004 Unusquisquespiritus
1189 931 1649 986 communicationem
1687 931 1834 987 habet
1857 952 1964 987 cum
1987 934 2216 988 interiori
2239 933 2297 987 &
2324 933 2421 987 ‘in-

406 1060 411 1065 .
496 1011 611 1062 timo
634 1007 759 1070 cael0,
798 1005 921 1079 quod
948 1008 990 1059 is
1019 1005 1215 1079 pretfits
1258 1006 1420 1078 nescit,
1458 1006 1667 1079 alioquin
1710 1026 1800 1060 non
1838 1008 2010 1061 vivere
2043 1008 2216 1082 poffl’t3
2267 1008 2421 1080 qualis

497 1082 559 1153 est
599 1082 820 1144 interius,
855 1080 1072 1153 noscitur,
1109 1080 1172 1133 ab
1196 1081 1393 1151 angelis,
1445 1081 1528 1153 qui
1550 1081 1746 1152 suntin
1790 1082 2113 1146 interioribus,
2168 1081 2226 1137 «²19³
2250 1100 2421 1155 quoque

489 1169 585 1230 per
607 1156 705 1208 illos
730 1175 762 1207 a
784 1155 993 1207 Domino
1017 1155 1244 1225 regitur-3
1280 1155 1357 1207 ita
1375 1155 1807 1208 communicationes
1828 1155 1925 1230 ejus
1939 1156 2223 1210 interiorum
2241 1156 2425 1209 dantur

445 1248 447 1251 ·
498 1232 551 1285 in
570 1223 694 1292 caelo,
715 1228 847 1299 sicut
866 1228 1156 1280 exteriorum
1197 1228 1252 1280 in
1277 1226 1445 1280 mundo
1451 1228 1724 1298 spirituum
1745 1250 1763 1280 .·
1802 1240 1895 1299 per
1917 1230 2167 1283 interiores
2213 1248 2417 1283 commu-

499 1303 755 1359 nicationes
800 1300 1065 1374 disponitur
1101 1300 1172 1354 ad
1210 1299 1356 1372 usum,
1403 1299 1475 1354 ad
1509 1320 1644 1374 quem
1649 1301 1850 1371 fertur,
1891 1314 2084 1374 praeter
2108 1304 2230 1376 quod
2239 1304 2377 1374 sciat
2399 1325 2418 1356 .-

497 1380 576 1432 ita
599 1375 830 1450 quoquest
847 1374 987 1429 habet
1013 1394 1117 1429 cum
1141 1375 1336 1438 homine,
1375 1375 1686 1428 communicat
1704 1394 1876 1448 quoque
1909 1376 1952 1429 is
1969 1387 2063 1450 per
2100 1380 2284 1448 angelos
2316 1396 2422 1430 cum

499 1453 625 1515 caelo,
664 1450 785 1524 quod
820 1449 1014 1522 prorsus
1050 1449 1210 1520 nescit,
1251 1468 1363 1501 nam
1412 1449 1620 1522 alioquin
1668 1450 1841 1502 vivere
1897 1469 1987 1503 non
2000 1451 2176 1523 pestem
2219 1470 2325 1524 quae
2343 1452 2426 1505 in'-

485 1528 656 1601 fluunt
681 1521 789 1577 inde
827 1524 880 1575 in
909 1524 1005 1593 ejus
1029 1523 1348 1593 cogitationes,
1382 1526 1507 1595 sunt
1529 1522 1656 1577 modo
1680 1523 1843 1597 ultimi
1863 1523 2052 1595 effeetus
2071 1551 2088 1588 3
2134 1525 2243 1578 inde
2279 1527 2425 1580 omnis

502 1601 598 1672 ejus
616 1599 728 1652 vita
747 1597 822 1669 est,
863 1598 920 1650 &³
957 1597 1067 1650 inde
1090 1616 1238 1650 omnes
1258 1596 1356 1667 elus
1379 1597 1506 1651 vitae
1528 1608 1720 1651 conatus
1743 1608 1997 1668 reguntur.

426 1678 594 1744 '1400.
645 1672 947 1726 Continuatio
971 1670 1027 1724 de
1040 1669 1432 1744 perceptionibus,
1468 1673 1529 1728 ὅ*
1567 1670 1678 1725 inde
1701 1671 1916 1725 oriundis
1918 1671 2151 1745 sphaeris,
2189 1672 2424 1743 videatur

428 1743 432 1747 ’
503 1750 557 1802 in
571 1748 680 1819 fine
712 1745 849 1817 hujus
869 1745 1072 1818 Capitis·

478 1911 2394 2032 ffifflfflffifflfflffifflffifflfflffiffiffifflfflfflffiffi

1080 2123 1567 2187 CAPUT
1673 2123 1818 2186 XII.

434 2292 490 2346 ⁷1.
681 2288 734 2341 T
779 2286 906 2341 dixit
950 2289 1222 2359 Jmtovau
1263 2287 1326 2342 ad
1350 2286 1655 2350 Abramum,
1693 2284 1776 2339 abi
1817 2283 1909 2337 tibi
1934 2302 1962 2337 e
1989 2296 2116 2340 terra
2154 2292 2264 2351 tua,
2303 2287 2356 2340 δε
2398 2305 2430 2341 e

712 2362 964 2415 nativitate
1011 2375 1115 2427 tua,
1151 2364 1204 2416 δε
1227 2380 1259 2415 e
1280 2361 1439 2415 domo
1461 2361 1611 2434 patris
1634 2360 1724 2424 tui,
1762 2360 1825 2413 ad
1844 2371 2043 2426 terram,
2079 2380 2238 2435 quam
2262 2361 2426 2416 videre

438 2436 620 2492 faciam
637 2447 703 2488 te.

422 2547 426 2550 >
516 2528 564 2564 2.
602 2511 671 2564 Et
690 2509 872 2563 faciam
896 2521 944 2562 te
970 2510 1021 2563 in
1037 2521 1241 2583 gentem
1266 2527 1523 2582 magnam,
1561 2510 1615 2563 ὅτ,
1632 2508 1929 2564 benedicam
1952 2508 2060 2576 tibi,
2100 2512 2153 2564 ὅτ.
2178 2524 2425 2583 magnum

439 2585 622 2641 faciam
647 2602 836 2638 nomen
850 2596 1018 2649 tuum,
1058 2586 1112 2638 ὅτ,
1135 2586 1229 2637 eris
1254 2584 1557 2638 Benedifflo.
1988 2652 1991 2654 v

516 2678 565 2730 3.
602 2660 671 2711 Et
693 2658 989 2711 benedicam
1012 2658 1416 2712 benedicentibus
1440 2658 1548 2722 tibi,
1567 2659 1620 2712 δε
1640 2657 1956 2713 maledicenti
1994 2657 2086 2714 tibi
2105 2658 2429 2723 maledicam3

439 2736 492 2786 ἃ
518 2733 869 2786 benedicentur
893 2733 944 2784 in
972 2745 1020 2784 te
1045 2751 1220 2787 omnes
1244 2732 1447 2799 familiae
1470 2731 1634 2786 humi.
2134 2729 2139 2732 “

516 2826 567 2874 4.
605 2809 671 2858 Et
693 2807 779 2858 ivit
797 2807 1006 2870 Abram,
1050 2807 1484 2879 quemadmodum
1509 2807 1747 2878 loquutus
1771 2807 1833 2859 ad
1858 2806 2004 2859 illum
2029 2804 2300 2875 JenovAH
2321 2832 2338 2871 3
2376 2808 2429 2859 δε

441 2880 527 2932 ivit
551 2898 672 2932 cum
715 2879 802 2931 illo
837 2880 974 2932 Loth
998 2901 1009 2932 ε
1054 2883 1107 2934 δε
1149 2882 1345 2934 Abram
1371 2880 1502 2934 filius
1521 2883 1745 2953 quinque
1769 2898 2015 2932 annorum
2052 2881 2104 2933 &
2127 2881 2431 2954 septuaginta

443 2966 707 3014 annorum,
743 2966 867 3004 cum
893 2955 1045 3005 exivit
1070 2973 1098 3005 e
1123 2954 1366 3007 Charane.
1571 3003 1576 3006 ,
1808 3010 1812 3011 ⁷
2071 3015 2074 3018 ⁶

428 3026 439 3030 ⁴
521 3043 569 3096 5.
607 3026 676 3077 Et
690 3025 887 3095 ‘accepit
912 3022 1104 3079 Abram
1148 3019 1280 3079 Sat-ai
1314 3037 1527 3078 uxorem
1553 3025 1725 3088 suam,
1748 3027 1801 3078 &
1826 3025 2055 3079 Lothum
2081 3027 2247 3081 filium
2269 3026 2426 3079 fratris

441 3101 532 3162 sui,
579 3101 633 3152 δε
659 3113 864 3155 omnem
885 3100 1258 3168 acquifitionem
1278 3099 1512 3161 illorum,¹
1535 3117 1692 3170 quam
1716 3101 2089 3172 acquisiverunt,
2131 3104 2182 3154 &c
2207 3102 2430 3154 animam

442 3192 597 3245 quam
621 3172 837 3234 fecerant
861 3171 912 3222 in
932 3170 1148 3234 Charan,
1186 3175 1240 3224 &
1263 3173 1520 3227 exiverunt
1560 3173 1622 3226 ad
1648 3174 1874 3228 eundum
1900 3175 1953 3246 in
1987 3186 2166 3229 terram
2195 3173 2392 3229 Canaan
2410 3200 2428 3237 3

442 3252 494 3302 &
517 3257 754 3301 venerunt
773 3246 824 3298 in
850 3257 1031 3317 terram
1055 3247 1271 3301 Canaan.

2268 3323 2329 3394 §3
2363 3321 2432 3390 Ei
