2788 3736
405 264 542 346 448
978 242 1040 316 G
1135 250 1197 314 E
1289 249 1378 323 N,
1459 252 1520 319 E
1613 253 1675 319 S*
1753 254 1981 323 I'S„

411 391 549 440 terior
573 388 720 437 cultus
745 385 1007 434 obliteratus
1047 383 1118 441 sit,
1153 385 1202 432 &
1227 381 1370 433 factus
1401 400 1524 434 mere
1564 385 1911 436 idololatricusz¹
1932 403 2013 462 per
2047 390 2206 439 Haran
2243 390 2415 456 fignifi-

408 471 539 505 catur
562 455 714 504 cultus
738 452 1046 501 idololatricus
1070 452 1280 508 interior3
1307 467 1386 516 per
1402 451 1697 501 Therachum
1721 466 1895 518 patrem
1918 470 2031 518 ejus,
2065 468 2118 504 ut
2137 459 2282 522 prius,
2317 460 2418 507 cul·

413 536 486 571 tus
520 520 826 571 idololatricus
850 519 895 566 in
920 534 1082 588 genere
1103 540 1117 574 3
1141 533 1223 583 per
1245 530 1408 566 terram
1433 519 1698 576 nativitatis,
1734 520 1869 584 origo
1899 521 2025 570 unde
2051 521 2305 573 derivatus:
2337 541 2418 590 per

420 591 496 639 Ur
526 587 854 636 Chaldaeorum
878 585 1157 649 significatur
1178 584 1329 632 cultus
1350 597 1559 633 externus
1583 587 1631 634 in
1652 602 1748 650 quo
1770 584 1886 634 falsa.
2495 632 2498 634 ,

492 655 629 718 1366.
700 652 845 718 Qod
871 664 1080 700 mortuus
1103 650 1168 698 est
1197 651 1360 699 Haran
1384 649 1515 716 super
1536 649 1672 700 facies
1697 652 1937 710 Therachi,
1978 654 2118 718 patris
2141 653 2222 713 sui,
2241 657 2287 704 in
2306 669 2420 707 terra

406 722 657 780 ,nativitatis
703 719 811 778 suae,
847 719 894 767 in
932 718 1010 767 Ur
1031 717 1375 775 Chaldaeorum,
1420 718 1644 782 significet
1703 719 1832 783 quod
1877 720 2064 768 interior
2109 722 2258 769 cultus
2302 724 2420 773 obli-

415 801 583 836 teratus
624 787 693 844 sit,
729 788 778 834 δε
827 783 968 845 faetus
1017 800 1139 833 mere
1188 784 1511 843 idololatricus,
1559 784 1732 834 constat
1785 802 1813 834 a
1850 786 2175 850 significatione
2207 789 2420 850 Haranis,

418 854 661 911 Therachi,
698 853 960 909 nativitatis,
997 853 1046 900 &
1070 851 1145 899 Ur
1167 850 1511 909 Chaldaeorum,
1546 864 1650 900 tum
1677 852 1805 915 quod
1845 866 2054 902 mortuus
2086 855 2263 903 dicatur
2294 855 2423 923 super

415 921 552 980 facies
574 919 809 968 Therachi-
822 920 960 984 patris
978 917 1069 967 sui:
1105 918 1233 982 quod
1256 918 1407 966 cultus
1428 919 1614 967 interior
1629 918 1889 967 obliteratus
1912 920 1986 968 seu
2009 921 2161 970 nullus
2184 920 2325 971 factus
2353 925 2420 983 sit,

422 990 482 1036 ita
499 988 538 1035 se
565 1003 631 1034 res
649 985 781 1033 habet
797 1007 811 1042 3
844 985 973 1049 quod
989 984 1111 1048 apud
1133 984 1330 1048 aliquam
1352 997 1538 1049 gentem
1563 1002 1655 1033 non
1678 987 1811 1049 possit
1826 987 2027 1035 Ecclesia
2041 1004 2066 1035 e
2082 1004 2207 1036 novo
2222 989 2422 1050 existere,

421 1053 686 1120 priusquam
711 1054 773 1099 ita
793 1051 956 1099 vastata
979 1051 1049 1108 sit,
1085 1063 1139 1098 ut
1155 1050 1266 1098 nihil
1289 1052 1395 1098 mali
1430 1053 1480 1099 &
1502 1049 1597 1098 falsi
1619 1065 1844 1101 remaneat
1868 1055 1915 1100 in
1938 1053 2067 1101 cultu
2099 1052 2194 1118 ejus
2218 1056 2422 1115 intern03

424 1120 647 1186 quamdiu
673 1118 845 1167 malurn
865 1117 929 1165 est
953 1119 998 1165 in
1022 1117 1150 1165 cultu
1175 1119 1367 1174 intern0,
1403 1118 1717 1181 impediuntur
1736 1118 1815 1165 illa
1837 1134 1944 1182 quae
1967 1119 2084 1167 bona
2106 1123 2156 1169 δε
2179 1138 2285 1170 vera
2306 1121 2426 1182 sunt,

411 1204 531 1252 xquae
569 1188 796 1236 internum
836 1181 931 1246 ejus
970 1182 1148 1231 cultum
1189 1182 1496 1239 constituent;
1532 1200 1640 1231 nam
1679 1185 1900 1248 quamdiu
1937 1184 2040 1233 sunt
2071 1187 2191 1234 mala
2219 1189 2269 1236 δε
2305 1188 2424 1248 falsa,

425 1271 519 1302 non
543 1252 723 1317 possunt
746 1251 883 1312 recipi
907 1249 1025 1296 bona
1046 1250 1096 1296 &
1119 1264 1255 1304 vera;
1290 1249 1418 1311 quod
1447 1248 1646 1297 constare
1682 1250 1829 1312 potest
1873 1266 1932 1298 ex
1967 1268 2040 1309 eo,
2075 1253 2221 1316 quod,
2256 1257 2336 1320 qui
2377 1259 2424 1306 in

426 1321 582 1383 aliqua
612 1316 766 1378 haerefi
797 1317 888 1363 nati
929 1314 1044 1372 sunt,
1081 1315 1131 1363 δε
1181 1313 1223 1362 se
1262 1315 1310 1362 in
1343 1313 1461 1363 fallis
1489 1312 1586 1378 ejus
1618 1315 1949 1366 confirmarunt
1980 1319 2040 1365 ita
2085 1331 2140 1366 ut
2173 1320 2423 1387 fibi‚pror-

429 1378 498 1434 sus
515 1382 818 1449 persuaserint,
852 1382 1054 1438 difficile,
1071 1381 1103 1429 fi
1129 1381 1336 1445 usquam,
1361 1383 1528 1446 possint
1539 1381 1729 1446 perduci
1751 1382 1809 1430 ad
1832 1383 2142 1448 recipiendum
2165 1389 2288 1444 vera,
2320 1405 2429 1452 quae

427 1468 587 1501 eorum
612 1449 727 1499 falsis
750 1449 971 1497 contraria
992 1447 1127 1505 sunt,
1165 1448 1292 1495 aliter
1314 1463 1426 1496 vero
1456 1447 1644 1505 GenteS,
1679 1464 1787 1512 quae
1824 1465 1918 1497 non
1941 1449 2086 1498 sciunt
2123 1452 2239 1515 quid
2262 1469 2426 1503 verum

428 1519 553 1575 fidei,
590 1519 638 1565 &
663 1516 802 1581 usque
826 1517 872 1562 in
889 1515 1098 1563 charitate
1120 1515 1287 1562 vivunt
1310 1532 1320 1561 ε
1355 1530 1463 1578 quae
1480 1512 1607 1562 causa
1629 1512 1733 1573 fuit,
1759 1516 1886 1580 quod
1909 1515 2109 1564 Ecclesia
2125 1518 2320 1567 Domini
2334 1538 2426 1569 non

431 1584 644 1651 potuiffet
682 1582 911 1630 restaurari
956 1581 1080 1646 apud
1132 1581 1341 1642 Judaeos,
1400 1580 1475 1628 sed
1513 1580 1646 1645 apud*
1680 1595 1853 1645 gentes,
1911 1597 2018 1646 quae
2063 1583 2206 1630 nullas
2265 1590 2426 1650 cogni—

430 1654 573 1700 tiones
596 1650 701 1698 fidei
725 1649 1004 1697 habuerunt:
1042 1647 1107 1695 illi
1124 1663 1204 1712 per
1220 1646 1324 1695 falsa
1341 1645 1635 1696 obtenebrant
1651 1647 1829 1712 prorsus
1852 1648 2005 1696 lucem
2035 1651 2254 1713 veritatis,
2287 1654 2339 1701 δε
2362 1654 2424 1701 fic

433 1712 743 1780 exstinguunt,
779 1716 853 1764 hae
897 1730 1008 1763 vero
1032 1730 1124 1763 non
1150 1715 1225 1771 ita,
1262 1730 1366 1763 nam
1401 1730 1494 1762 non
1541 1725 1710 1762 norunt
1725 1714 1840 1779 quid
1861 1730 2023 1762 verum
2047 1715 2171 1774 fidei,
2203 1718 2254 1767 δε
2298 1719 2427 1784 quod

432 1801 524 1834 non
547 1795 731 1839 norunt,
767 1798 849 1830 nec
875 1781 1056 1846 possunt
1100 1780 1391 1829 obtenebrare
1435 1782 1486 1830 δε
1525 1781 1821 1846 exstinguere.
1897 1781 2025 1841 Quia
2047 1798 2168 1830 nunc
2193 1799 2313 1831 nova
2336 1787 2428 1835 Ec-

354 1910 357 1912 *
432 1851 559 1899 clesia
572 1849 851 1898 restauranda
871 1860 982 1906 erat,
1019 1848 1101 1906 illi,
1137 1847 1260 1912 apud
1298 1863 1414 1913 quos
1438 1847 1556 1898 bona
1578 1848 1628 1896 δε
1649 1864 1755 1896 vera
1792 1848 1901 1896 fidei
1936 1849 2246 1913 implantanda
2265 1852 2418 1910 essent,

432 1918 609 1968 assumti
634 1915 752 1974 sunt,
788 1915 912 1980 apud
936 1931 1052 1980 quos
1090 1916 1242 1963 omnis
1277 1915 1483 1978 cognitio
1506 1914 1687 1963 boni&
1719 1916 1815 1963 veri
1847 1915 1954 1963 fidei
1985 1915 2216 1964 obliterata
2236 1915 2341 1975 fuit,
2377 1920 2428 1968 δι

433 1984 547 2031 ficut
569 1996 742 2048 gentes,
779 1982 1030 2030 idololatrae
1068 1982 1239 2030 externi
1285 1979 1391 2030 faeti
1417 1981 1554 2030 sunt:
1591 1982 1649 2030 de
1672 1982 1914 2031 Theracho
1949 1982 2000 2030 δε
2043 1982 2253 2030 Abramo
2299 1983 2432 2049 supra

434 2049 660 2103 ostensum
685 2049 764 2106 est,
800 2049 927 2112 quod
951 2048 1058 2096 tales
1094 2047 1280 2106 fuerint,
1316 2065 1481 2113 nempe
1505 2049 1728 2097 coluerint
1749 2049 1858 2097 alios
1892 2049 2016 2105 deOS,
2052 2049 2102 2096 ὅτ
2127 2050 2434 2112 ignoraverint

435 2117 679 2179 Jehovam‚
713 2115 905 2179 proinde
922 2115 1035 2179 quid
1054 2115 1229 2163 bonum
1248 2117 1296 2163 δε
1334 2131 1496 2178 verum
1521 2116 1647 2173 fidei,
1682 2117 1743 2164 ita
1778 2117 1970 2179 aptiores
1991 2114 2096 2162 faeti
2133 2116 2189 2162 ad
2214 2118 2430 2181 recipien-

434 2183 549 2237 dum
576 2181 722 2230 semen
742 2183 959 2240 veritatiS,
995 2196 1133 2245 quam
1164 2181 1238 2229 alii
1268 2184 1314 2229 in
1338 2182 1490 2245 Syria,
1517 2182 1639 2245 apud
1659 2197 1778 2246 quos
1816 2182 1963 2229 adhuc
1988 2180 2246 2229 manserunt
2269 2186 2429 2248 cogni-

433 2252 580 2298 tiones
609 2271 622 2304 ·‚
659 2249 787 2312 quod
811 2248 932 2312 apud
955 2247 1176 2312 quosdam
1193 2247 1451 2304 manserint,
1487 2247 1659 2295 constat
1688 2264 1717 2296 a
1739 2248 1958 2304 Bileamo,
1993 2248 2072 2309 qui
2095 2245 2183 2305 suit
2205 2248 2263 2296 de
2286 2251 2429 2314 Syria,

433 2311 516 2380 qui
550 2332 643 2363 non
678 2315 822 2363 solum
842 2315 1066 2376 Jehovam
1088 2314 1246 2371 coluit,
1282 2314 1356 2362 sed
1376 2315 1511 2364 etiam
1537 2313 1815 2371 sacrificavit,
1850 2315 1900 2361 δε
1923 2313 2057 2361 fimul
2081 2315 2300 2378 propheta
2330 2315 2431 2364 suit.

386 2397 389 2402 ·
436 2383 560 2430 Haec
595 2397 715 2428 nunc
746 2381 863 2437 sunt,
900 2397 1005 2444 quae
1030 2382 1317 2429 continentur
1345 2382 1392 2428 in
1422 2380 1510 2432 hoc
1532 2379 1680 2438 versu,
1715 2396 1882 2444 nempe
1926 2380 2053 2445 quod
2077 2382 2262 2431 interior
2284 2383 2434 2431 cultus

434 2448 696 2496 obliteratus
710 2447 788 2506 sit,
823 2449 873 2494 δε
896 2446 1037 2495 faetus
1062 2464 1185 2496 mere
1208 2446 1527 2498 idololatricus.
1709 2474 1712 2479 ’
1968 2469 1970 2471 ·
2104 2463 2106 2467 ’
2230 2491 2233 2497 .

455 2508 459 2516 ’
514 2516 652 2579 1367.
689 2514 835 2579 Qod
875 2529 956 2578 per
988 2515 1223 2561 Haranem
1246 2513 1524 2578 significetur
1546 2513 1695 2563 cultus
1714 2513 2018 2563 idololatricus
2038 2517 2238 2573 interior,
2264 2517 2324 2565 v&
2355 2530 2435 2581 per

437 2581 735 2641 'I'herrachum
774 2581 926 2630 cultus
973 2580 1278 2630 idololatricus
1328 2582 1374 2627 in
1398 2595 1576 2644 genere,
1611 2583 1737 2645 prius
1777 2582 1952 2629 dietum
1991 2583 2041 2630 δε
2081 2582 2305 2631 ostensum
2351 2583 2429 2631 est.

437 2649 584 2713 Qod
609 2663 687 2712 per
702 2660 868 2696 terram
885 2648 1126 2695 nativitatis
1151 2647 1429 2710 significetur
1443 2649 1599 2711 origo,
1636 2648 1855 2711 quodque
1892 2648 1999 2696 inde
2030 2649 2256 2696 derivatus
2279 2649 2433 2696 cultus

437 2730 598 2776 eorum
623 2713 944 2768 idololatricus,
981 2714 1152 2761 constat
1175 2730 1231 2761 ex
1252 2714 1576 2777 significatione
1598 2715 1858 2772 nativitatis,
1873 2738 1877 2742 ·
1893 2714 2022 2778 qnod
2050 2715 2103 2762 fit
2125 2716 2258 2777 origo
2282 2716 2329 2763 &
2355 2716 2435 2763 de-

439 2781 616 2837 rivatio,
653 2781 709 2828 de
733 2797 821 2843 qua
842 2779 1045 2845 supra'ad
1059 2780 1186 2831 vers:
1242 2796 1300 2829 ιο
1316 2782 1365 2830 δι
1385 2797 1460 2846 27.
1710 2826 1713 2829 ,

514 2863 528 2892 1
543 2848 651 2909 368.
687 2847 832 2912 Qod
849 2864 931 2910 per
954 2847 1029 2894 Ur
1049 2847 1374 2900 Chaldaeorum
1399 2847 1674 2911 significetur
1690 2847 1836 2895 cultus
1860 2858 2088 2904 externus,
2125 2848 2170 2894 in
2195 2864 2288 2912 quo
2311 2846 2451 2906 falsa,

439 2911 612 2966 constat
636 2928 689 2959 ex
716 2914 1038 2975 significatione
1063 2913 1387 2968 Chaldaeorum
1406 2914 1465 2960 'in
1497 2913 1682 2973 Ver-bo:
1719 2911 1946 2960 ostensum
1970 2913 2032 2959 est
2057 2915 2187 2976 supra
2221 2916 2278 2962 ad
2301 2915 2429 2962 vers:

443 2996 487 3042 9.
512 2977 640 3041 quod
663 2993 743 3040 per
767 2979 981 3029 Babelem
1008 2979 1284 3042 significetur
1319 2980 1470 3028 cultus
1494 2980 1540 3027 in
1563 2994 1658 3041 quo
1682 2979 1865 3025 interius
1889 2977 1989 3026 sunt
2030 2982 2160 3036 mala,
2196 2997 2277 3044 per
2300 2982 2435 3029 Chal-

441 3044 590 3089 daeam
631 3054 782 3090 autem
823 3044 1097 3106 significatur
1143 3045 1292 3091 cultus
1338 3045 1385 3090 in
1431 3060 1525 3106 quo
1563 3045 1747 3091 interius
1790 3043 1892 3091 sunt
1937 3043 2040 3094 falsa
2067 3070 2078 3101 3
2122 3048 2311 3110 proinde
2356 3064 2450 3111 pest·-

443 3109 658 3162 Babelem
683 3108 959 3173 significatur
996 3110 1142 3156 cultus
1167 3111 1213 3160 in
1237 3126 1330 3174 quo
1354 3112 1473 3158 intus
1491 3105 1600 3157 nihil
1618 3109 1741 3167 boni,
1756 3111 1805 3158 δε
1830 3127 1911 3174 per
1934 3112 2199 3160 Chaldaeam
2224 3114 2436 3161 cultus'in

441 3191 537 3242 quo
560 3177 678 3222 intus
705 3175 815 3223 nihil
838 3177 930 3222 veri
951 3198 964 3230 ·,
1001 3176 1149 3224 cultus
1173 3177 1219 3222 in
1242 3192 1337 3239 quo
1360 3178 1479 3224 intus
1504 3176 1614 3224 nihil
1640 3177 1812 3224 bonum
1838 3180 1886 3226 ὅτ
1909 3179 2020 3226 nihil
2046 3195 2224 3235 verum,
2259 3180 2323 3226 est
2339 3180 2435 3226 cul-

443 3255 515 3293 tus
534 3244 579 3289 in
600 3245 695 3306 quo
718 3243 901 3292 interius
926 3241 988 3292 est
1011 3242 1301 3307 prophanum
1327 3242 1727 3296 &idololatricum
1755 3266 1770 3302 5
1805 3244 1933 3308 quod
1955 3245 2056 3294 talis
2081 3245 2229 3295 cultus
2254 3248 2300 3293 in
2323 3246 2439 3291 Ver-

2375 3311 2437 3360 bo
