2788 3736
654 177 1008 249 CAPUT
1055 176 1572 285 DECIMUM
1616 178 2168 272 QUARTUM.
2262 177 2403 270 '545

352 314 356 316 ,
382 325 585 378 'excitent
608 322 659 374 &
683 322 926 371 infundant
964 321 1083 370 mala
1122 321 1173 371 δε
1197 319 1318 379 falsa,
1354 319 1508 369 minus
1531 319 1661 385 quod
1685 336 1768 384 per
1803 320 1985 385 spiritus
2009 320 2153 369 malos
2187 337 2401 370 commu·

384 397 512 444 nicet
535 408 646 442 cum
670 391 865 448 inferno,
902 392 953 437 δε
977 382 1106 453 quod
1152 387 1381 437 infernum
1422 388 1484 434 ita
1506 387 1756 444 incumbat,
1793 388 1906 435 sicut
1929 399 2052 436 mare
2075 388 2184 437 {olet
2223 389 2407 452 singulis

387 461 593 526 partibus
618 460 813 523 aggeris,
848 457 925 505 cui
946 472 1233 521 nequaquam
1273 454 1416 502 homo
1439 454 1586 518 potest
1618 453 1706 501 suis
1729 455 1902 503 viribus
1938 455 2163 511 resistere3
2200 455 2275 504 sed
2298 458 2407 520 quia

385 527 545 591 usque,
581 538 826 589 antequam
874 535 1162 587 regeneratus
1200 522 1280 579 est,
1316 537 1410 569 non
1444 520 1571 567 aliter
1609 533 1766 585 putare
1805 521 1967 586 potest,
2004 530 2143 587 quam
2165 522 2295 586 quod
2319 523 2405 570 suis

381 594 572 651 viribus,
609 595 747 640 etiam
770 593 1074 655 permittitur,
1110 591 1161 638 ὅτ
1207 589 1268 638 sic
1291 587 1597 636 introducitur
1643 588 1892 652 inpugnas
1927 588 2000 637 seu
2026 592 2070 637 in
2101 592 2402 645 tentationes;

389 660 547 725 postea
569 671 722 707 autem
746 659 896 721 magis
911 658 962 704 ὅτ
981 656 1128 720 magis
1152 655 1427 704 illustratur:
1464 670 1574 702 cum
1597 652 1740 701 homo
1763 657 1809 702 in
1832 655 1910 703 tali
1933 656 2049 703 statu
2067 657 2147 714 est,
2171 657 2299 722 quod
2317 674 2403 720 pu-

389 739 458 775 tet
476 727 652 775 bonum
676 727 727 774 &
751 740 918 773 verum
941 724 1026 771 effe
1045 739 1070 771 a
1087 723 1243 780 semet,
1278 723 1330 770 δε
1353 722 1605 786 potentiam
1631 721 1856 769 resistendi
1881 721 1965 771 effe
1990 722 2133 780 suam,
2154 736 2265 771 tunc
2291 724 2411 772 bona

387 795 438 841 &
462 810 587 851 vera,
622 809 681 840 ex
696 791 863 856 quibus
881 802 1039 838 contra
1063 791 1181 837 mala
1203 791 1254 838 δε
1276 788 1384 836 falsa
1405 799 1600 853 pugnat,
1635 803 1727 835 non
1751 787 1852 838 sunt
1869 788 1986 837 bona
2001 791 2052 838 &
2076 805 2198 847 vera,
2224 791 2402 839 tametsi

389 860 452 908 ita
474 871 709 925 apparent,
746 875 852 906 nam
874 859 1119 922 proprium
1138 856 1266 915 inest,
1300 856 1352 904 δε
1366 857 1586 903 meritum
1602 853 1668 901 sui
1690 856 1824 918 ponit
1855 855 1902 901 in
1919 857 2123 914 victoria,
2162 859 2211 905 δε
2234 857 2400 921 gloria-

389 938 467 975 tur
489 928 603 975 sicut
618 927 655 973 is
668 926 832 973 vicerit
855 924 1031 972 malum
1057 925 1107 971 δε
1130 921 1310 980 falsum,
1347 937 1459 970 curn
1482 933 1636 969 tamen
1658 922 1890 969 Dominus
1908 921 2024 970 solus
2047 922 2127 980 est,
2165 925 2264 988 Qi
2281 940 2402 988 pug-

390 1006 467 1041 nat
483 993 533 1041 &
557 994 704 1040 vincit
723 1015 738 1049 3
774 991 905 1056 quod
928 992 990 1039 ita
1012 990 1055 1038 se
1078 1006 1148 1038 res
1170 989 1345 1047 habeat,
1379 1004 1474 1035 non
1497 987 1606 1035 scire
1627 988 1811 1052 possunt
1831 987 1914 1035 nisi
1946 988 2010 1035 illi
2043 992 2123 1053 qui
2156 1006 2237 1054 per
2259 1003 2401 1038 tenta-

393 1061 543 1108 tiones
565 1070 897 1124 regenerantur.
946 1058 1200 1105 vDominus
1222 1057 1330 1119 quia
1355 1056 1404 1101 in
1426 1054 1576 1118 prima
1615 1055 1807 1118 pueritia
1843 1056 1890 1102 in
1914 1055 2192 1119 graviffimas
2225 1073 2402 1121 pugnas

390 1139 551 1175 contra
567 1126 686 1174 mala
709 1128 761 1173 δε
781 1123 887 1171 falsa
902 1121 1190 1170 introdufitus
1213 1120 1295 1178 est,
1331 1136 1415 1170 nec
1437 1121 1566 1170 aliter
1596 1133 1709 1170 tunc
1747 1123 1903 1186 potuit
1933 1134 2180 1180 autumare,
2218 1126 2268 1171 &
2315 1125 2403 1172 hoc

388 1206 485 1242 tam
527 1193 633 1256 quia
663 1188 914 1238 secundum
953 1189 1164 1236 ordinem
1187 1189 1417 1236 Divinum
1455 1186 1560 1244 fuit,
1597 1201 1650 1235 ut
1684 1189 1881 1236 Efl‘entia
1899 1189 2043 1252 Ipsius
2069 1190 2287 1238 Humana
2323 1207 2405 1255 per

386 1259 621 1308 continuas
643 1272 823 1322 pugnas
866 1256 917 1304 δε
957 1255 1166 1316 νίξὶοτίειε
1211 1253 1577 1302 introduceretur
1621 1253 1678 1300 ad
1701 1254 1949 1302 Effentiam
1978 1255 2201 1304 Divinam
2226 1259 2277 1305 ὃς
2312 1259 2402 1322 Ipsi

389 1326 611 1383 uniretur,
646 1339 787 1387 quam
811 1322 935 1386 quod
956 1320 1075 1370 bona
1094 1321 1146 1370 &
1169 1336 1275 1368 vera
1290 1337 1347 1368 ex
1362 1320 1530 1384 quibus
1552 1322 1780 1385 pugnavit
1795 1333 1952 1369 contra
1965 1322 2082 1369 mala
2097 1323 2148 1371 &
2162 1321 2280 1382 falsa,
2304 1325 2401 1374 Ex-

386 1393 504 1442 terni
527 1391 726 1439 hominis
749 1389 921 1445 effent;
956 1389 1008 1436 &
1021 1389 1128 1452 quia
1150 1387 1270 1436 bona
1291 1387 1342 1435 δε
1366 1401 1476 1435 vera
1498 1386 1575 1434 illa
1596 1403 1690 1435 non
1712 1387 1774 1435 fic
1803 1386 1990 1435 fuerunt
2011 1390 2191 1452 prorsus
2210 1392 2400 1449 Divina,

386 1475 526 1523 quare
545 1468 770 1506 vocantur
788 1456 1047 1521 apparentia
1086 1454 1195 1502 boni
1224 1453 1276 1501 &
1298 1453 1395 1500 veri
1420 1471 1432 1501 :
1467 1453 1642 1500 Divina
1662 1453 1806 1517 Ipsius
1829 1455 2027 1502 Essentia
2059 1457 2120 1503 ita
2143 1457 2402 1506 introduce-

388 1525 464 1573 bat
486 1525 778 1580 Humanam,
815 1533 868 1570 ut
890 1536 948 1569 ex
981 1520 1166 1586 propria
1201 1520 1410 1585 potentia
1443 1520 1675 1568 vinceret:
1712 1519 1787 1568 sed
1827 1537 1986 1569 arcana
2007 1522 2083 1570 hic
2115 1523 2247 1586 plura
2282 1524 2399 1583 sunt,

385 1605 530 1656 quam
550 1601 603 1638 ut
626 1587 817 1653 usquam
840 1587 1029 1636 describi
1050 1599 1222 1651 queant
1247 1609 1263 1643 ;
1298 1589 1458 1642 verbo,
1494 1587 1543 1633 in
1571 1587 1733 1650 primis
1764 1590 1934 1652 pugnis
1962 1586 2148 1638 fuerunt
2187 1590 2306 1639 bona
2351 1593 2401 1639 δι’.

388 1673 498 1706 vera
518 1656 643 1721 apud
658 1655 940 1711 Dominum,
975 1669 1033 1700 ex
1055 1653 1221 1716 quibus
1243 1655 1492 1717 pugnavit,
1527 1652 1704 1700 imbuta
1740 1653 2032 1703 haereditariis
2055 1672 2112 1703 ex
2157 1670 2316 1716 matre,
2351 1659 2403 1706 δι

390 1737 620 1790 quantum
640 1720 821 1770 imbuta
855 1719 1150 1768 haereditariis
1172 1735 1233 1768 ex
1261 1730 1421 1783 matre,
1455 1730 1637 1766 tantum
1661 1735 1753 1767 non
1771 1720 1945 1768 Divina
1965 1719 2167 1780 fuerunt,
2204 1723 2276 1771 sed
2324 1741 2406 1790 per

387 1791 580 1857 gradus,
615 1801 670 1836 ut
691 1788 830 1835 evicit
846 1787 1023 1835 malum
1045 1787 1096 1834 δε
1111 1785 1291 1843 falsum,
1324 1784 1562 1850 purificata
1583 1785 1686 1834 sunt
1707 1787 1758 1834 &
1780 1785 1896 1835 faeta
1916 1788 2101 1836 Divina.

457 1856 597 1906 1662.
633 1853 781 1915 Quod
802 1852 970 1918 singuli
991 1869 1138 1917 reges,
1174 1854 1225 1900 ὅτ
1247 1851 1440 1916 singulae
1461 1865 1635 1916 gentes,
1670 1853 1927 1918 significent
1942 1855 2029 1903 tale
2045 1855 2223 1905 bonum
2246 1858 2297 1906 δε
2314 1858 2400 1907 tale

390 1916 574 1980 verum,
610 1920 813 1970 constare
852 1919 1001 1985 potest
1046 1937 1072 1968 a
1106 1919 1432 1984 significatione
1455 1919 1638 1968 illarum
1661 1921 1709 1967 in
1736 1919 1860 1968 sensu
1882 1922 2076 1980 interne,
2103 1924 2323 1988 applicate
2345 1926 2404 1973 ad

390 2007 508 2047 rem,
545 1989 603 2037 de
641 2004 734 2053 qua
768 1987 954 2052 agitur3
989 1987 1257 2052 unaquaevis
1295 1988 1420 2034 enim
1443 2002 1573 2050 gens,
1609 1987 1660 2035 δε
1699 1991 1965 2052 unaquaevis
2012 2001 2144 2047 terra,
2179 1991 2406 2055 significat

391 2055 581 2121 aliquod
604 2064 782 2104 certum·
799 2056 847 2103 iri
868 2056 1127 2112 communi,
1161 2053 1212 2101 &
1235 2053 1387 2101 hocin
1410 2052 1534 2100 sensu
1572 2056 1761 2118 proprio
1799 2057 1850 2102 ὅτ
1886 2057 2098 2122 opposito
2125 2079 2140 2113 ;
2176 2057 2250 2105 sed
2274 2058 2403 2107 com-

391 2124 546 2172 munis
563 2121 832 2186 significatio
854 2120 897 2170 se
919 2121 1116 2186 applicat
1133 2120 1191 2168 ad
1213 2136 1311 2168 rem
1335 2119 1393 2168 de
1429 2136 1522 2184 qua
1542 2124 1722 2185 agitur:
1759 2122 1887 2186 quod
1922 2124 2041 2172 bona
2061 2123 2112 2172 ὅτ
2135 2140 2243 2171 vera
2266 2141 2405 2190 appa-

391 2192 538 2249 rentia
550 2188 861 2252 significentur
883 2203 965 2252 per
987 2188 1174 2236 nomina
1195 2186 1362 2235 horum
1387 2203 1552 2251 regum
1570 2190 1618 2236 ὅτ,
1642 2187 1804 2236 harum
1845 2192 2075 2252 gentium,
2112 2190 2269 2239 multis
2293 2208 2404 2240 con-

392 2256 568 2304 firmari
590 2253 754 2318 potest,
779 2252 866 2302 ‘sed
886 2254 976 2303 hoc
1010 2255 1143 2302 toties
1182 2255 1309 2317 prius
1346 2254 1673 2302 confirmatum
1696 2255 1776 2312 est,
1814 2255 1865 2304 &
1888 2259 1996 2320 quia
2027 2257 2101 2305 hic
2124 2269 2195 2306 tot
2218 2260 2407 2308 nomina

389 2332 654 2378 occurrunt,
688 2319 925 2383 prolixum
941 2319 1059 2369 foret
1081 2323 1238 2369 omnia
1258 2322 1319 2368 ita
1351 2321 1614 2385 singillatim
1630 2325 1869 2386 exponere.
2231 2351 2235 2354 ·

449 2432 453 2434 a
472 2388 610 2451 1663.
646 2386 873 2435 Fecerunt
911 2386 1083 2435 bellum
1123 2398 1234 2436 curn
1264 2388 1377 2436 Bera
1422 2403 1530 2452 rege
1562 2388 1800 2447 Sodomae,
1852 2389 1904 2438 δε
1943 2406 2052 2438 cum
2076 2391 2255 2440 Birscha
2300 2409 2407 2458 rege

396 2456 612 2510 Amorae,
646 2451 867 2499 Schineab
890 2467 996 2516 rege
1018 2453 1211 2510 Admae,
1225 2455 1277 2502 δε
1299 2454 1573 2502 Schemeber
1593 2471 1699 2519 rege
1721 2456 1936 2514 Zeboim‚
1961 2458 2011 2505 &
2027 2474 2133 2522 rege
2152 2459 2290 2515 Belze,
2307 2459 2408 2507 haec

399 2523 536 2579 Zoar,
569 2517 698 2584 quod
722 2517 975 2581 significent
997 2519 1194 2569 totidem
1208 2535 1372 2583 genera
1391 2522 1697 2583 cupiditatum
1731 2523 1839 2569 mali
1863 2525 1920 2570 ὅτ
1934 2523 2269 2586 persualionum
2293 2523 2404 2583 falfi,

399 2600 556 2636 contra
577 2601 685 2650 quae
707 2584 942 2632 Dominus
965 2587 1207 2649 pugnavit,
1244 2585 1453 2652 constarev
1467 2601 1653 2649 quoque
1674 2587 1821 2650 potest
1843 2604 1868 2634 a
1888 2588 2215 2651 significatione
2240 2591 2408 2640 horum

399 2669 581 2718 regum,
617 2652 668 2699 ὅτ
689 2649 851 2699 harum
874 2653 1102 2715 gentium,
1137 2667 1243 2715 quae
1268 2654 1576 2708 nominantur,
1613 2665 1663 2699 ut
1686 2655 1736 2700 &
1783 2670 1810 2701 a
1831 2653 2114 2718 sequentibus
2141 2680 2155 2713 ;
2190 2673 2406 2721 quaenam

399 2721 669 2786 cupiditates
691 2718 799 2765 mali
821 2720 869 2765 δι
895 2730 1112 2782 quaenam
1134 2717 1433 2782 persuasiones
1466 2716 1561 2765 falfi
1583 2734 1665 2781 per
1687 2719 1883 2783 singulas
1907 2721 2232 2784 significentur,
2268 2725 2407 2773 etiam

399 2787 632 2852 prolixum
657 2786 792 2831 nimis
830 2781 948 2832 foret
993 2800 1217 2848 exponere
1236 2807 1251 2840 ·,
1287 2785 1346 2832 de
1378 2784 1702 2848 significatione
1724 2787 1943 2834 Sodomae
1965 2789 2016 2835 δε
2053 2792 2266 2847 Amorae,
2302 2803 2407 2838 tum

371 2880 375 2883 -
405 2853 579 2900 Admae
600 2853 651 2900 &
679 2851 894 2908 Zeboim‚
930 2852 1050 2899 ut&
1075 2851 1213 2908 Zoar,
1249 2852 1558 2914 paucis‘prius
1594 2852 1746 2899 alitum
1786 2852 1851 2899 est
1869 2875 1883 2909 ;
1919 2852 2022 2901 sunt
2061 2871 2223 2918 genera
2244 2873 2405 2904 comu-

404 2919 579 2966 niffima
600 2918 673 2965 seu
697 2919 897 2966 maxime
914 2916 1180 2966 universalia
1195 2917 1423 2965 malorum
1449 2919 1499 2966 δε
1514 2916 1745 2976 falsorum,
1781 2935 1889 2983 quae
1912 2921 1959 2966 in
1977 2920 2098 2969 sensu
2124 2924 2302 2971 interno
2317 2924 2404 2987 sig—

405 2984 585 3034 nificata
605 2981 679 3030 hic
695 2982 771 3030 sua
791 2983 897 3032 serie
921 2983 1180 3049 sequuntur.
1252 2983 1399 3048 Qiod
1421 2984 1654 3032 Dominus
1669 3001 1766 3049 prae
1782 2985 1999 3042 omnibus
2014 2988 2061 3035 in
2075 2989 2282 3038 universo
2306 3006 2407 3053 gra·

405 3052 554 3097 viores
586 3061 663 3097 aut
683 3051 960 3110 graviffimas
984 3052 1247 3099 tentationes
1287 3050 1469 3100 subierit
1496 3052 1547 3099 ὅτ
1570 3050 1839 3111 sustinuerit,
1875 3070 1967 3101 non
1997 3055 2057 3102 ita
2081 3069 2243 3104 notum
2268 3056 2331 3102 est
2352 3072 2409 3102 ex

404 3115 579 3170 Verbo,
614 3115 693 3164 ubi
710 3112 858 3162 solum
881 3131 1172 3175 memoratur,
1207 3119 1337 3182 quod
1360 3120 1407 3165 in
1425 3117 1596 3166 deserto
1612 3116 1748 3167 fuerit
1771 3120 2068 3185 quadraginta
2091 3122 2202 3178 dies,
2239 3123 2288 3168 δε
2311 3135 2405 3167 ten-

406 3194 524 3233 tatus
541 3178 804 3238 aDiab0103
841 3180 948 3245 ipsae
960 3185 1243 3245 tentationeS,
1277 3201 1388 3250 quas
1413 3196 1521 3232 tunc
1547 3185 1717 3243 habuit,
1743 3203 1835 3235 non
1859 3186 2092 3251 descriptae
2116 3186 2233 3243 sunt,
2269 3201 2407 3250 quam

1374 3254 1423 3301 A
1448 3267 1472 3299 a
1494 3268 1517 3300 a
1542 3268 1566 3300 a
2236 3253 2409 3315 paucis,
