2788 3736
620 249 2022 356 ‘CAPUTooTAVUM
2276 269 2404 354 265

459 394 569 452 88o.
606 398 755 462 Qod
789 398 1066 465 exspeeiavit
1101 398 1250 449 adhuc
1287 398 1458 463 septem
1493 398 1606 456 dies,
1636 398 1861 462 significet
1898 396 2179 465 principium
2226 399 2408 452 secundi

390 468 524 518 status
560 468 920 530 regenerationis,
972 465 1172 514 constare
1203 467 1365 515 exinde
1396 464 1561 530 potest,
1602 466 1730 529 quod
1777 483 1860 531 per
1905 467 2009 524 hoc,
2058 479 2244 532 tempus
2278 470 2409 533 quod

391 535 629 585 intercedit
653 536 767 582 inter
790 536 996 597 primum
1018 533 1205 591 statum,
1243 533 1301 580 de
1321 549 1420 596 quo
1441 534 1488 579 in
1512 531 1634 578 vers:
1663 548 1773 579 mox
1796 549 1948 597 praec:
1979 539 2003 583 8
2031 535 2081 582 δε
2112 554 2160 600 9,
2198 537 2247 583 &
2282 536 2407 588 hunc

390 601 659 658 secundum,
700 603 756 648 de
796 618 892 664 quo
930 601 1004 648 hic
1041 602 1088 647 in
1126 598 1254 648 vers:
1296 618 1354 648 10
1379 601 1428 646 &
1460 617 1534 655 11,
1560 598 1864 656 describatur3
1892 611 2073 665 tempus
2106 602 2240 660 illud,
2278 604 2410 667 quod

392 668 644 724 intercedit,
679 680 732 715 ut
756 668 961 715 historice
984 682 1186 714 connexa
1200 666 1310 726 lint,
1349 667 1621 730 exprimitur
1643 682 1724 728 per
1745 667 1873 729 quod
1910 668 2200 732 exspeetavit.
2271 671 2409 734 Qo-

394 735 539 783 modo
570 735 806 782 Secundus
829 734 965 782 status
995 734 1340 796 regenerationis
1380 731 1422 779 se
1446 732 1596 788 habet,
1637 731 1837 780 constare
1875 733 2158 798 aliquantum
2182 736 2330 800 potest
2352 737 2411 786 ab

394 802 498 858 illis,
535 818 641 865 quae
668 803 788 849 dieta
826 803 877 848 ὅτ
917 799 1087 847 ostensa
1114 799 1215 847 sunt
1238 800 1295 846 de
1318 801 1481 847 Primo
1504 799 1638 855 statu,
1677 801 1757 861 qui
1798 798 1902 857 fuit,
1940 801 2065 863 quod
2089 804 2299 851 nondum
2322 821 2409 869 po-

394 869 563 916 tuerint
595 885 704 915 vera
725 868 832 914 fidei
856 867 1055 914 radicem
1079 867 1237 930 figere,
1271 883 1330 913 ex
1351 883 1408 914 eo
1430 866 1559 930 quod
1589 864 1795 913 falsitates
1822 867 2127 931 impedirent;
2164 881 2275 917 tunc
2315 873 2408 934 pri-

394 950 528 983 mum
553 951 660 983 vera
692 934 798 982 fidei
822 933 1092 990 radicantur,
1130 933 1316 997 quando
1338 933 1482 980 homo
1511 935 1673 996 incipit
1695 933 1933 998 agnoscere
1966 934 2017 981 ὅτ
2040 936 2236 993 credere,
2282 940 2409 1001 prius

395 1003 605 1052 nondum
636 1001 829 1049 radicata
863 999 1000 1056 sunt;
1050 1015 1157 1063 quae
1186 999 1330 1047 homo
1350 1001 1477 1047 audit
1509 1016 1567 1047 ex
1591 999 1763 1058 Verbo,
1816 1001 1866 1048 &
1892 1004 2116 1048 memoria
2137 1015 2275 1062 tenet,
2316 1021 2408 1053 non

393 1068 459 1116 est
482 1069 562 1117 nisi
601 1067 908 1115 inseminatio:
962 1066 1035 1114 sed
1074 1067 1290 1114 radicatio
1320 1065 1543 1131 nusquam
1581 1068 1758 1131 incipit,
1799 1068 1880 1115 nifi
1919 1085 2028 1116 cum
2068 1069 2211 1117 homo
2232 1070 2408 1119 bonum

396 1136 640 1183 Charitatis
670 1135 836 1198 accipit
858 1135 908 1181 &
932 1135 1125 1198 recipit;
1166 1148 1305 1180 omne
1327 1150 1491 1180 verum
1525 1133 1632 1181 fidei
1670 1135 1894 1182 radicatur
1929 1151 1953 1182 a
1991 1135 2114 1184 bono
2152 1137 2278 1195 fidei,
2320 1138 2407 1187 hoc

395 1202 474 1259 est,
515 1218 542 1249 a
563 1201 686 1248 bono
709 1201 961 1257 charitatis;
998 1200 1040 1248 se
1073 1200 1208 1248 habet
1230 1200 1457 1248 hocsicut
1496 1200 1664 1258 semen,
1701 1202 1830 1266 quod
1862 1200 2061 1266 injicitur
2098 1216 2249 1262 terrae,
2288 1217 2408 1254 tem-

395 1284 506 1335 pore
536 1268 721 1331 quando
741 1267 891 1316 adhuc
915 1267 1075 1331 hyems
1107 1266 1187 1324 est,
1236 1266 1309 1330 seu
1333 1267 1520 1331 quando
1542 1280 1657 1315 terra
1679 1266 1831 1332 friget,
1872 1281 1983 1317 tunc
2024 1269 2093 1317 ibi
2116 1272 2308 1335 quidem
2337 1270 2407 1336 ja-

397 1347 486 1392 cet,
521 1333 596 1382 sed
619 1351 711 1382 non
735 1335 939 1390 radicem
962 1335 1073 1398 agit,
1110 1347 1164 1382 ut
1186 1335 1394 1399 primum
1422 1351 1536 1383 vero
1558 1334 1682 1383 calor
1704 1334 1822 1394 solis,
1859 1337 1987 1400 quod
2011 1337 2064 1384 fit
2086 1338 2294 1403 tempore
2316 1341 2410 1404 pri-

395 1403 465 1450 -mi
489 1403 624 1458 vcriS,
665 1414 830 1449 terram
865 1400 1082 1458 calefacit,
1123 1413 1234 1449 tunc
1271 1402 1431 1466 incipit
1469 1401 1619 1450 semen
1658 1403 1858 1451 radicem
1883 1405 1928 1450 in
1962 1403 2005 1451 se
2028 1406 2235 1469 primum
2257 1422 2406 1470 agere,

396 1470 448 1516 δε
471 1468 576 1516 dein
598 1470 803 1516 emittere
822 1469 870 1516 in
894 1481 1059 1516 terram
1079 1490 1095 1524 ς
1131 1467 1334 1516 similiter
1359 1467 1398 1516 se
1421 1468 1556 1518 habet
1579 1485 1687 1517 cum
1711 1468 1881 1518 semine
1903 1469 2134 1535 spirituali,
2167 1473 2296 1537 quod
2319 1474 2409 1522 im·

395 1534 637 1600 plantatur,
675 1536 762 1583 hoc
786 1535 1006 1600 nusquam
1031 1534 1268 1593 radicatur,
1307 1547 1552 1600 antequam
1589 1535 1766 1584 bonum
1796 1537 2021 1586 charitatis
2055 1539 2178 1603 quafi
2208 1538 2431 1589 calefacit-

396 1602 527 1659 illud,
571 1613 684 1650 tunc
727 1600 932 1668 primum
975 1603 1021 1650 in
1067 1601 1110 1649 se
1140 1602 1339 1650 radicem
1385 1606 1496 1667 agit,
1529 1619 1669 1668 quam
1705 1604 1811 1652 dein
1854 1605 2084 1670 producit.
2176 1606 2295 1655 Sunt
2325 1609 2411 1656 nia

395 1670 518 1733 apud
542 1669 795 1727 hominem,
830 1685 938 1733 quae
961 1682 1257 1726 concurrunt,
1293 1671 1342 1717 δε
1368 1669 1409 1716 se
1431 1672 1614 1727 uniunt,
1651 1687 1816 1735 nempe
1840 1672 2054 1730 naturale,
2092 1672 2333 1736 spirituale,
2356 1674 2408 1723 &

397 1735 613 1791 coeleste;
650 1736 847 1784 naturale
884 1734 981 1800 ejus
1020 1735 1242 1798 nusquam
1280 1735 1479 1800 aliquam
1519 1738 1662 1784 vitam
1699 1739 1880 1803 accipit,
1918 1739 1998 1786 nisi
2041 1755 2065 1786 a
2088 1739 2321 1803 spirituali,
2358 1742 2409 1789 δε

398 1801 623 1865 spirituale
648 1801 866 1865 nusquam
888 1802 968 1849 nili
991 1818 1017 1848 a
1038 1801 1226 1863 coelesti,
1260 1803 1312 1850 ec
1329 1801 1511 1850 coeleste
1535 1819 1560 1850 a
1582 1803 1691 1851 Solo
1706 1805 1932 1860 Domino,
1970 1807 2050 1870 qui
2072 1806 2136 1853 est
2159 1806 2251 1871 ipsa
2273 1808 2404 1855 Vita:

401 1868 475 1918 sed
499 1880 551 1915 ut
573 1868 722 1916 adhuc
745 1869 920 1933 plenior
942 1867 1038 1933 ejus
1061 1868 1160 1916 idea
1182 1870 1398 1933 capiatur,
1432 1868 1498 1916 est
1519 1869 1757 1928 Naturale,
1810 1872 2146 1936 receptaculum
2185 1874 2312 1938 quod
2336 1890 2407 1922 re-

400 1936 529 1999 cipit,
565 1935 639 1982 seu
662 1931 743 1982 vas
764 1936 839 1983 cui
863 1933 1120 1983 infunditur
1140 1935 1383 2000 Spirituale
1397 1943 1415 1992 ’ς
1467 1936 1519 1984 &
1542 1936 1782 2000 Spirituale
1802 1937 1867 1985 est
1905 1940 2239 2004 receptaculum
2279 1940 2409 2005 quod

397 2002 575 2064 recipit,
611 2001 684 2049 seu
706 2017 784 2049 vas
807 2002 883 2050 cui
928 2000 1186 2050 infunditur
1219 2002 1415 2050 Coeleste
1435 2024 1449 2058 ;
1487 2005 1548 2051 ita
1569 2019 1650 2067 per
1673 2003 1871 2052 coelestia
1893 2006 1986 2053 vita
2013 2022 2038 2054 a
2059 2007 2303 2064 Domin03
2340 2020 2406 2055 ta-

396 2067 451 2115 lis
474 2067 539 2115 est
561 2069 787 2123 influxus·,
823 2068 1020 2116 Coeleste
1050 2067 1114 2117 est
1137 2084 1275 2117 omne
1299 2068 1475 2117 bonum
1514 2069 1639 2128 fidei,
1691 2071 1815 2135 apud
1852 2071 2091 2121 hominem
2130 2072 2406 2137 spiritualem

391 2134 456 2182 est
479 2134 655 2182 bonum
680 2135 934 2191 charitatis·‚
970 2135 1212 2199 spirituale
1250 2135 1316 2184 est
1352 2153 1533 2194 verum,
1574 2138 1702 2201 quod
1735 2137 1955 2203 nusquam
1989 2140 2044 2187 fit
2082 2156 2245 2188 verum
2278 2140 2404 2198 fidei,

396 2200 478 2249 nifi
519 2203 565 2249 in
605 2202 686 2250 illo
724 2202 778 2250 sit
813 2202 988 2250 bonum
1012 2203 1137 2260 fidei,
1190 2202 1263 2250 seu
1287 2202 1464 2251 bonum
1489 2205 1728 2262 charitatis,
1765 2206 1812 2252 in
1848 2222 1945 2270 quo
1988 2206 2052 2255 est
2088 2207 2179 2271 ipsa
2216 2208 2311 2255 vita
2347 2223 2406 2255 ex

400 2269 639 2317 Domino:
707 2282 761 2316 ut
814 2269 965 2318 adhuc
1006 2268 1285 2318 manifestius
1325 2270 1486 2318 sciatur
1534 2272 1775 2336 quomodo
1799 2271 1840 2320 se
1878 2273 2027 2332 habet,
2063 2274 2282 2322 Naturale
2322 2273 2406 2323 ho-

398 2336 534 2381 minis
565 2335 644 2391 est,
679 2335 808 2399 quod
844 2334 976 2384 faciat
999 2339 1119 2400 Opus
1141 2337 1391 2395 charitatis,
1426 2338 1514 2386 hoc
1534 2339 1609 2386 vel
1635 2355 1791 2397 manu,
1824 2339 1899 2387 vel
1935 2356 2028 2395 ore,
2062 2341 2123 2389 fic
2159 2358 2240 2406 per
2270 2357 2406 2406 orga-

397 2416 455 2448 na
476 2405 695 2465 corporiS,
744 2401 817 2449 sed
851 2403 939 2450 hoc
979 2405 1026 2451 in
1066 2403 1108 2451 se
1149 2403 1214 2451 est
1252 2417 1509 2462 mortuum,
1558 2422 1650 2453 non
1689 2407 1807 2454 vivit
1841 2407 1921 2454 nis1
1961 2424 1987 2455 a
2009 2408 2240 2474 Spirituali
2276 2408 2406 2472 quod

396 2469 443 2515 in
489 2472 640 2531 opere,
698 2469 748 2516 ὅτ
801 2485 894 2524 non
937 2471 1058 2519 vivit
1079 2470 1320 2534 Spirituale
1360 2471 1441 2519 nisi
1479 2488 1506 2519 a
1537 2472 1740 2530 Coelesti,
1792 2474 1921 2538 quod
1967 2491 2005 2522 a‹
2035 2476 2262 2532 Domino,
2298 2475 2405 2524 inde

379 2534 563 2581 -dicitur
607 2550 723 2598 opus
769 2534 969 2592 bonum,
1021 2553 1130 2585 nam
1175 2537 1288 2584 nihil
1312 2538 1488 2586 bonum
1535 2539 1616 2586 nisi
1656 2557 1681 2586 a
1711 2541 1959 2598 Domino3
2011 2543 2119 2606 quia
2157 2544 2219 2590 ita
2255 2542 2297 2588 se
2334 2558 2404 2590 res

395 2599 544 2657 habet,
579 2602 825 2665 unicuique
871 2602 1069 2650 constare
1092 2603 1255 2666 potest,
1290 2605 1416 2667 quod
1442 2607 1488 2651 in
1512 2608 1642 2653 omni
1674 2623 1808 2671 opere
1832 2607 2078 2665 charitatiS‚
2115 2608 2262 2674 ipsum
2285 2602 2404 2673 opus
2461 2602 2465 2607 ¹

396 2666 451 2714 fit
475 2667 587 2714 nihil
610 2667 691 2715 nisi
718 2669 943 2716 materiale
957 2669 1213 2732 quoddam,
1250 2668 1325 2716 sed
1348 2671 1476 2733 quod
1501 2671 1554 2718 fit
1578 2675 1846 2730 animatum,
1873 2674 1960 2723 hoc
1986 2675 2140 2722 habeat
2164 2691 2188 2721 a
2210 2691 2321 2722 vero
2344 2674 2399 2722 fi-

397 2733 470 2781 dei
493 2735 620 2782 duod
643 2737 690 2781 in
711 2742 847 2798 opere
867 2758 881 2791 3
918 2737 967 2783 δε
992 2752 1130 2800 porro
1153 2736 1279 2799 quod
1303 2752 1467 2783 verum
1492 2737 1600 2785 fidei
1624 2755 1706 2786 nec
1730 2739 1784 2786 fit
1806 2741 1979 2804 aliquid,
2000 2741 2079 2788 nisi
2100 2742 2399 2789 inanimatum

393 2795 646 2862 quoddam,
673 2801 746 2848 sed
770 2803 898 2866 quod
920 2802 974 2849 fit
996 2804 1178 2858 vivum,
1214 2803 1302 2850 hoc
1332 2803 1491 2850 habeat
1514 2820 1540 2851 a
1562 2805 1684 2852 bono
1708 2805 1842 2861 fidei·‚
1878 2807 1928 2854 δε
1952 2807 2077 2871 quod
2097 2807 2272 2855 bonum
2291 2809 2398 2855 fidei

397 2881 489 2912 non
513 2867 579 2914 fit*
590 2870 752 2915 vivum
775 2870 854 2916 nisi
879 2886 903 2916 a
920 2869 1030 2916 Solo
1050 2870 1277 2927 Domino,
1315 2870 1417 2936 Qi
1439 2869 1501 2917 est
1523 2871 1678 2935 Ipsum
1704 2874 1887 2929 Bonum
1918 2875 1967 2922 &
1992 2873 2091 2939 Ipsa
2113 2875 2252 2922 Vita:
2293 2875 2400 2922 inde

396 2943 535 2994 patet,
570 2950 652 2980 cur
668 2935 876 2989 ,coelestes
898 2936 1072 3000 Angeli
1097 2936 1189 2984 non
1214 2938 1367 2984 audire
1389 2937 1533 2985 velint
1556 2939 1613 2985 de
1636 2936 1744 2996 fide,
1784 2941 1936 2987 minus
1959 2941 2016 2988 de
2051 2956 2202 3005 opere,
2242 2943 2398 2989 videa-

338 3024 342 3025 ν
397 3009 473 3043 tur
501 3006 554 3045 n:
583 3016 694 3054 202,
730 3004 836 3063 quia
859 3016 953 3050 tarn
971 3004 1130 3059 fidem,
1166 3020 1306 3067 quam
1330 3019 1446 3068 opus
1470 3005 1677 3052 derivant
1701 3022 1758 3054 ex
1781 3022 1950 3065 amore,
1986 3009 2036 3055 ὅτ
2060 3007 2231 3056 faciunt
2256 3009 2397 3055 fidem

398 3079 458 3109 ex
482 3080 650 3121 amore,
686 3067 924 3132 ipsumque
941 3085 1058 3134 opus
1082 3069 1188 3117 fidei
1212 3087 1270 3118 ex
1292 3087 1463 3129 amore,
1500 3071 1559 3119 fic
1582 3083 1634 3119 ut
1658 3074 1710 3119 iis
1739 3073 1970 3123 evanescat
1999 3088 2093 3122 tarn
2115 3091 2233 3138 opus
2256 3090 2398 3138 quam
2459 3094 2465 3100 “

396 3129 525 3185 fider„
564 3131 612 3176 δε
638 3147 862 3184 remaneat
885 3135 1032 3182 solum
1055 3153 1184 3183 amor
1206 3138 1255 3185 &
1280 3138 1457 3185 bonurn
1482 3139 1603 3195 inde,
1639 3155 1840 3203 quorum
1866 3141 1910 3189 in
1949 3159 2101 3190 amore
2142 3141 2206 3188 est
2232 3143 2397 3187 Domi·
2446 3154 2451 3158 ’

398 3211 511 3244 nus:
551 3197 723 3260 Angeli
756 3199 820 3245 illi
859 3203 966 3264 quia
996 3214 1094 3249 tam
1127 3203 1328 3253 coelestes
1366 3206 1484 3252 ideas
1523 3204 1702 3264 habent,
1738 3206 1934 3256 distincti
1972 3209 2074 3257 sunt
2106 3209 2164 3274 ab
2184 3206 2396 3270 AngeliS,

490 3293 494 3299 ·
939 3290 954 3297 ··
1459 3271 1523 3319 M
1541 3287 1590 3319 m
2317 3271 2398 3335 qui
