2788 3736
382 274 514 358 306
919 231 2015 363 GENESIS„

381 430 524 538 eurP,
563 409 697 463 vers:
739 408 789 462 6.
873 409 924 462 Si
973 408 1080 463 haec
1120 428 1224 462 non
1274 409 1420 473 fiunt,
1485 411 1624 483 quod
1687 413 1866 467 omnia<
1907 415 2035 470 bene
2093 418 2391 488 succedant,

383 505 467 539 ver
506 506 539 538 z·
566 502 616 556 7.
1458 511 1492 543 ε·

462 577 586 630 973.
626 558 761 612 Dein
789 559 949 631 agitur
975 559 1038 612 de
1062 558 1191 626 statu
1225 558 1446 613 hominis
1472 560 1583 634 post
1605 560 1887 627 diluvium,
1941 582 2097 636 quem
2141 569 2397 623 Dominus

388 636 456 688 ita
494 634 745 698 formavit,
788 647 844 688 ut
868 653 957 707 per
980 633 1274 687 charitatem
1315 635 1450 708 apud
1493 636 1642 688 illum
1687 637 1894 710 praesens
1920 638 2028 691 'effe
2070 642 2242 713 poffet,
2290 645 2395 715 >qui

382 709 450 763 fic
501 729 605 763 non
650 709 865 783 amplius
911 709 1105 782 periret,
1145 709 1269 762 ficut
1313 709 1493 763 ultima
1531 710 1785 784 posteritas
1823 712 2056 766 Ecclefiae
2099 717 2396 788 Antiquiffi-

383 803 498 848 mae,
537 784 671 838 vers:
703 783 752 848 8,
797 803 847 855 9,
901 801 986 848 10,
1033 802 1113 837 11.
1880 839 1882 841 ,
1984 815 1988 817 -

463 876 589 931 974.
628 858 804 912 Postea
829 857 977 928 status
1003 856 1223 913 hominis
1263 858 1373 933 post
1410 859 1678 926 diluvium,
1729 861 1818 934 qui
1859 862 2076 935 recipere
2103 862 2398 922 charitatem

385 935 563 1008 potest,
602 933 889 986 describitur
922 952 1012 1007 per
1040 952 1215 987 arcum
1249 936 1301 987 in
1346 936 1501 1000 nube,
1520 937 1620 989 >cu-i
1659 935 1829 990 fimilis
1864 936 1951 1001 est,
1990 938 2123 991 vers:
2175 956 2257 1003 12,
2312 930 2395 1011 13,

396 1027 478 1078 14,
540 1025 622 1080 15,
679 1008 760 1072 16,
815 1024 895 1079 17.
954 1009 1042 1081 qui
1087 1027 1227 1062 arcus
1271 1008 1455 1081 spectat
1498 1009 1765 1064 hominem
1803 1010 2034 1065 Ecclefiae
2069 1013 2155 1066 seu
2192 1007 2397 1086 regene-

385 1097 569 1149 ratum,
590 1084 723 1136 vers:
766 1100 848 1147 12,
875 1100 955 1154 13.
976 1083 1160 1156 spectat
1186 1102 1401 1137 omnem
1420 1083 1689 1138 hominem
1724 1087 1775 1138 in
1801 1104 1997 1157 genere,
2023 1080 2158 1140 vers:
2194 1079 2278 1157 14,
2308 1107 2391 1159 15,

385 1158 668 1223 hominem,
706 1159 794 1230 qui
814 1159 1088 1228 regenerari
1106 1159 1265 1231 potest
1284 1159 1335 1211 in
1351 1158 1527 1232 specie,
1544 1161 1680 1212 vers:
1716 1160 1799 1223 16,
1825 1160 1891 1212 ita
1905 1179 2006 1214 non
2033 1160 2197 1215 solum
2223 1163 2396 1217 homi-

384 1252 506 1287 nem
531 1235 656 1287 intra
681 1232 972 1295 Ecclesiam,
998 1232 1080 1284 sed
1099 1234 1251 1285 etiam
1271 1231 1536 1286 hominem
1561 1246 1700 1286 extra
1724 1233 2016 1300 Ecclefiam,
2043 1237 2182 1289 vers:
2214 1254 2295 1308 17.
2321 1231 2323 1234 ’

465 1325 590 1380 975.
635 1309 867 1360 Demum
906 1306 1067 1378 agitur
1104 1306 1168 1359 de
1213 1307 1438 1380 Antiqua
1460 1307 1687 1361 Ecclefia
1724 1309 1775 1361 in
1826 1327 2020 1380 genere,
2080 1312 2132 1363 δε
2192 1311 2262 1364 ibi
2306 1331 2396 1386 per

388 1382 666 1437 Schemum
709 1381 1000 1453 intelligitur
1038 1380 1202 1434 cultus
1247 1381 1483 1447 internuS,
1529 1401 1619 1456 per
1645 1382 1924 1455 Japhetum
1969 1383 2132 1438 cultus
2163 1397 2395 1440 externus

385 1454 786 1531 correspondenS,
833 1475 920 1529 per
955 1453 1125 1509 Cham
1171 1455 1295 1510 fides
1335 1456 1551 1529 stparata
1575 1475 1605 1510 a
1631 1456 1888 1521 charitate,
1930 1477 2019 1531 per
2057 1460 2257 1512 Canaan
2284 1458 2396 1513 cul-'-

384 1545 464 1585 tus
509 1545 740 1585 externus
782 1531 1026 1603 separatus
1071 1530 1134 1582 ab
1173 1530 1383 1594 intern0,
1423 1549 1451 1583 a
1483 1530 1620 1584 vers:
1657 1550 1719 1602 19
1761 1532 1825 1584 ad
1848 1531 1965 1585 'finz
2012 1533 2170 1602 Qd
2215 1531 2397 1588 Eccle-

383 1607 451 1660 fia
495 1607 607 1672 illa,
652 1625 716 1659 ex
760 1625 822 1659 eo
865 1605 1005 1677 quod
1050 1605 1339 1677 investigare
1383 1605 1532 1658 vellet
1570 1623 1686 1659 vera
1725 1604 1844 1659 fidei
1887 1604 1951 1659 ex'
1991 1608 2056 1672 se,
2099 1610 2151 1661 ez
2187 1627 2274 1681 per
2315 1628 2395 1662 ra-

384 1682 603 1745 tiocinia,
649 1683 703 1734 in
745 1698 934 1733 errores
976 1682 1030 1733 ὅτ,
1065 1679 1287 1752 perversa
1330 1676 1556 1750 primum
1603 1679 1732 1751 lapsa
1756 1680 1830 1744 fit,
1845 1678 1983 1733 'vers:
2039 1700 2120 1752 19,
2170 1698 2257 1746 20,
2308 1700 2395 1737 21.

386 1756 544 1827 Qod
563 1757 615 1820 ii,
641 1756 732 1828 qui
757 1754 975 1829 incultu
995 1767 1201 1828 externo
1225 1753 1534 1827 separatoab
1560 1753 1755 1806 interno
1777 1755 1904 1818 sunt,
1944 1773 2008 1808 ex
2032 1756 2211 1809 talibus
2238 1757 2397 1829 ipsam

384 1827 666 1884 dostrinam
693 1829 809 1883 fidei
854 1828 1102 1892 irrideant,
1155 1826 1290 1882 vers:
1335 1844 1422 1881 22.
1487 1840 1538 1881 at
1583 1823 1722 1899 quod
1761 1827 1859 1892 illi,
1906 1829 1994 1901 qui
2036 1830 2088 1883 in
2133 1829 2273 1883 cultu
2317 1833 2396 1884 in-

382 1917 526 1959 terno
572 1907 625 1959 ὅε·
668 1906 759 1978 qui
802 1905 856 1957 in
900 1916 1107 1958 externo
1150 1902 1284 1967 inde,
1336 1902 1488 1970 talia-¹
1527 1903 1911 1975 interpretentur
1969 1904 2022 1956 in
2066 1904 2279 1969 bonum,
2343 1907 2398 1958 &

381 1979 634 2044 excusent,
679 1979 810 2033 vers:
854 1978 1097 2049 23.'Q1j
1123 1977 1175 2030 in
1210 1976 1352 2030 cultu
1388 1973 1607 2049 separato
1632 1989 1838 2037 externo
1870 1978 1997 2041 sunt,
2041 1979 2180 2049 quod
2224 1975 2395 2032 viliffi-

383 2055 476 2118 mi,
518 2055 656 2109 vers:
683 2071 775 2123 24,
807 2070 836 2106 2
845 2070 893 2124 5.
938 2054 992 2107 δῦ
1035 2052 1172 2124 quod
1200 2052 1354 2125 usque
1379 2053 1494 2105 vilia
1518 2051 1707 2105 servitia
1730 2050 1955 2124 praestare
1995 2064 2179 2124 queant
2219 2053 2271 2105 in
2293 2053 2396 2106 Ec-

384 2128 514 2193 lefia‚
552 2129 678 2183 vers:
725 2128 812 2191 26,
844 2145 929 2202 27.
1523 2126 1527 2129 *
1680 2123 1686 2130 ’

416 2250 422 2256 ,
463 2204 588 2277 976.
631 2204 830 2274 Ultimo
871 2201 1160 2260 describitur
1185 2200 1623 2259 Primae-Ecclefiae
1659 2199 1895 2275 Antiquae
1920 2199 2113 2255 duratio
2152 2201 2206 2254 δι
2246 2199 2400 2258 status

384 2296 474 2354 per
508 2296 664 2333 annos
702 2277 852 2334 aetatis
876 2275 1098 2342 Noachi,
1139 2275 1275 2331 vers:
1321 2275 1410 2341 28,
1440 2292 1527 2349 29.

384 2462 2397 2543 ῢξὲἓῒξὲἰξὲἒῖἓὲξὲξὲΰξῒίἓὲἒέΐίἓῖεὶίἑὲἰὲἓίἓὲἰᾷξὲἰέἓξὲἰέἒίᾃξὲἰξτδξὲἰὲἓδξέἰᾷῖξέἱὲἓ

411 2698 413 2701 ,
740 2626 1213 2709 ΒΕΝ-ΞΠΒ
1328 2623 2025 2711 INTER-‚NUa

389 2777 501 2828 977.
524 2761 735 2889 HIC
765 2761 871 2828 quia
896 2761 1048 2824 agitur
1071 2761 1127 2808 de
1163 2759 1351 2807 homine
1373 2769 1651 2822 regenerato,
1686 2757 1840 2820 paucis
1864 2754 2129 2810 dicendum,
2166 2753 2308 2816 qualis
2331 2752 2395 2802 est

689 2827 937 2892 respective
961 2828 1016 2875 ad
1042 2827 1277 2875 hominem
1302 2842 1394 2874 non
1419 2836 1758 2888 regeneratum,
1794 2822 1901 2868 inde
1938 2819 2058 2866 nosci
2083 2818 2245 2882 potest,
2282 2836 2394 2883 qua-

386 2894 442 2943 lis
464 2910 583 2942 unus
602 2895 653 2941 &
675 2895 820 2958 qualis
844 2894 970 2941 alter.
1027 2893 1188 2957 Apud
1229 2893 1464 2940 hominem
1501 2900 1814 2953 regeneratum
1866 2885 1930 2932 est
1959 2885 2241 2933 Conscientia
2287 2886 2397 2935 boni

390 2963 442 3011 &
461 2961 578 3016 veri,
601 2975 660 3006 vex
684 2960 952 3008 conscientia
988 2960 1096 3008 facit
1120 2960 1313 3012 bonum,
1351 2959 1401 3005 δε
1418 2973 1474 3004 ex
1502 2954 1773 3003 conscientia
1794 2953 1966 3015 cogitat
1997 2968 2177 3009 verum,
2218 2952 2396 3013 bonum

389 3026 518 3091 quod
540 3024 647 3074 facit
665 3025 731 3074 est
754 3026 929 3076 bonum
953 3026 1192 3081 charitatiS,
1217 3026 1267 3071 δε
1291 3039 1453 3070 verum
1478 3021 1604 3084 quod
1621 3020 1801 3083 cogitat
1825 3018 1887 3065 est
1910 3033 2073 3065 verum
2093 3018 2197 3066 fidei
2219 3041 2234 3075 3
2270 3015 2396 3083 apud
2438 3044 2446 3054 ι’

388 3095 624 3157 hominem
643 3107 742 3140 non
765 3105 1095 3156 regeneratum,
1119 3089 1298 3138 non-est
1314 3087 1598 3144 conscientia,
1634 3086 1666 3133 fi
1691 3086 1855 3149 aliqua,
1899 3101 1990 3134 non
2019 3085 2083 3132 est
2116 3084 2394 3134 conscientia

386 3159 579 3213 faciendi
603 3158 778 3208 bonum
802 3174 862 3209 ex
881 3158 1105 3216 charitate,
1153 3158 1201 3203 &
1226 3154 1457 3219 cogitandi
1480 3169 1644 3200 verum
1668 3169 1722 3199 ex
1746 3151 1854 3207 fide,
1890 3150 1963 3199 sed
1986 3168 2042 3199 ex
2065 3151 2217 3216 aliquo
2240 3167 2394 3201 amore

389 3239 574 3297 propter
598 3225 639 3276 se
661 3237 740 3275 aut
771 3236 959 3290 propter
988 3217 1238 3283 mundum,
1271 3237 1408 3288 quare
1427 3220 1491 3272 est
1507 3219 1775 3271 conscientia
1796 3217 1944 3284 spuria
1963 3218 2039 3268 vel
2059 3217 2186 3333 falsal.¹
2210 3212 2212 3215 ’
2246 3217 2394 3293 Apud

1534 3320 1542 3326 .
2188 3298 2394 3333 ominem
