2788 3736
406 243 542 331 55²-
943 216 1929 294 GENESIS.

396 370 774 441 tepraesentativa,
810 375 936 431 patet
951 363 1098 429 quod,
1139 366 1174 389 “
1209 359 1355 408 Venit
1371 357 1528 407 evasor
1553 356 1603 405 &
1623 357 1892 417 indicavit,”
1908 361 2143 418 nonfaliud
2162 362 2404 428 significet,

398 457 541 508 quarn
575 437 700 502 quod
739 435 970 483 Dominus
1005 428 1258 495 perceperit
1284 446 1296 476 ι
1334 427 1461 492 quod
1492 428 1540 473 in
1581 426 1790 478 Externo
1813 428 2023 475 Homine
2046 435 2292 495 peragitur,
2325 434 2403 482 In·-

403 509 539 555 terior
555 506 721 553 Homo
743 500 937 565 percipit
960 498 1072 546 ficut
1095 494 1213 544 foret
1235 494 1359 559 quasi
1382 495 1484 558 quis
1508 493 1726 541 indicaret
1753 516 1767 549 3
1802 495 2051 551 DominuS,
2084 498 2182 560 Qi
2218 515 2404 564 percep-

405 564 574 621 tionem
620 569 848 623 omnium,
885 582 990 629 quae
1027 563 1213 620 fiebant,
1250 562 1424 618 habuit,
1467 560 1699 608 manifeste
1733 563 1865 608 novit
1896 561 2047 626 qualia
2075 563 2126 610 ὅτ
2165 565 2287 613 unde
2309 566 2403 624 illa,

403 656 509 702 quae
546 635 667 700 apud
715 633 870 698 Ipsum
905 630 1152 680 existebant
1178 652 1192 686 3
1228 642 1280 676 ut
1302 629 1335 675 fi
1351 627 1466 692 quid
1502 627 1612 675 mali
1642 641 1885 693 occuparet
1907 628 2098 677 Externi
2119 629 2317 678 hominis
2339 631 2406 680 af-v

404 705 634 760 sectiones,
671 713 750 748 aut
772 700 805 747 fi
828 699 940 763 quid
976 696 1071 746 falfi
1090 699 1184 762 ejus
1202 697 1517 760 cognitiones,
1553 710 1645 743 non
1668 697 1819 758 potuit
1843 711 1934 744 non
1967 696 2087 743 noffe
2113 696 2247 760 quale
2286 698 2420 756 effet,

403 772 453 818 δε
476 770 613 826 unde,
650 768 723 816 sed
741 768 879 814 etiam
908 767 1095 830 quinam
1138 764 1317 828 spiritus
1343 762 1451 810 mali
1475 763 1725 810 excitarent
1765 762 1858 820 illa,
1894 763 1946 809 ὅτ
1968 764 2208 826 quomodo
2239 766 2410 812 excita-

404 850 519 895 rent,
554 848 718 900 praeter
736 833 899 898 plura;
936 848 1043 880 nam
1061 831 1166 879 talia
1189 832 1238 878 ὅτ
1257 828 1602 883 innumerabilia
1619 829 1705 876 alia
1727 845 1820 877 non
1836 829 1977 877 latent
1993 829 2221 894 Angelos,
2257 832 2306 880 ὅτ
2328 832 2411 879 vix

405 903 612 952 homines
627 903 706 966 qui
730 900 1066 964 perceptionem
1091 896 1322 945 coelestem
1339 893 1521 954 habent,
1559 897 1711 943 minus
1726 897 2002 944 Dominum.

478 986 616 1033 1702.
656 967 801 1030 Qod
830 965 1011 1013 Abram
1044 964 1274 1012 Hebraeus
1314 963 1368 1011 s1t
1389 964 1581 1011 Interior
1610 962 1769 1020 homo,
1806 964 1882 1010 cui
1925 960 2163 1027 adjunctus
2201 963 2413 1014 Internus

406 1034 480 1093 seru
503 1036 720 1091 Divinus,
755 1031 955 1080 constare
971 1030 1118 1095 potest
1143 1047 1169 1077 a
1201 1030 1528 1093 significatione
1559 1028 1758 1077 Abrami
1788 1029 1999 1086 Hebraei,
2020 1030 2150 1096 ‘scuta
2170 1034 2412 1094 cognomi-

409 1103 589 1149 natione
613 1100 826 1157 Abrami,
862 1100 989 1161 quod
1007 1098 1081 1145 hic
1119 1097 1295 1144 dicatur
1317 1096 1552 1144 Hebraeus
1567 1131 1582 1152 ,
1618 1097 1665 1141 in
1689 1091 2052 1158 praecedentibus
2077 1098 2126 1145 δι
2151 1100 2199 1144 in
2224 1098 2410 1162 sequen-

409 1168 546 1224 tibus,
583 1166 661 1214 ubi
700 1167 757 1212 de
790 1164 1018 1220 Abramo,
1054 1179 1147 1210 non
1194 1162 1447 1225 appellatur
1483 1161 1733 1217 Hebraeus,
1768 1161 1842 1208 hic
1874 1160 2040 1219 solum,
2085 1180 2224 1225 quare
2257 1164 2425 1220 distin--

410 1235 536 1281 Etum
583 1231 694 1296 quid
719 1230 841 1293 apud
877 1229 1143 1277 Dominum
1178 1226 1519 1290 repraesentatur
1542 1227 1590 1274 &
1615 1226 1893 1288 fignificatur
1914 1243 1994 1290 per
2017 1229 2282 1277 Abramum
2311 1233 2414 1278 He-

408 1300 619 1354 braeum,
655 1297 766 1360 quid
788 1294 1128 1359 repraesentatur
1150 1294 1200 1341 δε
1240 1291 1538 1356 significatur,
1572 1290 1773 1340 constare
1819 1292 1967 1355 potest
2001 1310 2028 1341 a
2064 1294 2186 1343 sensu
2218 1298 2416 1356 internO,

410 1382 575 1428 nempe
594 1363 719 1430 quod
745 1362 798 1410 fit
812 1361 1005 1410 Interior
1017 1362 1186 1408 Homo
1211 1358 1448 1422 adjunctus
1465 1361 1650 1408 Interno
1672 1357 1746 1406 seu
1771 1360 1964 1416 Divino,
2000 1371 2053 1408 ut
2079 1377 2265 1425 quoque
2302 1379 2413 1411 con·
2447 1404 2449 1407 ,

339 1470 341 1473 f
407 1428 520 1479 stare
539 1429 689 1495 ¹potest
723 1445 749 1476 a
784 1427 891 1476 serie
929 1443 1080 1475 rerum
1118 1428 1165 1473 in
1190 1425 1312 1473 sensu
1352 1426 1529 1474 interno
1548 1447 1579 1480 ς,
1598 1424 1793 1472 Hebraei
1838 1427 1885 1472 in
1909 1426 2064 1474 Verbo
2106 1431 2417 1488 nominantur,

411 1513 521 1545 cum
570 1495 846 1560 significatur
875 1493 1047 1557 aliquid
1084 1491 1270 1550 servitii,
1305 1491 1619 1555 qualecunque
1650 1491 1719 1548 s1t,
1755 1503 1808 1539 ut
1830 1507 1856 1539 a
1879 1491 2178 1555 sequentibus
2218 1495 2418 1545 constare
2431 1531 2437 1534 *-

410 1562 556 1627 potest
576 1585 590 1618 ;
627 1562 818 1610 Interior
840 1562 1007 1608 Homo
1029 1559 1127 1607 talis
1151 1558 1230 1615 est,
1266 1558 1394 1621 quod
1418 1559 1625 1605 inserviat
1646 1558 1830 1606 Interno
1851 1555 1926 1605 seu
1949 1560 2143 1616 Divino,
2177 1577 2314 1624 quare
2337 1562 2411 1610 hic

408 1631 600 1677 Interior
635 1629 778 1676 homo
800 1627 1051 1691 appellatur
1075 1624 1254 1672 Abram
1283 1623 1529 1671 Hebraeus.
1602 1623 1733 1687 Qid
1749 1624 1940 1671 Interior
1957 1624 2116 1681 homo,
2153 1627 2234 1672 vix
2255 1627 2416 1691 aliquis

411 1699 557 1751 novit,
593 1710 728 1758 quare
750 1695 903 1756 paucis
920 1691 1193 1748 dicendum,
1226 1691 1418 1738 Interior
1441 1691 1610 1738 Homo
1648 1689 1712 1736 est
1734 1689 1914 1737 medius
1953 1691 2069 1738 inter
2090 1693 2326 1741 Internum
2363 1695 2415 1743 ὅτ

411 1762 687 1815 Externum3
723 1776 803 1824 per
818 1760 1087 1807 Interiorem
1103 1758 1366 1806 Hominem
1387 1758 1701 1804 communicat
1714 1755 1921 1805 Internus
1944 1773 2055 1805 curn
2070 1758 2292 1817 Externo‚
2316 1759 2416 1808 abs-

412 1843 500 1890 que
525 1828 604 1874 illo
641 1827 812 1884 medic,
848 1825 1070 1889 nusquam
1107 1824 1202 1872 dari
1239 1823 1387 1888 potest
1422 1823 1570 1888 aliqua
1614 1824 2004 1880 communicatio,
2039 1824 2221 1874 coeleste
2249 1825 2313 1873 est
2335 1825 2409 1874 di-

413 1893 626 1940 stinetum
655 1909 679 1940 a
719 1892 931 1949 naturali,
957 1893 1009 1939 ὅτ
1048 1891 1197 1942 adhuc
1237 1891 1385 1956 magis
1424 1907 1450 1939 a
1473 1906 1709 1954 corporeo,
1745 1889 1825 1937 nifi
1862 1890 1918 1938 fit
1940 1891 2148 1939 medium
2170 1907 2251 1956 per
2283 1892 2415 1956 quod

413 1961 786 2017 communicatio,
821 1957 1042 2022 nusquam
1075 1957 1257 2006 coeleste
1295 1957 1442 2021 potest
1478 1959 1652 2022 operari
1675 1959 1723 2005 in
1746 1957 1961 2015 naturale,
2001 1959 2155 2006 minus
2179 1959 2227 2006 in
2249 1974 2418 2023 corpo-

415 2036 543 2073 reum
572 2049 585 2082 ;
622 2027 814 2073 Interior
830 2027 997 2073 Homo
1033 2024 1096 2072 est
1118 2026 1199 2088 qui
1223 2023 1390 2071 dicitur
1428 2025 1676 2072 Rationalis
1709 2023 1868 2082 homo,
1903 2027 1983 2087 qui
2022 2024 2183 2083 homo,
2217 2026 2325 2090 quia
2347 2025 2412 2073 est

416 2093 609 2149 medius,
636 2094 946 2140 communicat
969 2107 1078 2138 cum
1095 2091 1295 2146 Interno‚
1321 2089 1401 2138 ubi
1424 2090 1487 2137 est
1511 2090 1660 2155 ipsum
1676 2089 1915 2139 bonum&
1938 2107 2120 2149 verum,
2158 2094 2208 2140 ὅτ
2230 2107 2417 2155 quoque

413 2160 720 2206 communicat
751 2174 860 2206 cum
888 2159 1117 2214 exteriori,
1152 2157 1230 2204 ubi
1267 2156 1330 2204 est
1352 2157 1528 2205 malum
1543 2158 1594 2205 &
1617 2155 1777 2204 falsum
1797 2180 1814 2212 ς
1847 2164 1930 2220 per
1951 2159 2416 2205 communicationem

415 2240 524 2271 curn
562 2226 743 2272 Interno
783 2225 929 2289 potest
952 2224 1093 2285 homo
1116 2225 1315 2287 cogitare
1338 2224 1396 2271 de
1418 2222 1676 2271 coelestibus
1709 2224 1759 2269 δε
1783 2221 2088 2310 spiritualibus
2125 2222 2201 2270 seu
2223 2223 2420 2287 spectare

417 2288 606 2349 sursum,
640 2291 764 2355 quod
807 2290 959 2339 bestiae
991 2302 1220 2353 nequeunt
1244 2313 1259 2346 3
1293 2306 1373 2354 per
1389 2287 1854 2351 communicationem
1872 2305 1982 2336 cum
2005 2290 2242 2337 Exteriori
2266 2289 2421 2353 potest*

418 2354 559 2403 homo
595 2359 791 2420 cogitare
819 2358 876 2404 de
899 2357 1140 2403 mundanis
1163 2358 1212 2403 ὅτ,
1251 2358 1494 2419 corporeis,
1529 2354 1604 2402 seu
1627 2355 1820 2419 spectare
1844 2355 2070 2412 deorsum,
2110 2357 2192 2402 vix
2220 2355 2345 2403 aliter
2365 2363 2423 2404 ac'

420 2421 570 2468 besti'ae
593 2438 698 2485 quae
719 2422 920 2469 similiter
943 2421 1091 2468 ideam
1112 2420 1387 2469 terrestrium
1405 2421 1600 2476 habent;
1625 2421 1783 2476 verbo,
1801 2421 1991 2469 Interior
2014 2422 2098 2469 seu.
2128 2422 2306 2468 medius
2331 2422 2414 2470 ho-

421 2503 502 2534 mo
518 2489 582 2536 est
602 2488 699 2552 Ipse
721 2488 973 2536 Rationalis
996 2488 1182 2545 Homo,
1217 2489 1298 2550 qui
1328 2487 1564 2552 spiritualis
1596 2499 1672 2535 aut
1696 2487 1891 2535 coelestis
1914 2489 1978 2535 est
2001 2487 2302 2551 cumspectat
2326 2488 2420 2536 sur-

421 2553 539 2611 sum,
574 2568 620 2602 at
659 2554 861 2602 animalis
896 2569 1004 2601 cum
1029 2553 1195 2617 spectat
1223 2553 1460 2602 deorsum:
1499 2564 1662 2601 notum
1694 2553 1773 2611 est,
1795 2554 1933 2616 ,quod
1958 2553 2103 2603 homo
2138 2554 2247 2602 scire
2270 2557 2420 2618 possit,

420 2621 547 2681 quod
570 2621 694 2668 aliter
709 2621 920 2684 loquatur-
938 2635 1085 2684 *quam
1106 2622 1292 2684 cogitat,
1327 2621 1377 2668 δι
1411 2620 1537 2668 aliter
1560 2619 1693 2667 faciat
1710 2636 1848 2683 quam
1874 2620 1992 2678 vult,
2029 2623 2081 2669 &
2098 2621 2228 2685 quod
2245 2621 2423 2668 fimula-

422 2687 488 2732 tio
505 2703 555 2734 ac
579 2687 710 2734 dolus
725 2688 875 2746 detur,
913 2699 1015 2734 tum
1039 2687 1163 2750 quod
1192 2688 1305 2744 ratio
1329 2685 1402 2733 seu
1420 2686 1630 2744 rationale
1653 2686 1722 2743 fit,
1758 2686 1974 2750 quodque
1996 2687 2093 2736 hoc}
2112 2688 2296 2735 interius
2318 2688 2425 2749 quia

422 2752 643 2800 dissentire
665 2756 798 2816 poffit
817 2776 831 2809 ς
867 2766 919 2801 ut
941 2754 990 2800 δε
1014 2753 1142 2816 quod
1158 2753 1281 2816 apud
1296 2754 1654 2816 regenerandum
1670 2752 1839 2816 aliquid
1863 2754 2046 2800 interius
2069 2753 2129 2800 {It
2149 2752 2276 2814 quod
2300 2768 2423 2815 pug-

423 2829 499 2863 nat
522 2834 629 2864 cum
644 2821 855 2866 exteriori
879 2843 893 2875 ;
927 2819 1014 2866 hoc
1039 2820 1239 2875 interius,
1275 2820 1402 2883 quod
1424 2820 1550 2867 aliter
1567 2820 1736 2883 cogitat
1759 2820 1809 2866 &
1823 2819 1948 2866 aliter
1963 2770 2136 2943 vult&
2158 2818 2285 2880 quod
2303 2834 2423 2881 pug-

424 2894 516 2939 nat,
553 2883 617 2929 est
634 2886 814 2932 interior
831 2885 971 2947 homo
992 2908 1006 2942 ;
1042 2886 1087 2932 in
1113 2887 1311 2935 interiori
1334 2886 1421 2933 hoc
1439 2886 1622 2933 homine
1645 2885 1707 2931 est
1724 2884 1989 2933 conscientia
2005 2900 2093 2946 apu
2151 2883 2428 2947 spiritualem

425 2947 675 3004 hominem,
711 2951 760 2996 δε
800 2950 862 2996 est
898 2953 1131 3014 perceptio
1176 2952 1300 3015 apud
1335 2952 1587 2999 coelestem:
1624 2952 1814 3011 Interior
1859 2950 1932 2996 hic
1955 2947 2131 3001 Home>
2154 2949 2449 3015 conjunctus.

424 3015 606 3062 Interno
628 3015 802 3061 Divino
819 3018 936 3077 apud
961 3018 1237 3073 Dominum,
1273 3017 1336 3063 est
1359 3019 1439 3079 qui
1464 3018 1536 3063 hic
1554 3017 1803 3078 appellatur
1827 3015 2003 3062 Abram
2021 3016 2273 3076 Hebraeus.

499 3097 633 3146 1703.
670 3080 816 3143 Qod
862 3081 1090 3127 Hebraeus
1113 3084 1160 3127 in
1180 3079 1336 3129 Verbo
1371 3082 1646 3145 praedicetur
1669 3081 1725 3128 de
1755 3081 1840 3128 illis
1873 3098 1979 3145 quae
2003 3081 2117 3143 sunt}
2135 3082 2323 3146 alicujus
2340 3082 2425 3129 ser-

423 3148 541 3204 vitii,
577 3145 746 3201 constat
770 3162 796 3192 a
818 3145 1104 3209 sequentibus
1121 3147 1264 3202 locis;
1300 3147 1423 3210 apud
1446 3146 1626 3202 Mosen,
1666 3152 1698 3173 “
1725 3148 1929 3210 Qlando
1946 3149 2180 3197 vendetiur
2203 3150 2286 3196 tibi
2303 3147 2456 3195 frater'

424 3219 458 3240 “
483 3226 587 3260 tuus
604 3213 808 3261 Hebraeus
831 3223 908 3259 aut
931 3213 1132 3269 Hebraea,
1171 3214 1219 3258 &
1234 3214 1400 3275 ſserviet
1423 3213 1506 3259 tibi
1540 3212 1615 3260 sex
1640 3229 1795 3270 annOS,
1831 3215 1880 3262 &
1906 3216 1953 3260 in
1992 3216 2121 3262 anno),
2151 3216 2342 3278 septimo
2364 3215 2439 3260 di-

427 3281 637 3327 “mittes
658 3294 765 3326 eum
788 3278 982 3328 liberum
1000 3294 1024 3327 a
1047 3279 1252 3336 tecum,''
1276 3280 1431 3328 Deut:
1467 3295 1531 3327 xv
1553 3297 1564 3328 ε
1599 3296 1669 3329 12.
1704 3280 1784 3327 ubi
1808 3280 2053 3329 Hebraeus
2068 3279 2127 3331 fac
2150 3278 2439 3331 Hebraea.di-

2302 3346 2441 3404 citur,
