2788 3736
367 286 495 333 ω
819 242 2006 358 ..oie-Nesse„

360 400 569 448 intrarint
592 397 638 446 in
661 411 829 453 arcam,
866 393 987 444 vers:
1022 411 1099 455 14,
1132 411 1207 460 15,
1240 395 1311 446 16.
1349 393 1424 444 sed
1447 410 1557 444 cum
1593 396 1807 445 varietate
1828 397 2123 448 conveniente
2142 401 2191 450 &
2230 402 2377 466 appli-

366 466 502 515 cabili
528 466 599 513 hic
633 464 690 511 ad
713 462 979 512 Ecclesiam.
1918 497 1933 504 ,

439 533 548 596 767.
587 530 733 593 Qod
767 530 972 577 intrarint
1012 529 1060 576 in
1089 545 1257 586 arcam,
1294 529 1521 593 significet
1562 528 1755 590 salvatos
1784 529 1887 588 effe,
1938 547 2103 597 nempe
2142 531 2380 585 hominem

369 598 604 654 Ecclefiae,
641 598 723 660 qui
743 597 982 654 Noachus,
1017 597 1067 649 δε
1088 596 1148 643 ab
1172 597 1253 644 illo
1277 597 1594 645 descendentes
1618 599 1667 645 δε
1691 596 1914 645 derivatas
1932 598 2152 647 Ecclefias
2172 614 2378 658 caeteras,

369 665 428 712 de
461 664 627 778 quiibus
660 665 736 713 hic
775 663 938 721 sermo,
975 662 1173 711 constare
1213 663 1361 729 potest
1392 664 1546 721 exiis,
1581 679 1691 730 quae
1714 666 1840 729 prius
1860 664 1921 712 de
1944 666 2116 715 intrare
2140 668 2188 714 in
2211 683 2379 726 arcam,

370 732 492 780 dicia
535 742 630 779 unt.
1092 750 1095 753 ·
2104 760 2107 763 ,
2362 732 2365 735 ’

442 799 551 863 768.
591 797 738 862 Qod
761 814 844 862 per
871 797 1137 855 Noachum‚
1174 797 1457 862 significetur
1479 798 1608 862 quod
1635 795 1723 847 fuit
1745 798 1981 857 Ecclefiae,
2017 790 2175 863 &per
2196 799 2380 859 Schem,

367 865 520 914 Cham
545 866 595 913 δε
619 865 838 930 Japheth,
873 865 1002 929 quod
1035 864 1125 913 fuit
1146 865 1449 913 Ecclefiarum
1480 864 1605 922 inde,
1641 864 1816 913 constat
1847 882 1903 913 ex
1926 883 2000 924 eo,
2035 867 2166 930 quod
2190 867 2264 915 hic
2289 883 2382 917 non

373 933 460 980 filii
485 930 598 995 ejus,
623 945 676 980 ut
708 933 835 995 prius
859 931 983 980 vers:
1013 948 1060 996 7,
1097 931 1172 980 sed
1204 932 1288 996 ipsi
1312 932 1466 996 quoad
1488 933 1693 988 nomina,
1731 933 1973 989 dicantur;
2009 950 2118 982 cum
2143 936 2386 995 nominan-

364 1011 449 1053 ,tur
470 1000 548 1058 ita,
577 999 833 1064 fignificant
865 999 1106 1047 hominem
1131 998 1383 1056 Eccleslae3
1431 999 1576 1047 homo
1611 999 1833 1048 Ecclesiae
1873 1017 1967 1048 non
2002 999 2149 1049 solum
2190 1000 2254 1048 est
2293 1000 2386 1065 ipsa

373 1064 591 1124 Ecclesia,
643 1066 722 1115 sed
761 1082 901 1115 omne
924 1066 1174 1122 Ecclefiae·,
1223 1065 1288 1113 est
1309 1081 1405 1114 vox
1432 1068 1698 1122 communis
1736 1067 2124 1131 comprehendens
2163 1068 2388 1132 quicquid

371 1132 439 1181 est
475 1133 710 1191 Ecclefiae,
747 1134 862 1180 ficut
898 1133 1025 1198 prius
1065 1133 1245 1180 dicium
1285 1133 1344 1180 de
1366 1133 1697 1197 Antiquissima
1720 1134 1939 1191 Ecclesia,
1975 1150 2084 1198 quae
2129 1134 2251 1182 dista
2295 1133 2387 1184 fuit
2434 1182 2439 1187 ,

372 1200 563 1259 Homo,
598 1200 803 1247 similiter
833 1199 889 1246 de
928 1201 1120 1256 caeteris‚
1155 1201 1236 1263 qui
1262 1201 1485 1247 nominati
1524 1198 1666 1256 sunt3
1705 1201 1768 1248 ita
1804 1217 1886 1265 per
1907 1201 2176 1259 Noachum,
2213 1203 2264 1249 δε
2303 1217 2388 1265 per

376 1266 564 1325 Schem,
600 1266 748 1314 Cham
774 1267 822 1313 δε
848 1265 1065 1330 Japheth,
1102 1266 1380 1329 significatur
1397 1266 1622 1329 quicquid
1644 1265 1712 1313 est
1737 1267 1970 1324 Ecclesiae,
2005 1267 2056 1317 δε
2081 1267 2387 1316 Ecclefiamm

367 1334 498 1391 finde,
522 1335 571 1381 in
593 1349 688 1381 uno
710 1333 975 1398 complexu,
995 1332 1092 1380 talis
1115 1332 1178 1381 est
1201 1331 1342 1396 stylus
1364 1333 1416 1381 &
1441 1331 1609 1381 modus
1628 1332 1854 1397 'loquendi
1879 1335 1927 1382 in
1943 1334 2101 1388 Verbo
2120 1357 2134 1390 ς
2170 1334 2284 1381 ficut
2305 1334 2386 1381 ubi

375 1401 642 1447 nominatur
673 1399 835 1461 JudaS‚
872 1399 1171 1463 significatur,
1221 1400 1345 1463 apud
1381 1399 1630 1464 Prophetas
1667 1400 1925 1464 plurimum
1949 1400 2151 1448 Ecclesia
2175 1399 2386 1448 Coelestis

373 1468 450 1515 seu
483 1466 711 1531 quicquid
747 1465 811 1514 est
834 1466 1051 1514 Ecclefiae
1068 1489 1084 1522 ·,
1120 1466 1205 1514 ubi·
1241 1467 1504 1514 nominatur
1526 1464 1654 1514 Israel
1689 1466 1970 1530 fignificatur
2002 1467 2259 1530 plurimum
2297 1466 2391 1515 Ec-

374 1533 505 1582 clefia
534 1532 804 1597 Spiritualis‚
859 1531 932 1581 seu
972 1532 1198 1596 quicquid
1236 1531 1302 1579 est
1327 1533 1543 1581 Ecclefiae
1583 1532 1739 1588 illius;
1792 1531 1873 1580 ubi
1907 1533 2073 1594 Jacob,
2108 1533 2388 1597 significatur

346 1599 580 1650 >Ecclesia
616 1609 832 1654 externa;
868 1614 976 1647 nam
1013 1599 1137 1663 apud
1174 1601 1537 1663 unumquemvis
1579 1599 1815 1655 hominem
1839 1599 2058 1648 Ecclefiae
2093 1600 2227 1647 datur
2249 1601 2389 1648 inter-

375 1683 492 1715 num
516 1665 734 1714 Ecclesiae
773 1665 824 1713 &
862 1677 1121 1722 externum,
1174 1667 1411 1714 internum
1450 1665 1516 1713 est
1554 1665 1635 1713 ubi
1658 1681 1766 1714 vera
1789 1665 2007 1724 Ecclesia,
2042 1677 2290 1721 externum.
2322 1666 2390 1715 est

372 1733 504 1799 quod
543 1733 666 1792 inde,
702 1732 750 1779 id
781 1730 848 1779 est
869 1730 1044 1793 Jacob:
1080 1731 1205 1780 aliter
1245 1748 1354 1780 cum
1389 1747 1484 1780 non
1524 1733 1852 1782 nominanturz
1902 1732 2047 1790 causa,
2081 1733 2211 1796 quod
2234 1735 2295 1782 ita
2314 1733 2388 1791 fit,

373 1801 455 1858 est,
491 1799 621 1864 quod
644 1798 686 1846 se
708 1797 902 1848 referant
940 1810 1051 1847 tunc
1084 1798 1143 1846 ad
1166 1800 1390 1862 Regnum
1411 1799 1609 1848 Domini
1642 1797 2020 1863 repraesentative,
2051 1799 2288 1848 Dominus
2323 1800 2390 1849 est
2422 1796 2425 1798 ’

374 1868 517 1918 Solus
531 1867 702 1915 Homo
722 1866 774 1915 &
791 1864 858 1914 est
880 1881 1018 1914 omne
1042 1867 1199 1930 Regni
1226 1866 1308 1924 sui,
1343 1867 1395 1915 δε
1417 1866 1527 1931 quia
1549 1866 1753 1915 Ecclefia
1790 1865 1853 1914 est
1875 1867 2098 1930 Regnum
2121 1866 2319 1915 Domini
2342 1869 2390 1916 in

374 1935 522 1991 terris,
557 1932 623 1981 est
644 1934 877 1982 Dominus
900 1933 1038 1981 Solus
1056 1949 1195 1980 omne
1217 1933 1434 1983 Ecclesiae
1454 1952 1466 1982 ε
1502 1949 1641 1982 omne
1665 1932 1881 1982 Ecclefiae
1904 1933 1970 1982 est
1993 1934 2149 1981 Amor
2181 1932 2255 1981 seu
2281 1933 2386 1981 cha-

374 2003 497 2058 ritaS‚
533 2016 671 2064 quare
688 2001 874 2055 Homo,
910 1999 984 2047 seu
1001 2000 1127 2063 quod
1149 2000 1292 2059 idem,
1329 2002 1515 2049 nomine
1539 2000 1820 2058 nominatus,
1844 1999 2071 2064 fignificat
2093 2015 2299 2048 amorem
2317 1999 2393 2049 seu

374 2067 655 2124 charitatem,
707 2065 795 2114 hoc
834 2065 914 2124 est,
966 2074 1121 2115 omne·
1143 2066 1380 2126 Ecclefiae‚
1431 2069 1483 2117 δι’
1515 2079 1627 2116 tunc
1672 2083 1795 2115 uxor
1842 2066 2108 2131 simpliciter
2135 2065 2389 2115 Ecclesiam

374 2149 485 2199 quae
522 2133 663 2190 inde·,
705 2145 758 2181 ut
793 2149 978 2199 quoque
1010 2134 1099 2181 hic.
1169 2133 1259 2181 Sed
1297 2134 1452 2199 quales
1491 2134 1710 2183 Ecclefiae
1748 2133 2060 2198 significantur
2094 2148 2177 2196 per
2204 2132 2390 2191 Schem,

376 2201 543 2259 Cham,
594 2201 646 2250 &
686 2199 904 2265 Japheth,
953 2201 1002 2249 in
1048 2199 1353 2266 sequentibus,
1406 2217 1464 2250 ex
1500 2202 1675 2250 Divina
1711 2200 1908 2249 Domini
1947 2198 2283 2259 Misericordia,
2318 2199 2390 2249 di-

375 2281 521 2318 cetur.
968 2317 972 2322 ,

442 2332 559 2401 ‘769⁶
596 2333 745 2399 Qod
783 2350 865 2399 per
896 2334 1018 2383 filios
1038 2335 1221 2385 Noaehi
1262 2335 1575 2400 fignificentur
1596 2333 1880 2392 doekrinalia,
1916 2331 2090 2384 constat
2111 2349 2138 2381 a
2168 2332 2394 2398 fignifica-

376 2401 503 2450 tione
543 2399 764 2459 filiorum,
800 2400 859 2448 de
886 2417 977 2465 qua
1014 2404 1177 2466 prius·,
1212 2403 1414 2453 Ecclesia
1451 2403 1576 2451 enim
1610 2418 1704 2451 non
1744 2401 1843 2450 dari
1864 2402 2015 2467 potest
2037 2399 2200 2466 absque
2223 2400 2394 2449 doetri-
2456 2424 2476 2452 '.

376 2468 575 2542 nalibUS,
608 2484 749 2534 quare
784 2469 923 2517 etiam
961 2485 1056 2518 non
1093 2468 1242 2520 solum
1276 2467 1591 2528 nominantur,
1625 2468 1704 2519 sed
1735 2469 1875 2518 etiam
1915 2469 2115 2528 additur,
2151 2467 2279 2534 quod
2309 2467 2395 2517 filii

376 2551 560 2668 eju{72
597 2602 745 2678 Qod
785 2618 867 2678 per
894 2619 1091 2652 uxorem
1127 2604 1311 2655 Noaehi
1345 2599 1626 2669 fignificetui·
1669 2602 1764 2669 ipsa
1802 2572 2025 2661 Ecclesia,
2078 2602 2131 2651 &
2175 2618 2258 2668 per
2303 2612 2395 2678 fres
2424 2668 2427 2670 ‚

299 2683 302 2686 ⁴
378 2686 542 2720 uxores
581 2668 784 2718 fillorum
817 2686 912 2735 ejus
936 2686 1046 2719 cum
1070 2671 1179 2731 illis,
1214 2670 1324 2737 ipsae
1348 2672 1569 2722 Eeclefiae
1599 2671 1724 2730 inde,
1759 2670 1933 2720 constat
1953 2687 2011 2718 ex
2034 2669 2120 2717 illis
2143 2685 2250 2732 quae
2274 2667 2396 2716 dicia
2453 2708 2464 2714 -

377 2736 499 2796 sunt,
534 2752 701 2802 nempe
724 2753 834 2786 cum
858 2738 1002 2787 homo
1024 2738 1242 2788 Ecclefiae
1263 2740 1526 2810 nominatur
1548 2739 1677 2804 quod
1698 2739 1754 2786 fit
1775 2753 1915 2786 omne
1936 2730 2170 2812 Ecclesiae,
2205 2734 2297 2792 seu,
2340 2745 2395 2782 ut

378 2803 1489 2935 23P3¹5231²f35⁶351³¹¹21555¹253255iffv‘g‘ffi‘s‘i’i
1508 2807 1573 2923 ’ἐξ
1596 2800 2393 2928 ῗὲὲῖ-ῗῖἕῗ“ιξῶῗὲῖἱξῆἕε“ἷὲέἒὲ

377 2937 525 2993 ⁴mina,
561 2948 672 2984 tunc
709 2953 790 3001 per
821 2939 976 2987 virum
999 2940 1050 2989 δε
1074 2940 1328 2989 masculum
1357 2939 1674 3004 significantur
1696 2934 2017 2987 Intelleetualia
2038 2934 2113 2984 seu
2137 2950 2243 2985 vera
2264 2934 2392 2994 fidei,

380 3004 435 3054 &
468 3017 551 3068 per
573 3019 766 3051 uxorem
797 3004 848 3052 ὅτ
880 3003 1121 3061 faeminam
1144 3005 1433 3063 Voluntaria,
1468 3005 1543 3054 seu
1575 3004 1696 3053 bona
1717 3003 1839 3051 fidei.

454 3085 564 3135 771.
602 3071 728 3135 Qia
766 3074 1032 3136 unaquaevis
1054 3089 1150 3122 vox
1183 3075 1231 3121 in
1252 3072 1410 3122 Verbo
1446 3088 1473 3120 a
1492 3064 1707 3123 DBmino
1740 3069 1822 3128 est,
1857 3068 1908 3119 sc
1944 3068 2007 3145 itfa
2032 3068 2265 3144 Divinum
2288 3067 2392 3119 uni·-

383 3136 550 3202 cuique
588 3135 718 3195 inest,
753 3137 926 3187 constat
963 3140 1094 3203 quod
1132 3138 1356 3204 nusquam
1394 3138 1544 3205 aliqua
1564 3154 1678 3197 vox,
1712 3154 1770 3187 ne
1811 3136 2002 3202 quidem
2023 3137 2155 3203 Jotha
2177 3138 2248 3195 fit,
2283 3151 2392 3200 quae

384 3220 480 3257 non
501 3202 677 3272 aliquid
698 3203 924 3278 fignificat
952 3205 1005 3257 &
1027 3206 1245 3269 involvit,
1279 3208 1343 3258 ita
1364 3222 1552 3278 quoque
1573 3205 1703 3273 quod
1737 3204 1813 3259 hic
1842 3204 2037 3265 dicatur,
2070 3205 2118 3256 T
2109 3221 2177 3256 res
2208 3216 2390 3276 uxores,
