2788 3736
773 228 1203 292 CAPUT
1294 228 2023 310 SECUNDUM.
2174 224 2176 229 ·
2369 253 2456 316 45

425 371 592 420 dantur
614 370 773 436 spiritu
788 371 978 435 soporis,
1013 388 1063 420 ac
1097 372 1349 420 dormitent
1373 371 1601 419 somnum.
1672 370 1820 436 Qod
1853 370 2093 434 proprium
2118 367 2317 418 hominis
2335 371 2383 419 in
2404 372 2449 421 se

427 450 665 486 mortuum
695 438 766 495 fit,
804 438 877 491 seu
914 439 1043 502 quod
1073 439 1226 487 nullus
1257 438 1455 502 aliquam
1480 439 1627 483 vitam
1659 436 1818 485 habeat
1851 453 1910 484 ex
1949 436 2008 494 se,
2047 434 2283 501 ostensum>
2304 437 2368 484 est
2401 440 2447 487 in

426 505 606 551 mundo
642 503 903 568 spirituum,
936 503 1076 568 usque
1110 506 1240 562 adeo,
1293 516 1346 551 ut
1383 503 1489 551 mali
1530 502 1727 564 spiritus,
1763 505 1843 566 qui
1882 503 1993 550 nihil
2016 502 2098 549 nisi
2121 503 2361 566 proprium
2400 520 2447 551 a·

424 582 570 627 mant,
606 571 656 618 &
692 570 734 618 se
759 588 817 618 ex
847 571 986 619 semet
1008 573 1164 627 vivere
1185 571 1518 617 contumaciter
1538 567 1720 624 instant,
1757 584 1838 632 per
1859 569 1988 616 Vivas
2010 570 2300 632 experientias
2333 587 2444 618 con·

425 636 557 693 viseti,
599 638 649 685 ὅτ.
674 635 783 695 faffi,
819 637 948 701 quod
971 653 1063 683 non
1088 638 1247 684 vivant
1275 650 1331 681 ex
1354 633 1409 681 se.
1482 634 1742 697 Qomodo
1765 633 1807 680 se
1829 633 1988 682 habeat
2011 651 2120 681 cum
2150 637 2339 701 proprio
2360 637 2445 685 ho·

427 703 582 760 minis,
616 703 724 751 scire
768 720 867 767 prae
898 701 994 748 aliis
1036 699 1151 748 mihi
1187 700 1348 748 datum
1377 699 1442 747 est
1471 714 1593 747 nunc
1638 700 1754 746 intra
1781 699 1955 762 aliquot
1986 716 2211 748 annorum
2243 715 2443 768 tempus,

426 769 556 832 quod
585 785 752 832 nempe
774 784 831 814 ne
863 766 1013 814 hilum
1045 767 1350 830 cogitaverim
1369 782 1425 814 ex
1448 777 1637 823 memet,
1672 767 1723 813 δε
1749 763 1981 826 manifeste
1997 767 2228 829 percipere
2261 769 2441 827 datum,

425 835 555 898 quod
587 834 852 898 unaquaevis
876 832 976 880 idea
998 833 1287 897 cogitationis
1324 833 1547 889 influeret,
1582 833 1633 879 &
1666 831 1942 895 quandoque
1974 832 2217 894 quomodo
2245 834 2296 881 &
2320 837 2444 884 unde

424 901 641 948 influeret.
713 899 869 964 Quare
907 898 1068 956 homo,
1104 900 1186 963 qui
1219 911 1352 963 putat
1390 898 1433 946 se
1457 901 1613 946 vivere
1651 914 1708 945 ex
1747 897 1807 955 se,
1848 899 1896 945 in
1931 895 2043 944 falso
2074 897 2155 956 est,
2194 899 2244 946 δε
2280 915 2362 962 per
2394 903 2444 949 id

423 965 553 1028 quod
576 966 721 1016 credit
743 964 956 1026 sezvivere
978 982 1034 1012 ex
1057 965 1117 1023 se,
1152 966 1413 1029 appropriat
1435 966 1517 1013 fibi
1546 980 1686 1013 omne
1701 964 1877 1012 malum
1901 963 1951 1012 ὅτ.
1974 961 2154 1021 falsum,
2188 966 2319 1028 quod
2339 967 2442 1015 nus-

422 1047 563 1095 quam
587 1031 670 1079 fibi
690 1034 1017 1096 appropriaret,
1053 1031 1087 1079 s1
1109 1031 1225 1080 ficut
1246 1048 1316 1079 res
1339 1031 1382 1079 se
1404 1031 1555 1090 habet,
1581 1031 1795 1079 crederet.
2433 1055 2437 1058 >

498 1115 555 1160 15
568 1116 604 1146 1.
640 1098 763 1146 Vers
771 1118 782 1147 :
823 1110 898 1148 22.
940 1100 1005 1146 Et
1026 1097 1260 1161 aedtficavit
1282 1099 1489 1162 Jehovah
1513 1100 1634 1146 Deus
1654 1097 1832 1158 Castam,
1867 1113 1992 1162 quam
2018 1097 2169 1161 sumfit
2190 1097 2241 1146 de
2262 1098 2441 1158 bomine,

422 1166 470 1213 in
491 1164 722 1222 mulierem,
760 1165 816 1215 δ’
841 1163 1023 1212 adduxit
1045 1181 1136 1212 eam
1158 1164 1219 1212 ad
1236 1165 1454 1214 hominem.
1525 1166 1621 1213 Per·
1648 1164 1872 1220 aedificare
1907 1163 2186 1227 significatur
2220 1165 2443 1215 exstruere

422 1229 552 1294 quod
585 1230 762 1295 lapsum
794 1230 893 1286 est;
942 1247 1023 1295 per
1046 1230 1251 1289 Costam‚
1285 1233 1527 1296 proprium
1568 1247 1662 1279 non
1691 1231 2015 1286 vivificatum;
2053 1246 2134 1294 per
2166 1231 2438 1291 Mulierem,

423 1297 667 1361 proprium
705 1314 732 1346 a
751 1299 962 1346 Domino
993 1298 1320 1360 vivificatum3
1364 1314 1445 1362 per
1480 1298 1703 1346 adducere
1739 1297 1797 1345 ad
1821 1296 2076 1354 hominem,
2106 1297 2236 1361 quod
2258 1300 2300 1346 ei
2325 1315 2434 1362 pro-

422 1364 577 1426 prium
600 1363 760 1412 datum
793 1364 861 1412 fit.
931 1363 1172 1413 Posteritas
1212 1362 1347 1428 hujus
1370 1365 1603 1423 Ecclefiae,
1638 1364 1744 1428 quia
1778 1381 1871 1412 non
1901 1376 1954 1411 ut
1987 1375 2210 1427 parentes,
2248 1365 2444 1414 coelestis

422 1430 567 1477 homo
604 1430 755 1478 voluit
792 1431 895 1488 effe,
930 1429 1007 1478 sed
1042 1430 1180 1479 semet
1197 1451 1199 1453 >
1217 1431 1398 1490 ducere,
1433 1433 1484 1481 δε
1519 1431 1578 1479 fic
1615 1431 1842 1480 affectavit
1881 1432 2139 1495 proprium,
2184 1431 2227 1477 ei
2254 1448 2440 1496 quoque

423 1497 681 1545 conceffum
694 1496 776 1555 est,
794 1496 869 1546 sed
886 1495 1024 1561 usque
1047 1514 1074 1545 a
1087 1498 1297 1546 Domino
1318 1498 1626 1556 vivificatum,
1648 1507 1786 1562 quare
1803 1508 1998 1546 vocatur
2015 1497 2196 1554 mulier,
2222 1497 2272 1544 ὅτ.
2289 1498 2443 1563 postea

423 1578 555 1611 uxor.

495 1647 602 1693 152.
640 1629 865 1696 Qisque,
900 1632 982 1696 qui
1014 1631 1162 1680 modo
1200 1631 1376 1681 leviter.
1401 1631 1611 1689 attendit,
1655 1630 1764 1679 scire
1802 1628 1965 1694 potest,
2005 1629 2133 1694 quod
2160 1647 2253 1678 non
2278 1631 2443 1680 mulier

422 1711 479 1744 ex
502 1695 638 1745 Costa
658 1697 778 1755 Viri,
811 1698 862 1746 δε
886 1699 1014 1762 quod
1036 1699 1136 1747 haec
1169 1701 1395 1747 arcaniora
1425 1699 1678 1755 involvant,
1710 1713 1849 1762 quam
1882 1697 2074 1761 usquam
2108 1697 2442 1763 aliquis-hacte-

423 1778 508 1809 nus
532 1765 743 1820 noverit,
779 1764 829 1811 δε
852 1765 980 1827 quod
1013 1766 1251 1828 proprium
1294 1782 1375 1829 per
1404 1766 1646 1812 mulierem
1679 1764 1960 1827 significetur
1993 1780 2048 1810 ex
2074 1779 2145 1820 eo,
2183 1765 2311 1827 quod
2335 1781 2442 1813 mu-

424 1827 504 1875 lier
527 1829 599 1885 fit,
639 1845 746 1893 quae
770 1829 977 1894 decepta,
1013 1847 1120 1878 nam
1148 1830 1261 1878 nihil
1283 1831 1476 1895 useluam
1508 1830 1746 1878 hominem
1787 1830 1974 1893 decipit,
2015 1845 2155 1893 quarn
2178 1831 2439 1894 proprium,

423 1893 497 1953 seu
521 1895 650 1957 quod
669 1894 795 1942 idem
818 1895 901 1952 est,
932 1912 1061 1944 amor
1081 1895 1146 1943 sui
1164 1898 1214 1943 ὅτ
1244 1899 1424 1944 mundi.

493 1976 599 2023 153.
636 1960 882 2008 AEdificata
918 1962 1086 2009 dicitur
1109 1961 1246 2009 Costa
1283 1963 1331 2010 in
1372 1964 1628 2019 mulierem,
1663 1979 1756 2010 non
1796 1975 1950 2010 autern
1973 1962 2137 2010 mulier
2160 1976 2322 2021 creata,
2359 1978 2438 2013 aut

423 2023 632 2083 formata,
677 2039 755 2074 aut
794 2025 924 2084 fasta,
959 2040 1012 2074 ut
1041 2030 1183 2092 prius,
1234 2028 1314 2076 ubi
1361 2029 1418 2076 de
1451 2030 1785 2094 regeneratione
1830 2030 2008 2093 agitur:
2068 2029 2196 2093 quod
2218 2030 2443 2083 aedificata

421 2091 615 2159 dicatur,
656 2091 784 2141 causa
813 2093 893 2151 est,
945 2096 1052 2158 quia
1087 2095 1310 2143 aedificare
1349 2096 1572 2159 fignificat
1608 2096 1828 2143 exstruere
1869 2095 1917 2142 id
1950 2095 2079 2159 quod
2119 2095 2294 2159 lapsum
2338 2097 2402 2145 est
2421 2121 2437 2154 ς

424 2161 474 2206 in
490 2159 646 2210 Verbo
675 2159 899 2222 similiter,
933 2161 1013 2209 ubi
1045 2161 1281 2222 aedificare.
1311 2163 1587 2227 praedicatu‘r
1615 2162 1673 2210 de
1688 2212 1691 2215 ,
1706 2161 1852 2220 malis,
1886 2164 2058 2226 erigere
2089 2161 2147 2209 de
2180 2161 2313 2220 fallis,
2371 2181 2451 2211 re-·

422 2241 588 2273 novare
621 2225 678 2274 de
701 2224 899 2290 utrisque
919 2249 934 2283 ;
960 2240 1013 2274 ut
1041 2228 1164 2292 apud
1188 2227 1386 2286 Esaiam,
1425 2234 1458 2256 “
1482 2229 1779 2288 AEdfficabunt
1795 2229 2017 2277 vastitates
2037 2230 2335 2287 aeternitatis,
2358 2231 2441 2278 de-

426 2296 460 2318 “
493 2291 921 2357 solationes·.priscas
949 2297 1127 2358 erigent,
1164 2296 1215 2343 &
1246 2297 1513 2344 renovabunt
1540 2296 1671 2343 urbes
1702 2293 1936 2352 vastitatis,
1982 2294 2275 2346 desolationes
2298 2312 2436 2360 gene-

426 2362 460 2421 “.
496 2354 678 2407 rationis
709 2361 760 2408 &
784 2358 1136 2424 generationis,’'
1162 2378 1242 2410 Lxr
1266 2381 1277 2411 :
1302 2381 1348 2423 4.
1390 2362 1624 2410 Vaflitates
1646 2362 1721 2409 hic
1745 2363 1794 2410 &
1818 2362 1925 2409 alibi
1957 2377 2045 2425 pro
2072 2361 2217 2418 maliS,
2267 2362 2436 2411 desola-

422 2421 568 2471 tiones
589 2424 676 2492 ‘pro
699 2425 832 2485 fallis,
868 2426 955 2475 illis
978 2428 1229 2491 applicatur
1251 2445 1346 2476 vox
1379 2429 1618 2487 aedificare,
1662 2429 1730 2478 his
1763 2429 1949 2492 erigere,
1986 2428 2100 2476 ficut
2123 2427 2228 2476 alibi
2247 2445 2436 2493 quoque

420 2491 546 2554 apud
568 2492 982 2557 Brophetas,:quod
1005 2507 1207 2543 accurate
1221 2495 1482 2547 observatur
1498 2519 1519 2552 ·,-
1548 2495 1669 2560 apud
1689 2496 1954 2558 Jeremiam‚
1992 2500 2027 2522 “
2060 2494 2207 2542 adhuc
2223 2495 2439 2555 aedfficabo

425 2562 459 2583 “
493 2569 556 2613 te,
595 2570 648 2606 ut
676 2557 888 2623 aedtficata
916 2560 990 2617 srs,
1030 2562 1167 2624 virgo
1189 2561 1368 2620 Israel,’'
1393 2579 1509 2617 xxxx
1532 2582 1543 2611 ε
1569 2581 1617 2623 4.
2419 2579 2446 2588 ··

492 2641 598 2686 154.
634 2625 770 2673 Nihil.
804 2624 995 2689 usquam
1027 2627 1285 2681 malum.,&
1322 2627 1484 2685 falsum
1508 2629 1665 2686 datur,
1693 2628 1822 2692 quod
1859 2645 1951 2676 non
1982 2627 2046 2675 est
2079 2629 2335 2693 proprium,
2378 2630 2452 2677 δε·

419 2705 475 2736 ex
500 2691 682 2755 proprio
705 2713 729 2755 3,
755 2695 864 2755 nam
889 2693 1364 2755 Propriumhominis
1390 2695 1461 2742 ,est
1498 2694 1647 2758 ipsum
1683 2695 1884 2752 malum,
1924 2695 2030 2742 inde
2062 2694 2204 2741 homo
2239 2712 2332 2743 non
2365 2695 2431 2743 est

419 2755 501 2803 nifi
522 2757 697 2804 malum
731 2758 782 2805 δε
819 2756 1014 2814 falsum3
1044 2759 1179 2823 ,qu-od
1202 2759 1400 2807 constare
1430 2762 1716 2824 mihipotuit
1754 2777 1810 2807 ex
1841 2777 1912 2816 eo,
1949 2761 2076 2823 quod
2111 2777 2220 2808 cum
2250 2764 2433 2826 propria

419 2822 616 2885 videnda
651 2823 861 2872 sistantur
887 2827 934 2872 in
968 2825 1145 2873 mundo
1167 2825 1423 2889 spirituum,
1458 2839 1700 2890 appareant
1733 2828 1795 2874 ita
1822 2825 2060 2883 deformia,
2104 2839 2156 2874 ut
2180 2827 2431 2876 deformius

422 2887 641 2953 nusquam
664 2891 797 2955 pingi
836 2893 986 2955 poffit,
1024 2907 1134 2939 cum
1159 2892 1411 2941 diversitate
1450 2893 1699 2940 secundum
1743 2894 1913 2956 proprii
1951 2906 2172 2950 naturam,
2207 2894 2268 2941 sic
2293 2908 2344 2942 ut
2367 2898 2426 2953 is,

421 2955 496 3016 cupi
519 2953 616 3019 ejus
650 2959 834 3023 propria
855 2958 1054 3005 videnda
1077 2959 1355 3022 praebentur,
1395 2958 1536 3007 semet
1558 2960 1759 3016 horreat,
1784 2960 1834 3006 ὅτ
1867 2957 2025 3023 fugere
2047 2959 2159 3007 velit
2192 2973 2244 3008 ut
2267 2961 2426 3008 diabo-

421 3019 534 3067 lum.
603 3023 674 3070 At
702 3032 813 3088 vero
835 3024 1042 3088 Propria,
1073 3031 1180 3088 qu‘ae
1211 3027 1441 3074 vivificata
1479 3025 1581 3073 sunt
1604 3043 1629 3073 a
1650 3027 1876 3082 Domino,
1917 3038 2131 3088 apparent
2169 3026 2354 3090 pulchra
2377 3030 2428 3075 ὅτ

421 3085 640 3150 venusta„
660 3103 769 3136 curn
793 3091 1003 3139 varietate
1031 3089 1281 3153 secundum
1312 3095 1474 3150 vitam,
1509 3095 1584 3140 cui
1607 3092 1788 3140 eoeleste
1808 3093 2003 3139 Domini
2025 3092 2239 3156 applicari
2261 3094 2424 3157 potest,

417 3153 469 3200 &
492 3153 698 3215 quidem,
737 3157 816 3217 qui
843 3157 1022 3220 praediti
1058 3155 1253 3219 fuerunt,
1273 3158 1347 3206 seu
1370 3160 1589 3206 vivificati
1613 3159 1862 3215 Charitate,
1897 3172 2111 3222 apparent
2134 3171 2186 3210 ut
2210 3161 2338 3222 pueri
2370 3161 2426 3206 δι’

418 3219 586 3284 puellae
613 3220 916 3277 venustissima
939 3221 1049 3274 facie
1071 3246 1087 3280 ·,
1122 3225 1171 3272 &
1205 3227 1285 3290 qui
1309 3226 1586 3284 Innocentia,
1625 3239 1677 3274 ut
1700 3225 1895 3274 infantes
1927 3225 2039 3272 nudi
2063 3226 2183 3273 varie
2206 3225 2418 3281 decorati,

2258 3292 2429 3340 florum
