2788 3736
779 227 1306 338 ‚CAPUT
1411 273 1947 336 NONUM.
2116 338 2123 343 ,
2313 298 2446 364 335

444 414 614 473 Gentes
623 411 743 462 ‘tales
767 411 884 470 sunt,
920 426 973 465 ut
995 427 1105 461 cum
1130 410 1432 463 informantur
1452 410 1510 464 ab
1529 410 1741 473 Angelis,
1772 410 1830 458 de
1851 411 1970 458 veris
1987 409 2125 470 fidei,
2138 410 2190 460 ὅτ
2212 413 2339 477 quod
2356 416 2458 462 Do-

439 480 592 538 minus
623 492 750 543 regat
772 479 1055 536 universum,
1089 477 1221 529 facile
1249 478 1455 533 audiant,
1489 477 1540 526 &
1564 475 1694 525 facile
1718 477 1981 525 imbuantur
2002 477 2112 534 fide,
2149 480 2198 538 δι
2237 478 2300 528 sic
2335 481 2459 528 idola

438 545 517 598 sua
553 544 753 610 rejiciant
771 567 819 606 ς(
837 561 974 608 quare
1011 546 1201 603 Gentes,
1250 545 1333 608 qui
1369 554 1588 592 moratam
1609 606 1611 609 .
1636 544 1780 591 vitam
1811 544 2044 601 vixerunt,
2079 544 2129 592 ὅτ
2165 545 2215 604 in
2244 545 2457 595 charitate

437 624 614 670 mutua,
651 613 789 676 inque
813 613 1084 676 innocentia,
1120 613 1152 661 ii
1176 614 1224 659 in
1247 610 1382 661 altera
1403 611 1498 659 vita
1521 621 1862 671 regenerantur:
1899 626 2009 657 cum
2043 612 2209 659 vivunt
2237 611 2454 662 inmun-

435 678 514 735 do,
550 678 674 744 apud
696 694 773 727 eos
795 679 1027 732 Dominus
1051 675 1242 742 praesens
1265 676 1329 732 est
1352 677 1399 737 in
1422 676 1634 726 charitate
1658 676 1708 723 δε
1732 676 2004 733 innocentia,
2040 686 2156 725 nam
2176 678 2288 726 nihil
2311 679 2474 728 chari--

434 746 536 801 tatis
570 748 618 792 &
654 746 925 798 innocentiae
959 743 1024 798 est
1068 743 1149 795 nisa
1188 759 1214 795 a
1231 744 1491 792 ‚Dominoz
1547 743 1782 790 Dominus
1821 757 2005 805 quoque
2044 745 2098 790 iis
2135 743 2453 795 conscientiam

434 812 545 860 recti
569 812 619 864 δι
643 811 752 866 boni
791 810 1040 866 secundum
1073 807 1333 874 religiosum
1373 824 1537 860 eorum
1577 807 1734 864 donat,
1769 808 1820 855 δε
1854 807 2139 857 conscientiae
2171 810 2237 857 illi
2262 812 2453 866 infinuat

434 878 742 934 innocentiam
764 878 814 931 ὅτ
837 876 1119 933 charitatem,
1153 879 1359 940 'cumque
1382 876 1638 925 innocentia
1658 874 1709 922 &
1733 873 1919 922 charitas
1942 875 1990 921 in
2013 875 2299 933 conscientia,
2340 892 2451 928 tunc

434 942 562 998 facile
586 943 627 998 se
658 945 895 1009 patiuntur
934 942 1080 997 imbui
1112 958 1224 995 vero
1253 942 1360 993 fidei
1396 957 1455 991 ex
1482 940 1636 990 bono:
1684 938 2055 1004 IpseDominus
2087 941 2178 989 'hoc
2218 945 2279 990 ita
2317 944 2451 1002 dixit,

432 1010 556 1075 apud
580 1009 779 1069 Lucam,
823 1015 856 1041 ‘⁶
890 1000 1024 1064 Dixit
1059 1008 1118 1061 ad
1140 1007 1296 1070 Jesum
1334 1007 1510 1071 aliquis,
1547 1007 1769 1070 Domine,
1805 1022 1919 1062 num
1956 1008 2093 1071 pauci
2117 1007 2235 1067 sunt,
2271 1012 2351 1073 qui
2376 1011 2454 1058 sal·

437 1082 472 1104 “
506 1089 672 1124 vantur
691 1099 707 1132 ·,
754 1075 852 1140 Ipse
875 1076 992 1123 dixit
1015 1075 1072 1122 ad
1095 1090 1190 1131 eos,
1225 1073 1441 1121 videbitis
1475 1073 1812 1132 Abrahamum,
1847 1072 2021 1121 Isaeum
2044 1074 2097 1121 &
2122 1074 2369 1135 Jacobum,
2405 1079 2455 1134 ὃς

436 1148 471 1179 ἑ(
505 1149 664 1200 omnes
685 1141 926 1207 prophetas
958 1142 1004 1188 in
1028 1142 1197 1209 Regno
1218 1141 1326 1203 Dei,
1363 1155 1445 1189 vos
1470 1155 1580 1190 vero
1613 1138 1777 1204 ejefflms
1809 1137 1957 1188 foras:
2005 1152 2164 1188 contra
2193 1143 2377 1191 venient
2400 1143 2455 1191 ab

434 1214 470 1244 “
502 1207 678 1265 ortibus
727 1209 778 1263 &s
824 1207 1069 1264 occafibus,
1123 1209 1174 1259 ὅτ
1215 1224 1240 1259 a
1278 1205 1593 1270 septentrione,
1641 1209 1692 1255 &
1733 1223 1759 1255 a
1799 1207 2005 1263 meridie,
2057 1208 2374 1257 accumbentes
2408 1212 2454 1257 in

431 1280 469 1304 “
504 1276 673 1339 Regno
693 1275 783 1323 Dei
803 1297 818 1331 3
851 1275 902 1325 ὅτ
925 1290 1031 1328 ecce
1055 1273 1157 1322 sunt
1180 1275 1372 1325 extremi
1397 1275 1476 1337 qui
1499 1285 1631 1321 erunt
1649 1274 1806 1338 primi,
1842 1275 1892 1322 &
1911 1273 2014 1321 sunt
2028 1275 2186 1338 primi,
2221 1276 2302 1338 qui
2325 1291 2468 1330 erunt,

430 1346 467 1369 “
501 1341 705 1398 ultimi,”
739 1357 874 1393 xiii:
906 1357 986 1403 23,
1022 1345 1103 1397 28,
1142 1357 1224 1405 29,
1270 1357 1347 1404 30.
1400 1356 1481 1404 per
1519 1339 1859 1397 Abrahamum‚
1908 1339 2085 1388 Isaeum
2126 1342 2174 1388 &
2208 1341 2455 1403 Jacobum,

431 1407 750 1471 intelliguntur
773 1407 845 1461 hic
869 1423 1029 1460 omnes
1052 1408 1133 1471 qui
1155 1409 1202 1455 in
1219 1422 1372 1463 amore
1394 1406 1514 1463 sunt,
1551 1419 1604 1455 ut
1627 1408 1752 1470 prius
1776 1405 2001 1455 ostensum
2025 1407 2102 1454 est.

504 1491 644 1538 1033.
680 1474 875 1526 Dictum
908 1474 1036 1538 quod
1075 1486 1235 1538 gentes
1264 1489 1459 1539 -quoque
1491 1473 1778 1523 Conscientia
1808 1474 1917 1525 teeti
1963 1474 2014 1521 δε
2061 1474 2169 1524 boni
2206 1473 2458 1524 fecundum

431 1540 694 1607 religiosum
715 1557 876 1592 eorum
900 1542 1146 1598 donentur,
1178 1540 1309 1604 quod
1332 1542 1393 1590 ita
1417 1538 1459 1588 se
1481 1539 1645 1588 habet:
1682 1539 1974 1588 Conscientia
1996 1543 2043 1588 in
2067 1557 2246 1605 genere,
2281 1543 2346 1590 est
2362 1545 2457 1592 Ve-

429 1624 492 1665 ra,
528 1608 706 1672 Spuria,
741 1606 970 1663 &Fa1sa3
1018 1608 1282 1671 Conscientia
1318 1623 1428 1656 vera
1465 1606 1551 1664 est,
1586 1623 1694 1671 quae
1731 1605 1955 1655 formatur
1977 1624 2004 1655 a
2025 1609 2236 1656 Domino
2258 1625 2315 1656 ex
2339 1612 2458 1658 iteris

428 1674 553 1732 fidei,
573 1676 680 1738 'qua
701 1690 811 1722 cum
834 1673 1027 1726 donatus
1063 1673 1127 1723 est
1164 1673 1324 1730 homo,
1360 1674 1494 1720 timet
1515 1689 1647 1737 agere
1672 1686 1831 1721 contra
1851 1690 1959 1722 vera
1981 1674 2108 1731 fidei,
2144 1677 2251 1739 quia
2267 1675 2327 1724 sic
2344 1692 2453 1724 con-

425 1751 495 1797 tra
518 1740 870 1796 conscientiam·,
907 1740 1021 1793 hanc
1057 1739 1381 1790 conscientiam
1422 1755 1560 1787 nemo
1597 1741 1795 1803 accipere
1834 1739 1997 1803 potest,
2033 1743 2114 1804 qui
2151 1757 2244 1789 non
2269 1744 2317 1790 in
2339 1745 2457 1791 veris

370 1825 373 1828 ·
428 1806 537 1854 fidei
558 1805 640 1862 est,
673 1822 811 1870 quare
833 1807 972 1858 etiam
1002 1822 1094 1858 non
1129 1807 1192 1856 ita
1221 1805 1355 1856 multi
1374 1843 1378 1845 >
1396 1807 1442 1852 in
1480 1805 1589 1852 orbe
1612 1805 1883 1863 Christiano,
1919 1806 2110 1870 quisque
2133 1809 2258 1854 enim
2282 1824 2450 1856 verum

429 1871 536 1920 fidei
565 1871 716 1920 statuit
740 1871 873 1925 suum
896 1871 1104 1936 dogma3
1154 1870 1227 1923 sed
1264 1870 1419 1935 usque,
1454 1873 1534 1935 qui
1571 1885 1905 1936 regenerantur,
1949 1875 2180 1937 accipiunt
2219 1874 2452 1923 conscien-

428 1940 539 1985 tiam
569 1954 678 1986 cum
718 1938 996 1996 charitatem,
1030 1955 1140 1989 nam
1172 1935 1509 1987 fundamentale
1539 1937 1824 1986 conscientiae
1857 1938 1920 1986 est
1959 1940 2160 1987 charitas.
2230 1941 2459 2004 Conscien--

428 2007 495 2051 tia
524 2006 681 2067 spuria
715 2003 814 2060 est„
853 2021 961 2068 quae
996 2002 1220 2055 formatur
1258 2004 1382 2068 apud
1427 2017 1586 2068 gentes
1631 2021 1689 2052 ex
1745 2005 1873 2053 cultu
1912 2021 2072 2054 eorum
2113 2006 2339 2071 religioso,
2400 2002 2449 2056 in

427 2086 566 2134 quem
598 2072 689 2123 nati
732 2071 782 2125 &c
821 2071 1000 2119 educati
1035 2071 1153 2127 sunt,
1188 2083 1348 2120 contra
1385 2087 1527 2135 quem
1568 2086 1696 2134 agere
1720 2073 1774 2119 iis
1810 2071 1874 2119 est
1906 2085 2063 2120 contra
2095 2072 2413 2122 conscientiam
2432 2096 2449 2130 ;

461 2153 628 2190 uorum
651 2136 919 2190 conscientia
943 2154 1051 2190 cum
1086 2136 1273 2189 fundata
1304 2137 1368 2186 est
1406 2139 1454 2184 in
1493 2137 1721 2194 charitate,
1759 2139 1808 2186 &
1835 2138 2152 2196 misericordia,
2189 2141 2238 2187 δε
2271 2141 2318 2187 in
2341 2140 2449 2188 obe·

426 2153 611 2261 aientia,
646 2216 758 2262 tunc
780 2203 889 2257 tales
912 2203 1028 2259 sunt,
1067 2218 1119 2254 ut
1145 2219 1301 2254 veram
1331 2203 1649 2252 conscientiam
1681 2206 1729 2252 in
1768 2204 1902 2252 altera
1921 2206 2016 2253 vita
2038 2207 2235 2269 recipere
2267 2209 2451 2269 possint,

426 2286 566 2332 quam
589 2273 726 2326 etiam
747 2271 1012 2334 accipiunt,
1050 2271 1162 2323 nihil
1185 2272 1310 2320 enim
1346 2272 1470 2335 prius
1496 2273 1545 2318 &
1571 2273 1724 2335 potius
1756 2284 1926 2328 amant,
1962 2288 2102 2336 quam
2128 2288 2290 2319 verum
2327 2273 2450 2320 fidei.

426 2337 687 2398 Conscientia
698 2336 822 2399 falsa
854 2336 934 2394 est,
968 2353 1075 2402 quae
1111 2336 1335 2385 formatur
1377 2354 1471 2385 non
1507 2337 1564 2385 ab
1604 2339 1787 2385 internis
1821 2337 1895 2384 sed
1928 2338 1984 2385 ab
2007 2341 2219 2396 externis,
2256 2338 2344 2386 hoc
2368 2339 2450 2396 est,

426 2417 521 2450 non
545 2417 573 2448 a
593 2402 821 2459 charitate,
858 2401 933 2450 sed
955 2404 1015 2451 ab
1036 2415 1191 2454 amore
1226 2403 1292 2453 sui
1325 2405 1374 2453 δι
1402 2403 1598 2461 mundi;
1634 2403 1736 2452 sunt
1748 2406 1870 2451 enim
1895 2406 1975 2468 qui
1997 2404 2079 2452 fibi
2102 2405 2318 2455 videntur
2342 2421 2452 2454 con-

427 2479 495 2516 tra
534 2467 855 2522 conscientiam
893 2485 1044 2532 agere,
1079 2485 1190 2518 cum
1231 2482 1390 2519 contra
1442 2472 1729 2535 proximum,
1776 2471 1826 2518 δε
1866 2486 2051 2535 quoque
2090 2484 2200 2519 tunc
2238 2470 2453 2519 videntur

427 2533 510 2590 fibi
534 2533 796 2588 intrinsecus
828 2537 953 2598 angi,
994 2534 1173 2590 sed,est
1210 2552 1268 2584 ex
1301 2535 1443 2594 causa,
1479 2538 1586 2600 quia
1625 2537 1685 2584 sic
1726 2538 2002 2600 cogitatione
2031 2540 2291 2602 percipiunt
2327 2537 2452 2585 suam

425 2602 590 2658 vitam,
625 2600 758 2656 suum
795 2599 1034 2658 honorem,
1069 2601 1195 2653 suam
1233 2600 1421 2658 famam.
1474 2601 1569 2650 suas
1607 2618 1734 2666 opes,
1780 2616 1858 2651 aut
1897 2602 2029 2651 suum
2075 2604 2276 2660 lucrum,
2332 2606 2451 2667 peri-

426 2666 586 2724 clitari,
623 2668 670 2715 δι
697 2667 757 2715 fic
781 2665 932 2730 ipsum
963 2666 1007 2715 se
1044 2666 1152 2714 laedi
1169 2689 1185 2722 ·,
1237 2667 1380 2731 aliqui
1409 2684 1467 2716 ex
1504 2669 1790 2717 haereditario
1830 2669 2016 2722 trahunt
2054 2670 2285 2734 quandam
2313 2669 2453 2718 talem

429 2733 672 2788 mollitiem
714 2733 881 2791 cordis,
917 2733 1109 2798 quidam
1133 2733 1215 2785 fibi
1237 2735 1495 2796 acquirunt,
1533 2734 1611 2782 scd
1642 2734 1704 2782 est
1728 2734 1998 2782 conscientia
2030 2734 2146 2783 falsa.

437 2820 446 2831 ·
501 2816 640 2862 1034.
679 2799 827 2866 Qod
861 2816 954 2850 non
998 2799 1234 2851 excidetur
1271 2800 1421 2850 omnis
1454 2815 1559 2849 caro
1579 2800 1776 2864 amplius
1809 2801 1867 2848 ab
1901 2803 2028 2864 aquis
2052 2801 2231 2860 diluvii,
2274 2801 2448 2866 fignifi-

427 2877 501 2913 cet
527 2866 666 2930 *qu-od,
697 2883 789 2922 non
824 2868 1015 2930 perituri
1060 2867 1163 2924 sint,
1226 2866 1341 2917 sicut
1383 2866 1548 2915 ultima
1590 2865 1826 2931 posteritas
1850 2868 2190 2931 Antiquiffimae
2212 2869 2447 2926 Ecclefiae,

429 2930 600 2980 constat
622 2931 806 2990 abillis,
841 2949 949 2997 quae
987 2935 1112 2999 prius
1157 2933 1215 2982 de
1252 2933 1614 2989 antediluvianiS,
1649 2935 1731 2996 qui
1775 2934 2022 2996 per-ierunt,
2056 2934 2178 2982 dicta
2208 2933 2326 2993 sunt,
2366 2938 2449 3000 qui

427 2995 531 3056 sunt
563 2999 645 3061 qui
666 2999 800 3059 excisi
838 3000 895 3048 ab
927 3002 1055 3065 aquis
1094 2999 1291 3056 diluvii·,
1349 2998 1578 3049 ostensum
1606 3002 1731 3063 prius
1754 2999 1818 3048 est
1857 3017 1919 3048 n:
1950 3017 2059 3065 310.
2117 3002 2358 3065 quomodo
2405 3001 2448 3049 se

416 3078 496 3111 -res
519 3062 693 3120 habuit,
740 3081 905 3129 nempe
940 3066 1069 3131 quod
1090 3067 1432 3130 Antiquiffimae
1456 3066 1673 3115 Ecclefiae
1706 3066 1938 3130 poster-itas
1967 3067 2131 3127 ultima
2165 3069 2265 3116 talis
2289 3066 2441 3123 fuerit,

427 3140 497 3186 ut,
545 3144 655 3177 cum
700 3131 1012 3185 voluntarium
1045 3148 1207 3185 eorum
1251 3136 1389 3184 etiam
1433 3133 1569 3182 fimul
1614 3132 1912 3182 intellectuale
1949 3149 2111 3184 eorum
2147 3132 2298 3182 fuisset
2343 3149 2444 3180 cor-

430 3207 638 3260 ruptum,
672 3194 732 3250 sic
750 3208 802 3246 ut
819 3197 1035 3270 aptium-0.
1058 3214 1151 3252 non
1173 3200 1386 3263 potuisset
1409 3199 1706 3266 intellectuale
1722 3199 1908 3265 separari
1922 3199 2152 3252 abeorum
2165 3200 2441 3311 voluntario,

2397 3279 2446 3310 m
