2788 3736
611 232 964 300 cAPUT
1016 231 1553 294 DECIMUM
1601 185 2146 319 QUINTUM.
2275 241 2406 326 605

403 367 454 417 &
493 364 757 431 praedicitur
802 363 947 428 qualis
979 360 1174 420 futurus,
1210 360 1435 408 ostensum
1475 360 1538 408 est
1576 376 1657 424 per
1679 361 1842 409 similia
1872 361 2229 426 repraesentativa
2252 382 2407 414 coram

406 434 630 490 Abramo,
666 430 845 496 prorsus
878 441 932 478 ut
970 430 1044 477 hic
1069 439 1367 484 memoratur,
1402 425 1475 474 sed
1502 427 1640 491 usque
1675 428 1723 475 in
1746 428 1876 477 sensu.
1893 431 2068 478 interno
2100 431 2409 495 significantur

405 499 544 556 talia,
580 499 708 563 quod
731 497 920 562 quisque
957 496 1104 560 potest
1127 495 1234 543 scire
1257 497 1307 542 &
1343 495 1578 557 cogitare3
1614 495 1728 558 quid
1764 497 1887 543 enim
1921 513 2037 560 opus
2060 495 2178 546 foret
2215 500 2409 548 vitulam

405 568 644 624 triennem,
681 581 864 629 capram
888 565 1129 619 triennem,
1166 562 1352 610 arietem
1376 563 1616 618 triennem,
1653 573 1879 610 turturem
1904 565 1953 610 δε
1978 564 2179 627 pullum,
2214 567 2405 624 sumere,

406 635 453 681 in
479 632 600 681 binas
633 645 781 697 partes
820 630 895 678 illa
917 627 1139 685 dividere,
1176 629 1227 676 δε
1260 628 1324 675 ita
1346 643 1529 691 ponere,
1565 627 1646 675 nisi
1669 630 1825 676 omnia
1841 630 1890 676 &
1916 628 2091 692 lingula
2114 631 2417 696 significativa.

404 698 612 757 fuiffent3
648 699 761 762 quid
784 709 937 745 autem
961 695 1230 759 significant,
1267 694 1465 742 constare
1489 693 1636 758 potest
1651 711 1677 742 a
1699 694 1998 759 sequentibus.

428 811 431 814 ,
471 772 526 817 18
535 785 611 829 24.
649 765 797 832 Qod
819 763 963 811 vitula
985 763 1208 826 significet
1232 760 1306 809 illa
1323 778 1430 825 quae
1455 760 1558 809 sunt
1570 761 1929 825 repraesentativa
1961 763 2219 812 coelestium
2242 767 2405 815 exteri-

403 825 556 891 orum,
592 848 726 896 capra
760 831 836 878 illa
866 846 973 895 quae
998 828 1100 877 sunt
1120 828 1374 877 coelestium
1419 829 1704 885 interiorum,
1739 829 1790 876 ὅτ
1830 830 1937 876 aries
1960 829 2034 878 illa
2055 847 2163 895 quae
2186 831 2286 880 sunt
2309 850 2406 882 coe·

405 893 584 947 lestium
608 898 925 962 spiritualium,
962 896 1162 944 constare
1195 894 1343 960 potest
1381 911 1406 942 a
1428 895 1684 953 Sacrificiis,
1719 895 1779 943 de
1815 895 2000 959 quibus,
2035 913 2092 945 ex
2113 899 2287 957 Divina
2306 901 2408 948 Do·

405 968 519 1014 mini
543 965 874 1021 Misericordia,
909 966 956 1010 in
981 962 1264 1028 sequentibus
1306 961 1387 1009 ubi
1410 962 1468 1009 de
1492 961 1728 1010 sacrificiis.
1798 963 1915 1010 Sunt
1954 963 2154 1013 coelestia
2188 967 2408 1015 exteriora

407 1035 456 1081 δε
481 1032 676 1080 coelestia
716 1033 942 1087 interiora,
978 1043 1079 1077 tum
1117 1028 1314 1076 coelestia
1337 1028 1580 1091 spiritualia
1606 1051 1620 1085 ς
1671 1027 1886 1077 Coelestia
1921 1032 2139 1079 exteriora
2174 1031 2276 1080 sunt
2298 1049 2406 1098 quae

406 1100 508 1147 sunt
524 1099 716 1147 Externi
742 1097 957 1153 hominis,
994 1094 1208 1142 Coelestia
1231 1096 1440 1142 interiora
1456 1094 1558 1143 sunt
1575 1111 1683 1159 quae
1703 1095 1891 1153 Interni,
1928 1096 2141 1145 Coelestia
2164 1098 2406 1162 spiritualia

407 1166 509 1213 sunt
531 1181 638 1229 quae
660 1163 803 1219 inde,
839 1161 987 1226 ipsum
1005 1161 1201 1210 Coeleste
1241 1161 1305 1208 est
1326 1177 1455 1208 amor
1487 1163 1534 1208 in
1563 1163 1842 1219 Dominum,
1879 1163 1929 1209 &
1954 1179 2083 1211 amor
2105 1180 2214 1228 erga
2252 1167 2406 1230 proxi-

408 1246 572 1287 mum·,
609 1229 805 1278 Coeleste
829 1229 916 1277 hoc
942 1229 1091 1276 influit
1113 1245 1138 1275 a
1160 1229 1386 1283 Domin0,
1401 1237 1406 1241 “
1422 1228 1472 1274 δῑ
1496 1227 1686 1291 quidem
1734 1245 1816 1292 per
1838 1229 2076 1277 Internum
2099 1231 2334 1280 hominem
2359 1235 2406 1281 in

404 1299 664 1347 Externum
685 1320 700 1353 ·,
736 1298 783 1344 in
805 1296 1011 1344 Interiori
1027 1294 1238 1343 Homine
1255 1294 1421 1341 dicitur
1442 1293 1531 1341 hoc
1552 1294 1731 1343 coeleste
1747 1296 1950 1352 interius,
1986 1296 2033 1343 in
2049 1296 2286 1346 Exteriore
2309 1316 2406 1348 coe·

409 1365 513 1412 leste
530 1365 724 1412 exterius
745 1385 760 1420 3
797 1362 994 1410 Coeleste
1017 1363 1214 1409 exterius
1252 1360 1316 1408 est
1336 1361 1487 1407 omnis
1511 1361 1689 1408 affectio
1713 1361 1838 1419 boni,
1874 1363 1972 1409 imo
2001 1364 2137 1411 etiam
2169 1365 2235 1413 est
2257 1368 2408 1415 omnis

410 1433 624 1495 voluptas
647 1447 754 1494 quae
792 1429 848 1476 ab
878 1429 1112 1476 affectione
1135 1427 1278 1482 boni,
1314 1439 1538 1490 quantum
1571 1429 1619 1474 in
1643 1427 1721 1491 illa
1741 1428 1791 1475 &
1815 1429 1861 1474 in
1879 1427 1978 1485 hac,
2014 1429 2105 1477 hoc
2136 1431 2216 1489 est,
2254 1434 2302 1479 in
2341 1431 2408 1481 af-

407 1496 599 1545 fectione
616 1497 750 1552 boni,
777 1497 827 1543 &
851 1495 1084 1558 voluptate
1117 1494 1240 1550 inde,
1276 1493 1340 1541 est
1378 1493 1554 1540 bonum
1588 1494 1754 1541 amoris
1784 1495 1830 1541 δι
1858 1494 2099 1552 charitatis,
2135 1509 2315 1546 tantum
2343 1499 2409 1548 est

387 1563 608 1621 coeleste,
627 1566 676 1623 &
700 1574 880 1610 tantum
903 1560 966 1608 est
983 1559 1094 1607 felix
1115 1578 1125 1607 z
1163 1558 1360 1607 Coeleste
1382 1572 1534 1607 autem
1552 1559 1777 1623 spirituale
1792 1560 1855 1607 est
1871 1562 2022 1609 omnis
2044 1562 2222 1612 affedtio
2241 1567 2336 1613 veri
2360 1567 2410 1614 in

408 1648 497 1694 qua
511 1630 689 1678 affeelio
712 1628 837 1685 boni,
873 1626 946 1674 seu
970 1626 1148 1674 affectio
1184 1627 1279 1673 veri
1319 1642 1425 1689 quae
1461 1639 1699 1689 generatur
1721 1643 1777 1674 ex
1817 1627 2052 1692 affectione
2077 1628 2223 1688 boni,
2258 1633 2321 1680 ita
2343 1632 2408 1681 est

407 1698 518 1745 fides
535 1699 582 1745 in
605 1712 695 1760 qua
709 1696 915 1755 charitaS,
953 1692 1024 1741 seu
1050 1693 1161 1741 fides
1172 1694 1292 1757 'quae
1316 1706 1554 1756 generatur
1575 1710 1600 1740 a
1615 1693 1839 1741 charitate.

484 1769 623 1827 1825.
662 1762 808 1827 Qod
825 1762 1008 1808 triennis
1056 1761 1261 1808 involvat
1298 1761 1455 1807 omnia
1492 1759 1708 1807 Ecclefiae
1747 1761 1900 1824 quoad
1924 1774 2133 1826 tempora
2172 1765 2220 1812 δι
2253 1764 2408 1824 status,

409 1830 580 1879 constat
596 1846 621 1877 a
643 1829 969 1893 significatione
1003 1828 1171 1874 Trium
1197 1828 1242 1874 in
1259 1825 1431 1883 Verbo,
1469 1827 1582 1873 Tria
1607 1826 1862 1890 significant
1881 1828 2071 1892 plenum
2103 1843 2285 1894 tempus
2315 1833 2408 1880 Ec-

409 1897 569 1953 clesiae,
606 1896 661 1942 ab
683 1897 857 1958 origine
899 1892 992 1958 ejus
1039 1893 1179 1957 usque
1219 1893 1277 1940 ad
1312 1893 1471 1949 finem,
1508 1893 1569 1940 ita
1603 1909 1792 1941 omnem
1829 1893 1923 1958 ejus
1945 1894 2110 1943 statum
2142 1918 2157 1952 3
2187 1898 2408 1946 ultimum
2472 1901 2477 1905 ’

409 1978 590 2027 tempus
609 1962 822 2011 Ecclefiae
847 1961 950 2008 ideo
983 1961 1257 2024 significatur
1280 1976 1360 2023 per
1399 1960 1523 2006 diem
1563 1962 1766 2017 tertium,
1805 1962 1853 2009 &
1877 1977 1959 2025 per
1981 1961 2276 2026 septimanam
2317 1977 2405 2012 ter-

404 2033 532 2088 tiam,
568 2031 618 2078 &
642 2044 722 2094 per
768 2027 967 2076 mensem
1006 2029 1210 2083 tertium,
1246 2028 1296 2074 &
1329 2042 1410 2091 per
1448 2042 1620 2074 annum
1654 2027 1858 2084 tertium,
1892 2028 1943 2075 &
1967 2044 2047 2092 per
2071 2028 2290 2078 saeculum
2320 2044 2407 2079 ter-

406 2100 542 2153 tium,
580 2113 685 2160 quae
709 2096 834 2143 idem
859 2094 989 2143 sunt:
1027 2094 1141 2142 ficut
1163 2093 1297 2141 status
1322 2092 1537 2140 Ecclefiae
1575 2093 1865 2158 significatur·
1889 2106 1971 2157 per
1993 2112 2239 2145 numerum
2262 2110 2404 2146 terna-

410 2166 548 2220 rium,
583 2163 644 2210 ita
666 2177 851 2227 quoque
868 2160 1062 2226 cujusvis
1087 2162 1167 2223 qui
1188 2160 1252 2208 est
1267 2159 1483 2219 Ecclesia,
1520 2161 1618 2207 imo
1641 2160 1987 2224 unumquodvis
2009 2163 2136 2226 quod
2160 2163 2226 2211 est
2246 2162 2408 2219 Eccle—

406 2231 482 2278 siae
511 2251 526 2286 3
561 2241 613 2276 ut
637 2228 836 2276 constare
860 2227 1054 2292 potesta
1074 2227 1399 2291 significatione
1427 2227 1546 2274 illius
1570 2229 1752 2274 numeri
1783 2227 1983 2279 exloeis
2019 2245 2043 2275 e
2067 2229 2222 2276 Verbo
2246 2230 2406 2288 allatiS,

408 2313 467 2342 n:
510 2311 625 2359 720,
646 2311 757 2359 901.
803 2295 949 2358 Qod
973 2294 1117 2342 vitula
1139 2295 1324 2342 triennis
1348 2293 1573 2358 fignificet
1605 2293 1664 2342 fic
1698 2306 1882 2358 tempus
1903 2294 1978 2341 seu
2010 2294 2177 2343 statum
2193 2295 2408 2344 Ecclefiae

407 2362 546 2426 usque
569 2361 626 2408 ad
648 2361 885 2416 ultimum,
921 2377 1030 2407 cum
1052 2377 1217 2424 nempe
1239 2360 1408 2407 vastata
1431 2359 1494 2408 est
1519 2359 1590 2407 seu
1616 2358 1826 2418 desolata,
1862 2361 2062 2409 constare
2102 2378 2286 2426 quoque
2320 2380 2403 2427 po-

385 2429 507 2485 test,
546 2427 667 2491 apud
684 2426 877 2483 Esaiam,
916 2431 950 2453 ‘⁶
975 2427 1070 2473 Cor
1086 2442 1243 2473 meum
1259 2426 1390 2490 super
1413 2426 1591 2474 Moabo
1608 2426 1790 2484 clamat,
1828 2425 2019 2492 profugi
2050 2425 2145 2492 ejus
2186 2428 2324 2493 usque
2347 2431 2407 2477 ad

410 2501 444 2522 “
480 2497 617 2550 Zoar,
642 2493 792 2541 Vitula
810 2495 1004 2549 triennis,
1040 2493 1148 2554 quia
1169 2493 1217 2538 in
1239 2492 1416 2538 ascensu
1437 2493 1659 2550 Luchith,
1699 2495 1744 2540 in
1762 2494 1870 2540 fletu
1896 2493 2103 2541 ascendet
2123 2496 2169 2542 in
2193 2511 2263 2550 eo,
2279 2495 2282 2500 ’
2300 2498 2407 2559 quia

407 2567 443 2589 “
477 2564 552 2610 via
574 2560 859 2612 Choronaim
870 2559 1115 2606 clamorem
1139 2556 1455 2615 confradtionis
1477 2558 1790 2616 excitabunt,''
1816 2575 1906 2606 xv:
1936 2577 1979 2621 5.
2018 2572 2118 2607 tum
2144 2561 2265 2625 apud
2281 2562 2405 2622 jere-

412 2634 444 2655 “
481 2629 642 2683 miam,
679 2631 713 2652 ‘⁶
738 2626 938 2673 Colle&a
959 2624 1024 2680 est
1040 2625 1196 2672 laetitia
1218 2625 1267 2671 &
1285 2624 1502 2671 exultatio
1526 2623 1585 2670 de
1597 2624 1822 2688 Carmele,
1857 2627 1904 2671 &
1923 2626 1981 2672 de
2001 2638 2114 2673 terra
2138 2627 2323 2684 Moabi,
2353 2629 2403 2676 ὅτ

409 2700 444 2722 “
481 2696 645 2741 vinum
660 2708 716 2739 ex
732 2691 1027 2740 torcularibus
1051 2692 1206 2738 ceffare
1223 2689 1401 2745 faciam,
1438 2706 1530 2743 non
1555 2690 1743 2738 calcabit
1767 2690 1933 2747 hedad,
1948 2691 2096 2738 hedad
2115 2708 2206 2739 non
2230 2693 2402 2742 hedad:

394 2766 451 2788 '“·
479 2777 503 2808 a
520 2761 715 2808 clamore
739 2759 987 2806 Chesbonis
1011 2756 1150 2820 usque
1168 2756 1225 2803 ad
1241 2756 1442 2813 Elealeh,
1461 2755 1598 2819 usque
1615 2756 1671 2803 ad
1686 2756 1826 2817 jahaz
1843 2757 2065 2805 dederunt
2081 2774 2244 2806 vocem
2261 2759 2403 2817 suam,

408 2830 443 2853 “
477 2842 501 2873 a
522 2828 668 2874 Zoare
691 2825 830 2888 usque
853 2842 878 2872 a
900 2824 1193 2880 Choronaim‚
1233 2822 1383 2870 Vitula
1417 2824 1615 2879 triennis,
1645 2823 1755 2885 quia.
1789 2824 1924 2870 etiam
1962 2839 2093 2887 aquae
2127 2825 2333 2873 Nimrim
2359 2830 2408 2874 in

410 2897 444 2919 ‘⁶
480 2891 817 2948 desolationes,²'
838 2907 1001 2938 va111
1026 2909 1036 2938 :
1076 2908 1157 2954 33,
1196 2906 1273 2951 34.
1300 2889 1399 2936 haec
1439 2887 1660 2951 nusquam
1697 2888 1857 2953 aliquis
1881 2892 2129 2954 perciperet
2166 2892 2276 2954 quid
2304 2892 2404 2950 sint,

407 2958 489 3005 nisi
507 2957 627 3014 sciat,
663 2959 775 3020 quid
800 2957 1079 3021 significatur
1102 2972 1182 3019 per
1217 2954 1381 3013 Moab,
1417 2971 1496 3018 per
1519 2956 1656 3011 Zoar,
1693 2971 1773 3018 per
1807 2954 2034 3003 ascensum
2069 2957 2290 3015 Luchith,
2327 2976 2407 3021 per

407 3024 655 3071 clamorem
679 3023 926 3070 Chesbonis
955 3024 1013 3070 ad
1035 3021 1237 3079 Elealeh,
1278 3038 1358 3085 per
1382 3021 1541 3082 Jahn,
1577 3037 1657 3085 per
1681 3021 1981 3079 Choronaim,
2012 3039 2092 3086 per
2112 3039 2252 3086 aquas
2269 3025 2411 3070 Nim-

400 3091 512 3146 ‘rim,
560 3090 609 3143 δε
635 3105 714 3152 per
736 3089 943 3140 Vitularn
969 3091 1188 3136 triennem
1214 3111 1227 3144 3
1265 3088 1390 3151 quod
1423 3088 1582 3135 ultima
1606 3087 1807 3144 vastatio,
1845 3100 1981 3152 patet.

482 3156 619 3204 1826.
658 3153 803 3218 de
844 3156 1062 3216 acciperet
1107 3167 1331 3201 turturem
1358 3155 1405 3202 δε
1430 3154 1630 3218 pullum,
1667 3153 1792 3217 quod
1820 3154 2041 3216 significet
2066 3153 2140 3200 illa
2178 3170 2283 3216 quae
2308 3154 2410 3203 sunt

406 3221 699 3287 spiritualium
740 3219 975 3278 Ecclefiae²
1009 3219 1179 3268 constat
1219 3237 1243 3268 a
1267 3221 1590 3286 significatione
1616 3222 1771 3269 avium
1798 3223 1840 3268 in
1866 3235 2048 3283 genere,
2084 3236 2135 3267 ae
2179 3233 2418 3268 turturum,

2243 3288 2294 3333 ὃς
2328 3302 2405 3335 co.-
