2788 3736
902 94 915 142 s

661 296 1147 381 CAPUT
1263 311 1995 395 ocTAvuM.=
2258 317 2386 402 2Q

363 477 390 506 a
411 456 603 523 pueritia
624 454 737 520 ejus,
773 455 995 519 significat
1027 455 1154 519 quod
1177 454 1487 505 voluntarium
1529 453 1726 501 hominis
1750 453 1806 501 fi't
1827 453 2007 519 prorsus
2033 454 2210 510 malum
2230 471 2242 502 :
2288 471 2383 503 non

364 525 532 572 addam
556 523 751 587 amplius
783 534 1016 586 percutere
1040 537 1178 570 omne
1203 523 1367 569 vivum
1402 520 1521 568 ficut
1556 519 1661 578 feci,
1699 520 1924 584 fignificat
1962 523 2091 586 quod
2118 522 2264 572 homo
2287 538 2382 570 non

361 591 559 655 amplius
582 592 643 637 ita
665 589 707 637 se
730 590 918 654 perdere
942 591 1123 653 poterit.

430 674 490 721 92
502 676 543 718 5.
582 657 730 722 Qod
753 656 969 706 odoratus
992 655 1200 718 Jehovah
1223 654 1414 703 odorem
1454 654 1635 718 quietiS,
1671 653 1895 718 significet
1918 655 2043 719 quod
2069 667 2222 719 gratus
2245 653 2383 706 fuerit

366 725 576 772 Domino
600 724 751 770 cultus
769 723 892 782 inde,
911 738 1076 786 nempe
1100 721 1250 769 cultus
1271 737 1330 768 ex
1352 721 1567 783 charitate
1591 722 1643 768 &
1659 721 1751 768 fide
1775 722 2019 779 charitatis,
2038 724 2118 786 qui
2144 739 2225 786 per
2249 723 2380 770 holo-

363 791 569 838 caustum
587 790 883 853 significatus,
902 789 1078 836 dieium
1096 787 1224 836 estin
1240 787 1368 836 vers:
1395 789 1606 852 proxime
1622 787 1922 852 praecedente.
1968 790 2133 836 Paffim
2160 793 2208 836 in
2225 789 2384 839 Verbo

363 857 546 914 dicitur,
582 856 711 920 quod
737 855 943 918 Jehovah
965 851 1180 902 odoratus
1201 854 1265 902 est
1299 854 1491 902 odorem
1512 857 1694 918 quietiS,
1732 855 1782 901 δε
1819 854 2009 918 quidem
2047 857 2278 919 praecipue
2316 872 2379 904 ex

361 923 650 980 holocaustis,
684 924 735 970 δε
755 921 907 968 ubivis
927 921 1152 985 significat
1165 932 1349 984 gratum
1366 920 1444 968 seu
1459 933 1718 985 acceptum,
1754 920 1869 968 ficut
1892 937 1949 968 ex
1965 921 2236 969 holocaustis
2253 922 2383 985 quod

361 991 574 1038 odoratus
621 989 811 1037 odorem
851 989 1033 1052 quietis,
1084 987 1253 1036 Exod:
1279 988 1423 1035 xxix:
1457 993 1533 1044 18,
1574 1005 1654 1050 25,
1695 1005 1775 1048 41.
1846 988 1984 1035 Lev:
2012 1004 2028 1034 1
2050 1007 2060 1036 :
2090 1006 2137 1052 9,
2178 1005 2255 1052 13.
2304 1005 2379 1053 17.

361 1057 792 1121 Cap:xxnr:12,
838 1070 914 1118 13,
963 1059 1036 1104 18.
1088 1055 1478 1103 Numzxxvn1:
1522 1055 1569 1112 6,
1606 1059 1651 1111 8,
1695 1072 1767 1122 13.
1838 1055 1968 1118 Cap:
1995 1069 2142 1102 xxm:
2172 1072 2217 1111 2,
2254 1055 2301 1112 6,
2331 1060 2380 1113 8,

369 1141 445 1186 13,
485 1125 559 1188 36.
598 1135 699 1170 tum
723 1116 781 1169 ex
803 1120 900 1168 aliis
924 1119 1166 1178 sacrificiis,
1201 1120 1330 1169 Lev:
1359 1136 1428 1169 11:
1470 1139 1516 1178 2,
1557 1138 1603 1185 9.
1641 1122 1768 1185 Cap:
1793 1137 1877 1169 VI:
1908 1126 1952 1178 8,
1987 1140 2057 1182 14.
2108 1122 2224 1185 Cap.
2243 1137 2380 1170 vm:

365 1207 444 1247 21,
472 1195 566 1239 28.v
583 1189 745 1236 Num:
769 1203 867 1235 xv:
907 1205 953 1251 3,
994 1204 1039 1253 7,
1083 1206 1155 1252 13.
1192 1188 1243 1235 &
1284 1199 1511 1235 vocantur
1540 1188 1750 1252 Ignitum
1791 1189 1837 1235 in
1878 1189 2067 1236 odorem
2109 1189 2274 1252 quietis
2297 1189 2376 1249 Je-

362 1257 513 1314 hovae,
549 1271 645 1320 quo
670 1254 950 1318 significatur
971 1255 1099 1318 quod
1135 1271 1192 1302 ex
1214 1271 1367 1302 amore
1404 1255 1454 1302 δι
1479 1255 1690 1302 charitate
1712 1277 1726 1310 ;
1762 1256 1881 1318 ignis
1906 1257 1953 1302 in
1976 1255 2147 1312 Verbo,
2185 1256 2234 1302 &
2259 1256 2380 1318 igni·

362 1336 482 1378 tum,
518 1338 628 1370 cum
652 1321 928 1386 praedicatur
948 1321 1005 1368 de
1022 1323 1249 1378 Domino,
1274 1323 1325 1369 δε
1342 1321 1399 1368 de
1419 1322 1547 1368 cultu
1564 1322 1726 1385 Ipsius,
1747 1322 1968 1385 significat
1986 1337 2219 1370 amorem:
2257 1323 2382 1369 fimi-

361 1389 462 1436 liter
485 1390 622 1436 etiam
645 1389 796 1445 Panis,
832 1404 970 1451 quare
1004 1391 1138 1435 etiam
1164 1388 1314 1436 cultus
1338 1387 1727 1452 repraesentativus
1773 1404 1856 1451 per
1895 1388 2151 1436 holocausta
2173 1389 2223 1436 δε
2247 1387 2381 1436 sacri-

359 1456 464 1502 ficia
483 1455 736 1519 appellatur
759 1456 893 1503 Panis
917 1456 1050 1519 igniti
1068 1455 1261 1516 Jehovae
1296 1456 1342 1501 in
1380 1455 1571 1503 odorem
1610 1455 1792 1518 quietis,
1828 1454 1996 1503 Levit:
2036 1471 2135 1503 111:
2179 1473 2253 1512 11,
2302 1456 2377 1503 16.

361 1522 507 1587 Qod
531 1522 647 1569 odor
670 1522 893 1586 significet
914 1535 1098 1586 gratum
1137 1522 1188 1569 ὅτ
1227 1533 1485 1586 acceptum,
1527 1522 1578 1569 &
1601 1521 1662 1568 fic
1685 1521 1815 1585 quod
1839 1521 1955 1568 odor
1988 1538 2174 1586 quoque
2212 1524 2259 1568 in
2283 1522 2379 1569 Ec-

362 1589 494 1636 clesia
510 1587 704 1650 Judaica
731 1587 867 1636 fuerit
895 1588 1311 1653 repraesentativum
1336 1591 1471 1652 grati,
1507 1590 1558 1636 ὅτ
1582 1588 1804 1635 tribuatur
1827 1589 2021 1650 Jehovae
2054 1588 2126 1635 seu
2150 1589 2378 1646 Domino,

359 1655 421 1702 est
445 1654 586 1712 causa,
621 1655 750 1719 quod
779 1655 956 1715 bonum
997 1655 1222 1702 charitatis
1256 1657 1306 1702 δε
1347 1671 1512 1703 verum
1542 1655 1650 1702 fidei
1691 1671 1747 1702 ex
1785 1656 1995 1703 charitate
2033 1654 2380 1719 correspondeat

360 1721 575 1769 odoribus
604 1720 824 1784 jucundis
859 1723 910 1770 &
933 1721 1178 1777 suavibus·,
1216 1720 1309 1784 ipsa
1345 1721 1736 1784 correspondentia
1771 1722 1899 1785 quod
1936 1722 2010 1779 fit,
2045 1723 2279 1786 &qualis
2302 1722 2377 1778 fit,

361 1788 560 1837 constare
584 1787 731 1852 potest
761 1805 786 1834 a
805 1787 988 1851 sphaeris
1025 1788 1071 1834 in
1104 1787 1227 1835 coelo
1259 1786 1500 1850 spirituum
1534 1788 1584 1834 &
1610 1787 1936 1850 Angelorum3
1973 1789 2074 1835 sunt
2098 1787 2161 1834 ibi
2186 1788 2375 1851 sphaerae

358 1857 527 1901 amoris
549 1854 749 1910 &·fidei,
784 1869 890 1918 quae
913 1851 1144 1901 manifeste
1167 1855 1516 1916 percipiuntur;
1553 1853 1740 1917 sphaerae
1774 1854 1882 1901 tales
1922 1853 2039 1909 sunt,
2075 1867 2129 1901 ut
2152 1870 2260 1901 cum
2285 1853 2376 1917 spi-

363 1921 472 1967 ritus
496 1920 642 1968 bonus
665 1934 743 1968 aut
775 1921 980 1984 angelus,
1016 1919 1090 1967 seu
1114 1918 1296 1967 societas
1328 1918 1569 1983 spirituum
1607 1920 1836 1968 bonorum
1879 1934 1957 1967 aut
1994 1921 2266 1984 angelorum
2295 1920 2378 1967 ad·

362 1999 532 2043 ventat,
568 2001 678 2034 tunc
707 1989 960 2051 percipitur
998 1986 1137 2043 illico,
1174 1988 1351 2050 quoties
1374 1988 1584 2034 Domino
1608 1987 1886 2051 beneplacet,
1922 1987 2065 2051 qualis
2089 1987 2152 2034 est
2176 1986 2376 2050 spiritus,

358 2053 561 2116 angelus,
597 2053 671 2100 seu
697 2053 895 2109 societas,
919 2053 1071 2117 quoad
1088 2069 1291 2100 amorem
1314 2053 1363 2101 &
1388 2054 1547 2110 fidem,
1565 2055 1617 2101 &
1632 2054 1826 2117 quidem
1841 2071 1866 2100 e
1890 2054 2163 2117 longinquo,
2199 2054 2250 2100 δε
2274 2069 2372 2101 ma-

359 2121 429 2182 gis
454 2135 563 2166 cum
586 2118 848 2183 praesentior
871 2121 925 2167 fit
942 2142 958 2175 ·,
994 2120 1123 2183 quod
1157 2120 1435 2177 incredibile,
1473 2119 1546 2167 sed
1571 2119 1708 2184 usque
1739 2119 1803 2167 est
1825 2121 2138 2176 verisfimum3
2174 2120 2274 2166 talis
2309 2119 2375 2166 est

361 2188 720 2234 communicatio
755 2188 800 2234 in
834 2186 969 2233 altera
1002 2187 1112 2243 vita,
1150 2188 1199 2233 δε
1242 2187 1340 2234 talis
1376 2188 1643 2252 perceptio·,
1670 2203 1847 2251 quare,
1900 2203 2010 2234 cum
2049 2188 2258 2234 Domino
2298 2185 2378 2232 be-

357 2253 580 2315 neplacet,
617 2269 709 2300 non
732 2269 849 2316 opus
873 2252 937 2300 est
960 2253 1117 2301 multis
1140 2253 1390 2317 explorare,
1426 2255 1571 2318 qualis
1595 2254 1745 2300 anima
1768 2253 1841 2300 seu
1860 2253 2039 2317 spiritus
2063 2253 2142 2311 est,
2179 2268 2285 2299 nam
2317 2252 2376 2299 ad

361 2321 566 2381 primum
591 2320 845 2367 adventum
869 2319 1016 2384 potest
1038 2320 1280 2384 cognosci:
1318 2320 1386 2368 his
1427 2320 1610 2384 sphaeris
1634 2319 1994 2384 correspondent
2033 2319 2221 2383 sphaerae
2258 2319 2374 2366 odo-

360 2400 468 2431 rum
492 2387 538 2431 in
564 2385 774 2442 mundo,
810 2387 938 2450 quod
961 2387 1351 2450 correspondeant,
1389 2388 1494 2435 inde
1532 2387 1729 2434 constare
1762 2387 1926 2450 potest,
1962 2386 2087 2451 quod
2115 2386 2303 2450 sphaerae
2329 2402 2377 2433 a·

363 2451 502 2497 moris
526 2451 577 2498 δε
600 2451 723 2508 fidei,
758 2453 944 2516 quando
959 2454 1168 2501 Domino
1192 2453 1468 2518 beneplacet,
1510 2452 1739 2503 manifeste
1777 2455 1825 2500 in
1849 2453 2038 2519 sphaeras
2070 2453 2269 2500 odorum
2295 2449 2377 2515 ju-

364 2517 624 2564 cundorum
657 2519 710 2564 &
741 2517 947 2566 suavium
980 2532 1212 2581 vertantur
1251 2521 1510 2568 inmundo
1554 2518 1813 2584 spirituum,
1867 2522 1917 2567 ὅτ
1956 2517 2188 2567 manifeste
2227 2520 2377 2583 perci-

361 2586 555 2646 piantur.
628 2584 703 2630 Ex
726 2584 795 2631 his
831 2599 953 2632 nunc
983 2585 1171 2643 constat,
1207 2587 1329 2634 unde
1363 2589 1415 2634 &
1433 2603 1570 2650 quare
1602 2586 1718 2634 odor
1739 2588 1902 2649 quietis
1926 2585 2148 2649 fignificat
2170 2598 2376 2648 gratum,

359 2651 412 2697 ὅτ
448 2666 584 2713 quare
619 2649 735 2697 odor
768 2649 1181 2714 repraesentativum
1222 2649 1395 2699 facium
1431 2654 1477 2699 in
1504 2652 1702 2699 Ecclesia
1723 2653 1931 2713 Judaica,
1966 2654 2016 2700 δε
2054 2652 2170 2700 odor
2207 2652 2376 2714 quietis

361 2716 554 2776 Jehoyae
579 2715 651 2763 seu
676 2717 891 2764 Domino'
908 2716 1143 2764 tribuatur.
1214 2717 1348 2764 Odor
1386 2719 1551 2780 quietis
1586 2717 1651 2764 est
1690 2719 1835 2781 pacis,
1880 2715 1957 2764 seu
1990 2731 2174 2782 gratum
2212 2717 2333 2780 pacis
2353 2738 2371 2774 ·‚

362 2782 459 2830 Pax
482 2786 527 2830 in
550 2799 645 2830 uno
669 2782 914 2846 complexu
939 2782 1285 2847 comprehendit
1322 2785 1476 2831 omnia
1497 2785 1548 2831 &
1572 2784 1749 2847 singula
1770 2800 1876 2847 quae
1899 2783 2001 2830 sunt
2025 2784 2179 2847 Regni
2200 2783 2373 2830 Domi-

363 2850 428 2903 ni,
463 2865 573 2897 nam
596 2849 733 2897 status
754 2851 910 2914 Regni
932 2847 1127 2897 Domini
1149 2849 1212 2897 est
1234 2849 1370 2896 status
1395 2851 1541 2906 Pacis,
1577 2852 1623 2896 in
1663 2849 1778 2896 statu
1817 2843 1939 2913 pacis
1976 2848 2172 2897 existunt
2209 2865 2374 2899 omnes

303 2939 307 2941 ‡
363 2912 500 2960 status
540 2913 688 2963 felices
728 2931 786 2963 ex
809 2932 961 2963 amore
983 2917 1034 2964 δε
1059 2916 1149 2963 fide
1174 2918 1219 2962 in
1243 2917 1520 2963 Dominum.
1591 2916 1667 2963 Ex
1706 2916 1791 2972 his,
1828 2931 1933 2978 quae
1961 2931 2082 2963 nunc
2106 2916 2227 2963 dicia
2248 2914 2372 2973 sunt,

363 2992 487 3043 patet
510 2996 601 3027 non
625 2981 790 3039 solum,
825 2983 1064 3046 quomodo
1089 2981 1449 3046 repraesentativa
1472 2982 1513 3029 se
1535 2981 1729 3038 habent;
1767 2981 1840 3030 sed
1864 2983 2000 3030 etiam
2034 2998 2171 3046 quare
2205 2983 2251 3029 in
2276 2983 2372 3029 Ec-

364 3044 491 3092 clefia
507 3046 696 3106 Judaica
717 3048 986 3105 suffimenta,
1022 3065 1110 3113 pro
1150 3049 1316 3113 quibus
1341 3050 1498 3097 Altare
1538 3060 1640 3097 ante
1680 3048 1837 3096 velum
1875 3050 1926 3098 ὅτ,
1963 3050 2331 3114 propitiatorium
2354 3070 2372 3106 ·,

362 3127 500 3174 quare
523 3110 666 3159 thuris
688 3113 936 3160 oblationes
959 3116 1006 3162 in
1030 3115 1250 3163 sacrificiis
1271 3139 1286 3172 ;
1322 3129 1425 3163 tum
1449 3131 1587 3180 quare
1612 3127 1681 3163 tot
1703 3127 1918 3170 aromata,
1952 3116 2001 3163 in
2024 3115 2296 3170 suffimento,
2323 3115 2373 3160 in

362 3178 510 3234 thure,
536 3188 588 3224 ut
613 3178 662 3224 ὅτ
683 3180 731 3226 in
759 3179 862 3226 oleo
883 3182 1107 3228 unctionis
1146 3182 1507 3239 adhibebantur-3
1542 3185 1606 3229 ita
1626 3182 1738 3246 quid
1761 3182 1878 3231 odor
1895 3183 2077 3245 quietis,
2113 3181 2223 3244 quid
2249 3180 2371 3226 suffi-

363 3256 456 3303 ωε,
480 3245 531 3293 &
554 3244 666 3308 quid
690 3256 888 3293 aromata
902 3244 1161 3309 significant
1180 3250 1229 3295 in
1245 3248 1419 3307 Verbo,
1443 3265 1607 3314 nempe
1624 3249 1753 3314 quod
1776 3248 1973 3299 coelestia
1989 3249 2168 3304 amoriS,
2196 3244 2373 3355 &finde

2266 3325 2375 3372 pin·-
