2788 3736
761 260 1198 329 CAPUT
1277 213 1990 325 'SE'PTIMUM
2298 283 2432 353 223

385 416 492 456 tum
513 415 684 454 uxores
706 401 905 462 filiorum
941 400 1048 466 qus,
1084 409 1139 448 ut
1166 398 1219 448 δε
1245 415 1339 448 cum
1358 398 1485 456 illis;
1521 398 1599 447 fied
1632 399 1749 465 quid
1787 399 1968 466 singula
2005 395 2290 461 involvunt,
2310 418 2423 467 pro-

382 476 532 524 lixum
571 469 690 521 foret
728 483 971 534 exponere,
1008 467 1109 516 satis
1146 466 1212 516 est
1234 466 1381 516 modo
1418 466 1570 515 ideam
1600 483 1902 517 communem
1932 469 2421 521 communiffimorum

379 542 505 590 dare.
2098 559 2102 564 .

450 624 562 674 772.
598 602 739 654 Vers:
772 619 849 664 14,
880 619 968 666 15.'
997 602 1087 660 Illi,
1123 599 1181 650 ἐξ
1220 602 1353 649 omnis
1385 599 1493 664 fera
1520 601 1751 666 secundum
1780 604 1961 667 speciem
1989 604 2151 667 sunm3
2202 605 2261 655 &³
2284 608 2418 655 omnis

374 676 503 738 bestia
528 672 758 740 secundum
780 673 967 736 speciem
978 671 1107 734 fitam
1123 685 1139 715 .·
1174 667 1234 716 &
1272 684 1390 717 omne
1410 670 1565 733 reptile
1584 681 1732 733 repens
1755 671 1892 734 fitper
1914 681 2036 719 terra
2061 672 2294 736 secundum
2316 674 2420 737 spe-

374 746 480 792 ciem
491 744 653 807 suam·,
689 739 746 790 δ’
783 740 916 787 omnis
936 738 1039 784 avis
1066 734 1299 799 secundum
1307 738 1492 801 speciem
1514 739 1664 801 suam,
1700 739 1834 784 omnis
1856 738 2060 796 volucris,
2096 756 2215 788 omne
2236 740 2419 789 alatum.

378 811 446 859 Et
481 812 708 858 intrarunt
747 805 810 854 ad
826 803 1057 854 Noachum
1091 804 1138 850 in
1167 819 1348 861 arcam,
1382 805 1487 854 bina
1525 805 1630 853 bina
1651 803 1704 852 de
1726 804 1840 852 omni
1863 820 2006 862 carne,
2042 807 2090 853 in
2120 823 2204 871 qua
2223 807 2415 870 spiritus

379 880 593 926 vitarum.
664 875 759 925 Per—
788 871 874 929 illi,
909 870 1190 935 fignificatur
1212 871 1261 919 in
1297 887 1462 936 genere
1484 871 1630 921 horno
1651 871 1901 921 Ecclefiae:
1938 887 2022 936 per
2059 888 2250 920 omnem
2273 873 2418 923 feram

378 943 630 993 seeundum
653 940 850 1006 speciem
874 937 1019 998 suam,
1054 938 1337 1003 significatur
1358 957 1499 989 omne
1522 939 1702 989 bonum
1733 938 1991 1004 spirituale:
2025 954 2109 1004 per
2130 938 2318 989 bestiam
2343 941 2409 990 se-

378 1011 587 1072 cundum
627 1007 825 1075 speciem
848 1005 993 1064 suam,
1029 1004 1207 1054 bonum
1229 1008 1466 1058 naturale:
1496 1021 1580 1072 per
1601 1023 1742 1056 omne
1765 1006 1928 1072 reptile
1948 1022 2108 1071 repens
2138 1006 2271 1072 super
2294 1019 2414 1058 terra

377 1069 637 1127 secundum
653 1075 852 1140 speciem
871 1072 1018 1132 suam,
1051 1090 1195 1123 omne
1217 1073 1397 1125 bonum
1421 1074 1617 1125 sensuale
1638 1075 1691 1123 &
1724 1090 2035 1140 corporeum:
2071 1090 2157 1140 per
2177 1091 2317 1123 avem
2339 1075 2406 1125 se-

374 1146 589 1196 cundum
626 1142 822 1208 speciem
857 1140 1002 1199 suam,
1038 1157 1178 1199 omne
1219 1141 1449 1208 spirituale
1471 1159 1670 1192 verum:
1705 1158 1791 1207 per
1813 1142 2073 1200 volucrem,
2110 1142 2313 1191 naturale
2336 1159 2420 1192 ve-

358 1229 513 1268 ‚rumz
548 1226 633 1277 per
669 1209 863 1267 alatum,
899 1207 1095 1258 sensuale
1116 1226 1317 1263 verum:
1352 1211 1484 1278 quod
1522 1212 1748 1259 intrarunt
1782 1210 1841 1259 ad
1863 1209 2116 1260 Noachum
2157 1210 2207 1257 in
2246 1224 2415 1268 arcam,

372 1280 647 1345 significant,
682 1289 738 1326 ut
758 1278 904 1343 priUS,
940 1277 1071 1342 quod
1093 1277 1291 1338 salvata;
1329 1281 1437 1329 bina
1457 1279 1509 1327 &
1533 1278 1656 1335 bina,
1692 1277 1971 1343 fignificant,
1996 1288 2052 1325 ut
2075 1277 2220 1343 prim,
2259 1277 2414 1343 paria:

372 1349 435 1396 de
457 1347 588 1397 omni
612 1361 761 1403 carne,
786 1345 835 1391 in
857 1360 948 1408 qua
970 1343 1153 1410 spiritus
1169 1348 1389 1407 vitarum,
1414 1346 1672 1413 significant
1694 1361 1875 1394 novam·
1891 1356 2161 1403 creaturam,
2196 1342 2271 1393 seu
2285 1343 2418 1410 quod

376 1417 524 1463 vitam
558 1428 728 1461 novam
753 1425 1029 1476 acceperunt
1050 1429 1078 1460 a
1095 1414 1323 1475 Domino.
1866 1455 1869 1457 ,

376 1477 1255 1611 fuissii'jffi‘l‘ssiffiief'ssofinissitfisssstssss
1277 1483 1523 1613 izffiefee
1536 1479 1965 1596 ssf‘zffitssfffilz‘
2003 1477 2089 1612 {³31
2117 1478 2415 1595 ffiffl

1253 1584 1268 1607 2
1948 1583 1962 1605 2

375 1618 471 1666 nati
508 1615 629 1673 sunt,
672 1613 733 1662 ad
773 1613 1042 1672 Noachurn,
1093 1614 1366 1673 Schemum,
1403 1615 1639 1664 Chamum
1677 1617 1746 1664 &-
1769 1615 2019 1679 Japhetum
2037 1637 2053 1670 ;
2110 1614 2194 1679 qui
2227 1612 2408 1662 tametsi

374 1696 574 1749 quatuor
595 1680 716 1740 sunt,
741 1680 884 1746 usque
907 1681 1044 1730 fimul
1068 1683 1352 1731 constituunt
1367 1698 1515 1730 unum
1535 1701 1548 1729 :
1571 1683 1632 1743 -in
1654 1681 1868 1739 Noacho,
1905 1698 1988 1747 per
2010 1697 2152 1745 quem
2177 1681 2226 1728 in
2245 1696 2415 1745 genere

373 1750 646 1814 intelligitur
666 1749 878 1813 Antiqua
907 1748 1128 1807 Ecclefia,
1165 1751 1460 1799 continentur
1482 1749 1599 1798 ficut
1622 1750 1671 1796 in
1693 1760 1982 1813 parenteaut
2020 1747 2207 1804 semine,
2243 1747 2408 1796 Eccle-

297 1870 300 1875 ,
377 1818 456 1866 fiae
478 1817 620 1872 inde;
657 1831 797 1880 quare
834 1827 918 1880 per
939 1815 1015 1869 1122·
1050 1815 1335 1881 significatur
1355 1815 1559 1864 Ecclefia
1580 1817 1825 1880 Antiqua;
1861 1831 2022 1864 omnes
2054 1815 2146 1862 illae
2170 1814 2411 1874 Ecclefiae,

375 1899 484 1948 quae
507 1883 692 1940 Schem,
727 1881 878 1930 Cham
894 1881 952 1930 ¹&
977 1881 1180 1949 Japheth
1202 1883 1341 1931 dietae
1362 1881 1485 1942 sunt,
1524 1883 1808 1932 constituunt
1829 1882 1966 1931 simul
1989 1881 2261 1947 Ecclesiam,
2298 1896 2410 1947 quae

374 1950 578 1999 Ecclefia
599 1950 810 2014 Antiqua
829 1960 1036 1998 vocatur.
1097 1954 1101 1959 ‘
1722 1955 1727 1957 “
2179 2003 2181 2005 ,

448 2033 559 2083 774.
597 2017 748 2082 Qod
786 2032 869 2082 per
908 2014 1053 2066 feram
1082 2016 1336 2066 secundum
1360 2016 1557 2082 speciem
1589 2017 1716 2065 suam
1746 2017 2028 2082 significetur
2050 2031 2190 2064 omne
2223 2014 2404 2063 bonum

375 2082 599 2149 spirituale
621 2105 636 2141 ;
671 2084 725 2132 ὅτ
759 2099 842 2149 per
865 2083 1052 2133 bestiam
1076 2079 1330 2133 secundum
1353 2084 1548 2150 speciem
1574 2083 1700 2133 suam
1724 2102 1864 2133 omne
1888 2084 2066 2133 bonurn
2088 2082 2284 2132 naturale
2305 2105 2320 2140 ;
2357 2083 2410 2131 δι’

374 2168 470 2217 per-
492 2152 653 2217 reptile
693 2167 851 2216 repens
890 2151 1023 2217 super
1055 2163 1188 2210 terra,
1222 2168 1364 2201 omne
1403 2152 1580 2202 bonurn
1613 2151 1806 2201 sensuale
1845 2153 1896 2201 ὅτ
1933 2167 2226 2216 corporeum,
2276 2151 2405 2215 prius

378 2219 557 2267 distum
589 2219 640 2268 &
664 2218 893 2268 ostensum
915 2219 980 2268 est
1004 2236 1059 2268 n:
1085 2225 1170 2283 45,
1195 2221 1279 2280 46,
1310 2236 1422 2281 142,
1453 2236 1563 2284 143,
1591 2221 1701 2280 246.
1740 2233 1786 2268 at
1808 2219 1937 2285 quod
1959 2218 2053 2268 fera
2074 2217 2299 2283 significet
2328 2216 2414 2265 bo-

375 2299 490 2334 num
508 2285 754 2352 spirituale,
777 2290 934 2352 primo
957 2288 1128 2335 intuitu
1153 2286 1345 2352 quidem
1369 2286 1583 2352 apparere
1605 2287 1769 2352 potest,
1794 2287 1910 2336 ficut
1925 2287 2052 2350 quod
2067 2287 2128 2335 ita
2146 2302 2242 2334 non
2264 2284 2369 2332 effet
2388 2307 2406 2340 ;

374 2352 450 2401 sed
473 2353 675 2401 constare
695 2355 853 2417 potest
873 2372 900 2403 a
922 2354 1030 2402 serie
1060 2370 1231 2411 rerum,
1266 2355 1397 2419 quod
1430 2356 1641 2419 primum
1675 2355 1885 2403 dicantur
1906 2355 1998 2413 Illt,
2040 2354 2128 2402 hoc
2151 2352 2234 2410 est,
2258 2351 2406 2400 homo

375 2420 611 2477 Ecclefiae,
647 2420 752 2468 dein
775 2422 817 2470 F
816 2437 907 2480 era,
940 2434 1045 2470 turn
1069 2421 1231 2479 Bestia,
1260 2422 1454 2471 demum
1478 2422 1681 2487 Reptile,
1705 2439 1845 2487 quare
1867 2422 1908 2471 F
1910 2438 1983 2470 era
2005 2421 2121 2486 quid
2144 2420 2331 2484 dignius
2353 2419 2406 2467 δε

374 2486 668 2536 excellentius
692 2487 894 2536 involvit
915 2499 1056 2551 quam
1080 2487 1236 2546 bestia,
1270 2505 1330 2536 ex
1369 2488 1496 2537 causa
1533 2492 1644 2554 quia
1665 2501 1773 2538 vox-
1801 2489 1878 2543 ill'a
1918 2491 1965 2537 in
1982 2490 2176 2553 Lingua
2198 2487 2405 2535 Hebraea

377 2557 517 2603 etiam
533 2576 535 2578 ¹
551 2554 778 2618 fignificat
811 2554 1002 2602 Animal
1038 2557 1087 2603 in
1126 2571 1224 2618 quo
1260 2556 1414 2604 anima
1434 2558 1630 2613 vivens,
1666 2558 1730 2605 ita
1750 2573 1935 2622 quoque
1955 2557 2031 2604 hic
2058 2572 2152 2604 non
2175 2553 2403 2619 fignificat

375 2621 536 2679 feram,
571 2621 648 2671 sed
688 2621 855 2670 animal
897 2622 945 2668 in
977 2637 1074 2684 quo
1114 2623 1270 2669 anima
1297 2625 1476 2680 vivens,
1513 2639 1621 2671 nam
1660 2625 1820 2672 eadem
1841 2630 1936 2671 vox
1967 2622 2044 2671 est.
2125 2618 2273 2686 Qod
2318 2635 2403 2684 per

373 2689 611 2748 animalia,
634 2689 791 2738 bestias
814 2689 865 2736 &
889 2688 1066 2752 reptilia
1088 2689 1290 2751 repentia
1327 2688 1460 2752 super
1481 2703 1597 2737 terra
1632 2690 1945 2755 significentur
1967 2689 2237 2746 voluntaria,
2273 2690 2406 2753 prius

374 2758 554 2806 dietum
584 2759 634 2807 &
659 2755 887 2805 ostensum
923 2754 1004 2813 est,
1038 2756 1089 2804 &
1112 2770 1251 2820 porro
1281 2755 1328 2803 in
1362 2756 1431 2804 his
1470 2755 1776 2821 sequentibus,
1825 2756 1907 2804 ubi
1942 2756 2000 2804 de
2039 2754 2218 2814 avibus,
2254 2753 2413 2803 osten·-

372 2823 518 2874 detur.
848 2827 851 2829 ’

376 2908 571 3007 msam
594 2888 1340 3006 &mmmmm
1373 2888 1641 2954 &Pe
1693 2955 1958 3005 Μ
1992 2887 2401 3006 emm

378 3026 501 3082 inde,
541 2975 821 3072 hichicitur
858 3024 917 3071 d'e
954 3026 1231 3088 unoquovis,
1267 2992 1519 3072 sec’undum
1547 3022 1742 3088 speciem
1767 3022 1925 3074 suam:
1962 3037 2035 3072 tot
2050 2973 2228 3073 Gerlilgra
2251 3023 2397 3070 bono-

379 3108 485 3140 rum
522 3089 818 3154 spiritualium
841 3090 1023 3147 dantur,
1073 3091 1278 3140 similiter
1298 3103 1371 3138 tot
1398 3091 1577 3139 Genera
1598 3107 1815 3139 verorum
1849 3090 2167 3154 spiritualium,
2204 3103 2257 3136 ut
2290 3087 2394 3136 nus-

376 3175 517 3224 quam
540 3157 706 3220 poffint
728 3155 971 3212 recenseri3
1008 3159 1162 3205 minus
1197 3158 1348 3206 adhuc
1372 3158 1571 3222 Species,
1607 3174 1715 3223 quae
1755 3174 1976 3222 generum
2018 3158 2148 3206 sunt:
2185 3158 2231 3203 in
2256 3154 2409 3219 Coelo·

379 3227 482 3277 sunt
520 3223 678 3274 omnia
701 3223 828 3271 Bona
856 3222 908 3271 &
928 3224 1051 3272 Vera
1071 3224 1289 3274 Coelestia
1322 3226 1373 3274 δι
1398 3225 1657 3292 Spin'tualia
1687 3227 1750 3274 ita
1784 3227 1832 3274 in
1868 3224 1944 3274 sua
1977 3240 2157 3290 genera,
2198 3223 2257 3271 &
2292 3221 2394 3295 haec

415 3307 420 3315 ,
2243 3309 2246 3312 >
2345 3301 2393 3334 1n
