2788 3736
809 204 1961 306 CAPUTDECIMUm.
2281 241 2407 321 381

404 380 606 429 Kitthim
632 380 680 426 &
719 378 971 434 Dodanim,
1008 375 1190 423 fuerunt
1238 375 1433 423 totidem
1463 388 1639 438 gentes,
1692 377 1813 440 apud
1854 392 1964 439 quas
1984 377 2094 424 talis.
2125 375 2274 424 cultus
2308 375 2414 430 fuit,

409 464 492 512 per
518 439 629 510 quas
661 447 797 492 etiam
823 445 1132 508 significantur
1166 442 1362 490 totidem
1394 441 1673 499 doctrinalia,
1709 459 1816 506 quae
1851 441 2035 490 fuerunt
2067 444 2267 500 ritualia,
2295 444 2411 491 deri-
2451 502 2454 505 Δ

409 525 512 561 vata
542 530 569 561 a
589 512 723 560 cultu
747 524 933 559 externo
956 509 1079 573 apud
1103 510 1262 571 Javan.
1418 544 1421 545 γ
1604 545 1607 548 .
2112 567 2117 569 α

428 628 433 632 ,
482 597 621 643 1153.
660 578 806 639 Quod
833 594 911 641 per
930 577 1048 623 filios
1072 576 1249 623 Gomer
1271 574 1583 638 significentur
1604 576 1740 621 etiam
1767 575 1847 632 illi,
1883 578 1963 640 qui
1985 588 2223 625 externum
2239 576 2416 625 cultum

408 645 679 702 habuerunt,
717 644 790 692 sed
807 645 1061 702 derivatum
1084 641 1141 688 ab
1158 641 1238 689 illo
1258 643 1339 705 qui
1364 640 1451 688 fuit
1464 640 1583 704 apud
1602 653 1787 704 gentem
1806 643 1997 699 Gomer,
2036 643 2235 708 sequitur
2250 660 2307 691 ex
2331 645 2416 691 illis

408 729 517 777 quae
539 714 666 776 prius
690 712 926 775 aliquoties
950 709 1071 756 dicta
1094 709 1143 755 &
1168 707 1336 755 ostensa
1359 707 1462 755 sunt
1494 707 1552 754 de
1586 706 1912 770 fignificatione
1931 709 2155 756 Filiorum
2183 734 2197 766 -,
2235 724 2336 758 tum
2361 727 2418 758 ex

407 796 481 836 eo,
522 778 651 843 quod
676 778 867 826 Gomer-
893 775 946 823 s1t
971 790 1059 821 una
1081 790 1194 838 gens
1233 775 1349 822 inter
1373 773 1490 831 illas,
1526 789 1633 837 quae
1656 773 1836 820 cultum
1876 786 2132 822 externum.
2157 777 2416 840 correspon-

411 859 505 894 tem
545 847 724 893 interno
763 842 950 892 habuit:
988 840 1159 904 septem
1184 853 1342 904 gentes
1363 841 1410 887 in
1450 840 1592 904 priori
1631 839 1761 887 versu
1786 841 2081 888 nominantur
2119 859 2226 905 quae
2266 845 2311 890 in
2337 845 2414 890 tali

410 912 541 960 cultu
565 910 764 967 fuerunt,
799 909 873 957 hic
890 911 1057 956 iterum
1075 906 1243 972 septem
1267 919 1430 971 gentes
1451 923 1561 970 quae
1572 907 1656 953 filii
1679 907 1872 954 Gomeri
1889 907 1939 954 δε
1964 907 2150 968 Javanis
2166 923 2414 957 vocantur:

410 995 519 1043 quae
548 990 699 1027 autern
721 975 978 1026 *differentia
1000 973 1206 1037 specifica
1242 971 1333 1020 fuit
1364 974 1480 1020 inter
1503 988 1643 1020 unam
1683 974 1733 1021 δε
1757 973 1962 1030 alteram,
1999 989 2092 1020 non
2115 974 2206 1022 dici
2253 976 2416 1039 potest,

407 1047 516 1109 quia
537 1045 610 1093 hic
632 1043 779 1093 solum
803 1043 1096 1092 nominantur
1121 1061 1138 1095 ·,
1172 1038 1298 1102 apud
1321 1037 1571 1102 Prophetas
1601 1051 1772 1097 autem,
1808 1039 1887 1088 ubi
1911 1041 1958 1087 in
1986 1038 2130 1104 specie
2160 1041 2217 1088 de
2242 1043 2328 1089 hoc
2367 1044 2417 1089 δε

407 1112 489 1160 illo
505 1111 631 1160 cultu
654 1109 872 1158 Ecclefiae
895 1107 1061 1170 agitur,
1097 1104 1366 1154 differentiae
1389 1104 1588 1154 constare
1609 1107 1820 1170 pofl'unt:
1858 1108 1904 1154 in
1927 1123 2093 1170 genere
2130 1123 2288 1155 omnes
2328 1107 2418 1155 dif-

408 1177 610 1227 ferentiae
632 1175 783 1224 cultus
806 1173 996 1229 externi,
1036 1171 1151 1219 ficut
1185 1173 1323 1220 etiam
1366 1174 1548 1230 interni,
1573 1172 1615 1220 se
1639 1173 1805 1231 habent
1831 1173 2081 1222 secundum
2105 1174 2417 1223 adorationem

409 1245 604 1294 Domini
643 1243 691 1289 in
715 1240 861 1299 cultu,
883 1241 946 1288 δε
970 1238 1172 1287 adoratio
1218 1237 1259 1286 se
1294 1238 1429 1287 habet
1452 1238 1701 1288 secundum
1726 1256 1931 1288 amorem
1967 1241 2014 1287 in
2047 1242 2328 1299 Dominum,
2367 1244 2415 1290 δι’

409 1326 614 1359 amorem
630 1325 738 1373 erga
759 1308 1046 1372 proximum,
1067 1321 1172 1352 nam
1192 1305 1238 1353 in
1255 1321 1410 1354 amore
1426 1304 1490 1353 est
1511 1306 1747 1354 Dominus
1764 1306 1973 1371 praesens,
1993 1308 2053 1355 ita
2070 1309 2115 1354 in
2130 1308 2274 1366 cultu,
2290 1308 2419 1374 cujus

409 1377 513 1426 ideo
535 1376 806 1425 differentiae
827 1372 951 1438 apud
987 1371 1064 1419 has
1087 1383 1261 1435 gentes,
1297 1387 1405 1436 quae
1434 1373 1748 1430 nominantur,
1783 1373 1826 1421 se
1847 1376 1912 1422 ita
1942 1373 2224 1423 habuerunt:
2261 1388 2314 1423 ut
2337 1377 2417 1424 ad-

409 1443 502 1492 huc
527 1443 689 1491 clarius
715 1441 910 1497 dicatur,
947 1437 1188 1505 quomodo
1211 1436 1483 1487 differentiae
1506 1439 1657 1487 cultus
1681 1438 1723 1487 se
1745 1439 1930 1498 habent,
1965 1441 2015 1488 ὅτ
2031 1442 2270 1506 quomodo
2294 1442 2335 1490 se
2374 1445 2421 1490 in

409 1510 611 1559 Ecclefia
621 1509 829 1573 Antiqua
837 1505 959 1571 apud
970 1506 1116 1552 varias
1130 1511 1287 1569 gentes
1310 1504 1579 1563 habuerunt,
1592 1505 1844 1565 sciendum,
1855 1507 1984 1571 quod
1998 1509 2150 1556 omnis
2166 1525 2308 1556 verus,
2322 1510 2421 1557 cul·

410 1589 486 1626 tus
503 1575 711 1625 consistat
732 1577 780 1622 in
793 1573 1051 1622 adoratione
1073 1572 1286 1629 Domini,
1302 1571 1504 1622 adoratio
1526 1574 1721 1622 Domini
1736 1575 1782 1622 in
1799 1574 2130 1633 humiliatione,
2167 1575 2422 1624 humiliatio

411 1644 460 1693 in
477 1642 544 1691 sui
564 1643 795 1706 agnitione
817 1639 947 1705 quod
968 1637 1092 1703 apud
1115 1637 1158 1685 se
1181 1637 1292 1687 nihil
1310 1639 1494 1698 vivum,
1529 1640 1580 1688 δε
1604 1640 1715 1688 nihil
1739 1640 1933 1699 bonum,
1969 1641 2043 1689 sed
2079 1643 2205 1706 quod
2227 1637 2349 1708 apud
2379 1643 2423 1691 se

410 1726 550 1760 omne
576 1710 631 1756 fit
654 1702 911 1764 mortuum,
946 1706 1045 1754 imo
1067 1703 1388 1753 cadaverosum
1413 1727 1430 1762 ·‚
1465 1707 1517 1754 &
1540 1707 1587 1753 in
1619 1708 1848 1770 agnitione
1869 1708 1998 1772 quod
2019 1709 2265 1757 aDomino
2282 1727 2420 1758 omne

347 1829 355 1834 ‚
411 1778 577 1823 vivum
601 1776 652 1823 ὅτ
688 1791 827 1822 omne
851 1772 1062 1833 bonum;
1098 1786 1194 1834 quo
1238 1771 1342 1834 plus
1367 1771 1509 1820 homo
1531 1772 1632 1820 haec
1672 1773 1891 1838 agnoscit,
1927 1791 2021 1822 non
2044 1791 2123 1822 ore
2153 1774 2227 1822 sed
2262 1777 2418 1834 corde,

411 1858 469 1895 eo
492 1841 596 1905 plus
621 1840 685 1888 est
708 1841 755 1888 in
781 1838 1115 1894 humiliatione,
1151 1837 1342 1902 proinde
1365 1855 1420 1886 eo
1440 1838 1544 1902 plus
1586 1840 1634 1886 in
1671 1839 1947 1898 adoratione,
1983 1841 2072 1889 hoc
2118 1841 2198 1898 est,
2235 1843 2282 1889 in
2306 1859 2419 1891 vero

413 1908 561 1965 cultu,
597 1907 647 1956 ὅτ
670 1923 728 1955 eo
751 1906 857 1971 plus
882 1904 947 1953 est
972 1907 1021 1952 in
1044 1919 1200 1952 amore
1224 1905 1273 1951 &
1299 1904 1530 1964 charitate,
1564 1906 1616 1954 &
1639 1923 1693 1954 eo
1715 1907 1819 1972 plus
1835 1907 1898 1955 est
1921 1909 1967 1955 in
1992 1906 2218 1966 felicitate,
2255 1911 2301 1958 in
2326 1923 2422 1957 uno

414 1973 479 2022 est
495 1973 706 2030 alterum,
723 1974 786 2021 ita
808 1970 1048 2036 conjunsta
1069 1983 1124 2018 ut
1143 1969 1467 2034 inseparabilia;
1485 1973 1591 2020 inde
1613 1989 1720 2037 quae
1737 1975 1785 2022 δε
1804 1974 1957 2039 quales
1980 1973 2248 2023 differentiae
2273 1976 2423 2024 cultus

413 2041 517 2096 lint,
553 2040 751 2088 constare
767 2038 928 2103 potest.
999 2037 1098 2102 Qi
1115 2036 1189 2084 hic
1212 2039 1522 2096 nominantur,
1557 2039 1609 2087 ὅτ,
1631 2040 1914 2104 appellantur
1937 2041 2023 2090 filii
2046 2041 2239 2089 Gomeri
2269 2043 2319 2090 δε
2343 2043 2422 2104 Ja-

415 2108 560 2169 vanis,
597 2107 700 2155 sunt
723 2106 805 2168 illi,
840 2107 922 2170 qui
946 2105 1082 2152 etiam
1114 2103 1292 2152 cultum
1316 2117 1557 2154 externum
1581 2105 2008 2172 correspondentem
2043 2109 2222 2156 interno
2253 2108 2421 2159 habue-

415 2186 540 2231 runt,
577 2173 652 2221 sed
675 2173 904 2237 aliquanto
921 2171 1233 2227 remotiorem,
1269 2188 1410 2235 quam
1434 2172 1517 2230 illi,
1552 2174 1632 2237 qui
1650 2174 1698 2221 in
1721 2173 1847 2223 vers:
1883 2174 2174 2239 praecedente.
2182 2176 2421 2233 nominati,

418 2240 523 2288 ideo
545 2242 682 2288 etiam
708 2252 934 2287 vocantur
949 2237 1064 2294 filii·,
1099 2240 1406 2301 generationes
1430 2238 1671 2289 successive
1687 2239 2006 2290 descendentes
2023 2241 2097 2289 seu
2121 2242 2422 2291 derivationes

419 2305 493 2353 hic
516 2306 774 2369 procedunt
802 2306 858 2354 ab
882 2305 1085 2353 interiori
1109 2303 1260 2352 versus
1283 2308 1502 2355 exteriora
1521 2329 1536 2363 ;
1570 2323 1666 2371 quo
1688 2310 1835 2372 magis
1866 2308 2070 2356 sensualis
2093 2308 2148 2356 fit
2169 2308 2330 2367 h0m0,
2366 2327 2423 2358 eo

418 2373 564 2435 magis
586 2373 796 2429 exterior,
831 2371 1021 2436 proinde
1044 2372 1263 2420 remotior
1284 2373 1340 2425 fit
1381 2390 1406 2422 a
1428 2390 1538 2422 vero
1571 2374 1699 2422 cultu
1722 2375 1933 2432 Domini,
1970 2392 2076 2424 nam
2100 2377 2248 2440 magis
2283 2378 2422 2440 parti-

415 2439 539 2500 cipat
577 2438 633 2486 de
658 2438 853 2495 mundo,
889 2453 1077 2501 corpore
1100 2438 1152 2485 &
1190 2451 1321 2497 terra,
1357 2441 1408 2488 &
1448 2442 1602 2489 minus
1633 2441 1691 2489 de
1713 2441 1889 2506 spiritu,
1927 2444 2032 2490 inde
2071 2446 2317 2491 remotior:
2354 2444 2418 2500 hi,

419 2505 526 2567 quia
548 2504 631 2551 filii
650 2505 841 2552 Gomeri
866 2505 915 2551 δε
941 2504 1126 2565 Javanis
1156 2505 1390 2563 dicuntur,
1423 2508 1532 2571 quia
1556 2510 1703 2571 magis
1721 2508 1950 2567 sensuales,
1986 2512 2034 2557 in
2058 2510 2251 2557 externis
2274 2510 2422 2558 adhuc

421 2572 568 2634 magis
585 2571 767 2619 cultum
790 2570 1052 2635 posuerunt,
1087 2585 1228 2632 quam
1251 2585 1455 2634 parentes
1488 2575 1554 2622 ita
1574 2575 1685 2622 dieti
1707 2576 1759 2624 &
1781 2575 2018 2639 patrueleS,
2052 2593 2189 2640 quare
2212 2576 2285 2624 hic
2309 2576 2419 2631 alte-

417 2653 514 2684 ram
539 2638 717 2685 claffem
753 2636 1049 2685 constituunt.
1952 2684 1955 2685 γ
2000 2666 2003 2670 -

422 2755 426 2758 ,
494 2717 515 2748 1
532 2721 637 2768 154.
676 2702 958 2760 Aschkenas,
994 2700 1199 2768 Riphath
1223 2704 1273 2751 &
1308 2705 1627 2770 Thogarmah,
1662 2708 1791 2770 quod
1820 2707 1989 2758 fuerint
2011 2709 2206 2758 totidem
2242 2722 2417 2774 gentes,

419 2770 542 2833 apud
564 2787 673 2835 quas
705 2771 802 2818 talis
820 2770 968 2818 cultus
992 2768 1096 2828 fuit,
1131 2772 1183 2819 ὅτ
1203 2771 1330 2835 quod
1352 2788 1435 2836 per
1461 2773 1559 2820 illas
1574 2773 1884 2839 significentur
1906 2776 2103 2823 totidem
2136 2776 2418 2834 doclrinalia,

421 2851 528 2898 quae
544 2834 727 2885 fuerunt
743 2837 933 2894 ritualia,
971 2837 1170 2887 derivata
1193 2859 1219 2891 a
1254 2838 1383 2886 cultu
1416 2852 1603 2887 externo
1624 2841 1756 2904 apud
1780 2842 2048 2898 Gomerenn
2084 2843 2259 2891 constat
2295 2845 2419 2908 apud

423 2902 686 2965 Prophetas,
721 2904 800 2952 ubi
823 2906 960 2952 etiam
983 2906 1276 2957 nominantur
1300 2905 1479 2956 eaedem
1496 2919 1672 2970 gentes,
1706 2908 1756 2956 δε
1788 2924 1871 2972 per
1891 2926 1964 2957 eas
1987 2908 2296 2972 significantur
2319 2911 2420 2958 ubi-

423 2967 492 3013 vis
513 2967 773 3028 doctrinalia
787 2983 864 3019 aut
888 2971 1062 3019 ritualia
1083 2973 1131 3019 in
1155 2988 1350 3039 utroque
1366 2971 1506 3030 sensu,
1542 2986 1595 3024 ut
1619 2974 1820 3035 solitum,
1856 2992 1976 3025 nunc
1993 2977 2273 3040 ingenuino,
2299 2994 2420 3025 nunc

422 3033 474 3080 in
497 3033 739 3096 oppofito:
776 3036 1038 3086 Aschkenas
1072 3042 1197 3103 apud
1220 3040 1486 3104 Jeremiam,
1523 3045 1558 3068 “
1581 3040 1754 3088 Tollite
1772 3041 1952 3106 lignum
1971 3043 2018 3089 in
2058 3056 2189 3100 terra,
2225 3044 2420 3107 clangite

431 3104 463 3124 ‘⁴
490 3098 677 3147 buccina
693 3101 740 3148 in
762 3103 988 3164 gentibus,
1024 3106 1272 3158 consecrate
1298 3119 1454 3156 contra
1475 3122 1576 3155 eam
1595 3121 1770 3171 gentes,
1806 3109 1958 3157 audire
1979 3107 2110 3157 facite
2133 3122 2290 3157 contra
2321 3126 2421 3156 eam

429 3169 464 3193 '⁴‘
487 3181 634 3231 :regna
657 3167 866 3225 Ararath,
902 3170 1078 3229 Minui,
1114 3177 1161 3222 ἃ.
1181 3175 1479 3239 Ajchkenas,'’
1509 3191 1564 3223 ω
1580 3192 1598 3223 ,ε
1636 3191 1714 3241 27.
1751 3174 1814 3222 ibi
1838 3175 1895 3225 de
1911 3175 2207 3225 destructione
2231 3175 2420 3287 Βειῐκτῖἰζἶ

1378 3265 1386 3269 -
2338 3257 2368 3287 u
2403 3258 2417 3289 1
