2788 3736
412 329 560 418 ‘sse
953 276 2001 383 GENESss„

418 458 766 527 quatuordecim
788 477 802 514 3
861 455 976 520 quid
1010 470 1092 520 per
1123 452 1370 501 duodecim
1414 450 1715 515 significatur,
1755 441 1933 499 dietum
1971 449 2055 509 est,
2098 452 2150 522 ὅτ
2185 455 2298 520 quid
2337 474 2416 524 per

418 526 762 594 quatuordecim
796 522 1010 586 sequitur,
1047 520 1372 568 intermedium
1396 519 1512 566 inter
1533 518 1707 566 nullam
1730 519 2026 566 tentationem
2042 519 2093 567 ὅτ
2115 526 2411 574 tentationem

417 596 482 643 est
505 594 755 641 tredecim:
791 590 906 655 quid
942 588 1151 637 rebellare
1180 586 1419 651 fignificat,
1456 585 1655 633 constare
1697 583 1860 649 potest,
1896 600 2004 633 cum
2044 588 2318 650 praedicatur
2342 594 2415 643 -de

419 661 547 709 malis
571 655 691 724 apud
715 659 968 715 hominem,
1004 666 1082 704 aut
1104 655 1159 702 de
1184 654 1311 709 malis
1336 651 1581 717 spiritibus,
1617 652 1803 716 quando
1826 650 2053 716 subjugati
2090 653 2192 702 sunt
2229 670 2308 705 aut
2330 659 2414 707 ser-

415 729 567 784 viunt,
602 743 652 774 ac
687 723 912 790 incipiunt
935 719 1169 785 exsurgere
1191 722 1240 768 &
1266 718 1500 775 infestare-3
1536 719 1665 767 mala-
1692 718 1768 767 seu
1804 720 1913 766 mali
1951 719 2129 784 spiritus
2168 720 2215 770 in
2240 735 2418 775 tantum

415 793 647 851 rebellant,
684 794 730 839 in
754 803 976 855 quantum
1012 789 1171 846 homo,
1208 789 1288 852 qui
1313 788 1359 834 in
1394 787 1527 834 bonis
1557 788 1610 834 ὅτ
1631 788 1750 833 veris
1769 787 1853 834 effe
1875 786 1994 843 vult,
2030 788 2273 837 confirmat
2296 793 2419 857 apud

418 859 460 907 se
493 860 640 924 aliqua
673 859 790 907 mala
821 859 871 906 ὅτ
895 855 1016 914 falsa,
1054 856 1127 903 seu
1158 858 1204 902 in
1227 866 1451 918 quantum
1489 851 1584 918 ejus
1617 853 1751 901 bonis
1781 854 1832 901 ὅτ
1856 855 1977 900 veris
2015 853 2058 901 se
2080 855 2302 905 insinuant
2335 875 2419 908 cu·

417 927 627 992 piditates
651 927 700 974 &
723 924 945 987 falsitates,
982 925 1028 970 in
1052 923 1120 970 his
1143 922 1205 968 est
1227 922 1323 968 vita
1339 920 1577 984 spirituum
1602 920 1848 978 malorum,
1867 922 1914 967 in
1938 920 2070 968 bonis
2092 934 2247 971 autem
2270 925 2320 973 &
2339 942 2420 974 ve-

417 995 477 1039 ris
500 993 565 1039 est
589 994 682 1040 vita
704 987 1013 1054 Angelorum,
1049 989 1153 1036 inde
1177 986 1396 1034 infestatio
1419 988 1469 1034 ὅτ
1492 1004 1681 1051 pugna,
1717 985 1808 1034 hoc
1831 987 1955 1051 apud
1994 1003 2153 1035 omnes
2174 992 2273 1054 ‘qui
2310 1007 2420 1040 con..

379 1054 385 1060 ⁴
417 1057 645 1107 scientiam
680 1058 858 1114 habent,
894 1059 944 1105 ὅτ
969 1056 1116 1103 adhuc
1144 1056 1293 1118 magis
1337 1053 1458 1118 apud
1483 1055 1764 1110 Dominum,
1800 1069 1910 1101 cum
1933 1070 2062 1118 puer,
2098 1055 2199 1119 Qi
2230 1073 2419 1123 percep-

417 1126 589 1173 tionem
613 1147 642 1180 3.
662 1124 783 1189 apud
807 1124 908 1170 illos
929 1124 1009 1186 qui
1032 1122 1197 1170 habent
1220 1119 1553 1177 conscientiam,
1578 1120 1724 1166 oritur
1747 1120 1853 1166 inde
1876 1120 2008 1166 dolor
2026 1133 2205 1180 mutus,
2231 1135 2276 1171 at
2298 1125 2423 1189 apud

414 1191 517 1243 illos
546 1193 626 1255 qui
665 1190 1022 1254 perceptionem,
1058 1188 1191 1234 dolor
1214 1198 1388 1242 acutus,
1425 1187 1476 1232 ὅτ
1508 1201 1604 1248 quo
1638 1185 1821 1232 interior
1851 1188 2098 1249 perceptio,
2134 1205 2191 1235 eo
2213 1193 2420 1248 acutior;

415 1257 522 1305 inde
546 1257 688 1321 qualis
721 1256 936 1302 Tentatio
951 1253 1145 1300 Domini
1186 1267 1283 1315 prae
1315 1251 1562 1298 hominum
1584 1247 1736 1307 fuerit,
1772 1251 1970 1299 constare
1993 1253 2156 1316 potest,
2193 1257 2294 1322 Qui
2315 1273 2422 1324 per-

417 1325 676 1388 ceptionem
703 1322 961 1370 interiorem
998 1320 1049 1368 ὅτ
1072 1319 1282 1367 intimam
1306 1316 1475 1364 habuit.

489 1390 627 1454 1669.
663 1387 786 1436 Vers
795 1405 806 1435 :
824 1409 826 1411 ’
836 1405 879 1450 5.
918 1389 982 1434 Et
1011 1388 1057 1433 in
1080 1385 1386 1450 quartodecimo
1407 1399 1517 1431 anno
1539 1384 1661 1431 venit
1683 1381 1995 1441 Kedorlaomer,
2033 1384 2089 1435 ἐξ
2111 1402 2227 1451 reges
2242 1390 2422 1453 quicum

414 1456 504 1513 illo,
541 1457 596 1505 ἑά
612 1453 899 1518 percufferunt
923 1453 1137 1514 Rephaim
1157 1454 1202 1498 in
1225 1450 1424 1510 Asteroth
1439 1451 1667 1505 Karnaim‚
1701 1450 1758 1498 &²
1776 1450 1957 1508 Stfimos.
1971 1453 2018 1497 in
2040 1454 2174 1510 Ham,
2212 1457 2268 1504 {9²
2285 1457 2429 1505 Emim

415 1525 462 1570 in
486 1523 650 1570 Schave
665 1520 953 1584 Kirjjathaim„
1017 1518 1071 1565 In
1095 1516 1440 1581 quartodecimo
1461 1532 1595 1574 anno,
1631 1515 1853 1579 fignificat
1882 1519 2079 1580 primam
2097 1523 2425 1573 tentationem:

396 1589 546 1635 >venit:
569 1587 910 1642 Kedorlaomer,
947 1584 1186 1648 fignificat*
1205 1583 1382 1630 bonum
1404 1597 1620 1646 apparens
1656 1583 1703 1628 in
1727 1581 1938 1629 Externo‘
1955 1585 2194 1634 Homine:
2230 1587 2281 1634 &
2301 1603 2428 1651 reges

412 1656 496 1718 vqui
522 1670 630 1701 cum
654 1653 750 1710 illo,
787 1652 1042 1715 significant
1058 1665 1221 1697 verum
1245 1664 1461 1713 apparens
1478 1647 1606 1712 quod
1635 1645 1701 1695 est
1724 1646 1832 1695 boni
1856 1647 1975 1696 illius
1991 1667 2015 1698 :v
2038 1650 2090 1698 ὅτ
2121 1653 2429 1715 percufl‘erunt

417 1721 648 1784 Rephaim
674 1723 720 1766 in
739 1717 955 1765 Asteroth
971 1717 1205 1774 Karnaim‚
1243 1718 1290 1763 ὅτ
1310 1715 1512 1763 Sufimos
1545 1716 1592 1761 in
1616 1714 1767 1771 Ham,
1802 1715 1853 1763 ὅτ
1870 1715 2034 1764 Emim
2066 1718 2113 1764 in
2130 1718 2305 1767 Schave
2321 1721 2428 1768 Kir-

409 1785 618 1852 jathaim,
671 1785 926 1848 fignificant
967 1783 1264 1848 persuasiones
1318 1780 1430 1840 falfi,
1482 1781 1556 1830 seu
1597 1778 1771 1831 inferna
1814 1781 1993 1842 talium,
2050 1799 2160 1848 quae
2197 1786 2432 1838 Dominus

419 1866 572 1901 evicit.
954 1873 959 1876 ·
1717 1875 1722 1881 ’
1971 1868 1980 1873 ’

492 1920 631 1985 1670.
669 1918 725 1967 In
753 1916 1100 1983 quartodecimo
1130 1932 1266 1973 anno,
1302 1914 1431 1979 quod
1463 1912 1688 1977 fignificet
1719 1911 1918 1977 primam
1947 1915 2268 1975 tentationem,
2320 1934 2431 1983 con-

417 1985 529 2034 stare
561 1985 707 2050 potest
738 2001 764 2032 a
802 1985 1128 2048 fignificatione
1167 1982 1530 2047 quatuordecim,
1575 1980 1650 2028 seu
1683 1980 1786 2028 finis
1816 1979 2024 2030 secundae
2060 1982 2338 2048 septimanae,
2374 1987 2433 2036 de

419 2069 512 2116 qua
544 2069 604 2100 n:
634 2068 691 2116 72
702 2056 742 2101 8.
779 2051 859 2099 ubi
882 2064 1066 2114 tempus
1089 2049 1259 2113 septem
1283 2048 1461 2096 dierum
1503 2046 1577 2095 seu
1600 2049 1734 2095 unius
1757 2047 2019 2112 septimanae
2041 2049 2264 2114 fignificat
2285 2063 2431 2101 tenta-

419 2119 559 2166 tionis
584 2119 862 2183 principium
885 2139 899 2173 ;
935 2116 1300 2180 quatuordecim,
1320 2115 1392 2163 seu
1417 2114 1613 2163 duarum
1635 2113 2002 2178 septimanarum,
2028 2116 2153 2164 idem
2172 2139 2187 2172 3
2223 2118 2297 2165 hic
2321 2130 2432 2181 qua-

423 2185 681 2233 tuordecim
701 2185 806 2248 quia
821 2183 1019 2247 speeiant
1036 2184 1281 2232 duodecim
1298 2198 1406 2246 quae
1419 2180 1705 2246 praecedunt,
1730 2180 1896 2244 quibus
1919 2181 2226 2243 significatum
2250 2194 2435 2248 tempus

424 2252 649 2315 pueritiae,
687 2263 740 2297 ut
764 2251 956 2299 dietum.
1584 2282 1589 2284 -
1745 2256 1751 2260 ”

505 2312 658 2382 1671)
676 2318 819 2364 Venit
856 2316 1199 2373 Kedorlaomer,
1248 2315 1377 2378 quod
1411 2311 1635 2377 fignificet
1665 2309 1842 2360 bonum
1886 2327 2104 2376 apparens
2143 2313 2198 2361 in·
2227 2313 2436 2366 Externo

427 2383 656 2440 Homine,
701 2382 872 2429 constat
904 2398 960 2428 ex
982 2382 1306 2444 significatione
1328 2379 1687 2436 Kedorlaomeri‚
1724 2378 1781 2426 de
1812 2394 1905 2442 qua
1933 2381 1982 2426 in
2014 2379 2143 2435 versu
2168 2396 2283 2428 mox
2315 2399 2438 2446 prae·

427 2449 630 2507 cedente,
666 2449 792 2511 quod
814 2448 867 2495 fit
891 2447 1064 2497 bonum
1098 2449 1147 2495 &
1172 2463 1336 2494 verum
1370 2463 1603 2511 apparens,
1639 2446 1711 2492 hic
1731 2445 1874 2492 modo
1897 2445 2090 2504 bonum,
2120 2448 2226 2511 quia
2249 2448 2433 2508 dicitur,

430 2516 586 2572 etiam,
624 2516 671 2563 &
697 2517 849 2578 Reges
871 2516 952 2578 qui
971 2530 1078 2562 cum
1103 2514 1197 2570 illo,
1235 2530 1317 2578 per
1337 2530 1454 2577 quos
1477 2512 1755 2577 significatur
1776 2527 1955 2560 verum.

504 2579 642 2646 1672.
680 2582 745 2630 Et
768 2598 894 2645 reges
924 2582 1004 2641 qui
1041 2577 1269 2638 cumino,
1305 2580 1431 2644 quod
1470 2579 1721 2643 significent
1753 2592 1918 2627 verum
1951 2595 2167 2643 apparens
2204 2581 2333 2645 quod
2368 2581 2435 2631 est

430 2646 541 2696 boni
565 2648 700 2705 illius,
736 2648 907 2696 constat
929 2664 985 2695 ex
1007 2647 1330 2711 significatione
1353 2649 1543 2711 Regum
1568 2648 1615 2693 in
1628 2646 1818 2702 Verb03
1853 2647 2022 2710 RegeS,
2058 2648 2236 2711 Regna,
2270 2649 2322 2697 &
2341 2649 2433 2696 Po-

434 2714 532 2778 puli
557 2715 603 2760 in
627 2715 843 2762 historicis
866 2715 917 2762 ὅτ
941 2715 1214 2778 propheticis
1236 2713 1379 2762 Verbi
1397 2712 1659 2777 *significant
1687 2729 1809 2770 vera,
1836 2712 1888 2760 ὅτ
1911 2729 2018 2777 quae
2040 2715 2282 2761 veritatum
2315 2712 2435 2771 sunt,

436 2781 567 2842 quod
591 2781 745 2829 multis
769 2781 1027 2829 confirmari
1060 2780 1206 2845 potest
1225 2803 1240 2837 3
1276 2781 1323 2828 in
1345 2780 1502 2828 Verbo
1524 2791 1727 2828 accurate
1751 2779 2044 2843 distinguitur
2064 2781 2180 2826 inter
2200 2780 2437 2843 Populum

437 2845 490 2894 &
514 2847 731 2904 Gentem,
766 2864 847 2911 per
869 2848 1102 2911 Populum
1128 2847 1436 2911 significantur
1458 2863 1579 2904 vera,
1614 2863 1694 2910 per
1717 2847 1923 2895 Gentem
1946 2845 2081 2900 bona,
2120 2856 2174 2892 ut
2210 2845 2437 2894 ostensum

439 2912 566 2974 prius
592 2927 652 2959 n:
686 2929 826 2977 1259,
859 2915 996 2963 1260.
1023 2930 1149 2977 reges
1170 2914 1475 2977 praedicantur
1491 2914 1548 2961 de
1573 2913 1772 2976 populis,
1796 2927 1889 2959 non
1912 2911 1974 2956 ita
1995 2909 2052 2957 de
2076 2912 2319 2974 gentibus3
2354 2912 2441 2959 filii

441 2977 609 3025 Israelis
641 2989 881 3040 antequam
905 2981 1058 3043 Reges
1082 2980 1356 3037 ambiebant,
1391 2979 1574 3027 fuerunt
1597 2980 1738 3034 Gens,
1775 2978 1825 3024 &
1861 2974 2234 3039 repraesentabant
2254 2980 2440 3026 Bonum

442 3042 516 3091 seu
540 3042 736 3100 coeleste,
772 3055 815 3090 at
838 3043 1077 3106 postquam
1103 3048 1374 3109 cupiverunt
1396 3047 1596 3107 Regem,
1630 3044 1682 3090 &
1721 3055 2004 3107 acceperunt,
2039 3040 2143 3091 faffi
2167 3044 2269 3093 sunt
2291 3057 2442 3109 popu·

444 3109 532 3167 lus,
589 3111 640 3158 ὅτ
687 3112 776 3157 non
806 3109 1176 3173 repraesentabant
1208 3114 1392 3159 Bonum
1422 3109 1495 3157 seu
1525 3108 1720 3166 coeleste,
1777 3107 1853 3157 sed
1874 3108 2053 3158 Verum
2085 3109 2159 3158 seu
2181 3111 2441 3175 Spirituale,
2500 3112 2501 3115 ’

443 3192 550 3239 quae
576 3176 701 3224 causa
723 3174 827 3236 fuit,
862 3175 989 3239 quod
1013 3178 1098 3224 hoc
1123 3177 1207 3223 illis
1231 3179 1510 3240 imputatum
1545 3170 1599 3223 sit
1636 3176 1683 3222 in
1706 3176 1893 3234 vitium,
1936 3194 1954 3224 1
1985 3177 2120 3226 Sam:
2146 3193 2244 3225 vin
2265 3196 2275 3224 ε
2302 3193 2345 3242 7.
2381 3176 2442 3224 ad

362 3285 368 3291 .
444 3241 478 3289 f.
549 3242 606 3290 de
629 3259 720 3306 qua
743 3260 805 3299 re,
840 3255 896 3290 ex
910 3243 1081 3291 Divina
1098 3244 1293 3290 Domini
1316 3241 1639 3298 Misericordia,
1675 3242 1807 3291 alibi:
1845 3244 1919 3291 hic
1941 3244 2048 3307 quia
2070 3245 2332 3291 nominatur
2345 3243 2440 3290 Κει-

439 3307 720 3371 dorlaomer‚
756 3312 804 3359 ὅτ
827 3309 1024 3369 additur,
1064 3315 1099 3339 ‘⁶
1123 3308 1275 3375 Reges
1297 3310 1511 3375 quicum
1533 3309 1662 3369 illo?
1696 3309 1973 3375 fignificatur
1994 3321 2090 3359 tam
2106 3310 2283 3361 bonum
2299 3324 2440 3371 quam

1220 3383 1225 3389 ’
2265 3389 2446 3432 verum,
