<?xml version="1.0" encoding="UTF-8"?>
<!DOCTYPE html PUBLIC "-//W3C//DTD XHTML 1.0 Transitional//EN"
    "http://www.w3.org/TR/xhtml1/DTD/xhtml1-transitional.dtd">
<html xmlns="http://www.w3.org/1999/xhtml" xml:lang="en" lang="en">
 <head>
  <title>
</title>
<meta http-equiv="Content-Type" content="text/html;charset=utf-8" />
  <meta name='ocr-system' content='tesseract 3.04.00' />
  <meta name='ocr-capabilities' content='ocr_page ocr_carea ocr_par ocr_line ocrx_word'/>
</head>
<body>
  <div class='ocr_page' id='page_1' title='image "arcanacaelestiaq01sweduoft_0140.png"; bbox 0 0 2788 3736; ppageno 0'>
   <div class='ocr_carea' id='block_1_1' title="bbox 378 263 2392 3286">
    <p class='ocr_par' dir='ltr' id='par_1_1' title="bbox 378 263 1834 350">
     <span class='ocr_line' id='line_1_1' title="bbox 378 263 1834 350; baseline -0.001 -19"><span class='ocrx_word' id='word_1_1' title='bbox 378 288 405 331; x_wconf 88' lang='lat'>1</span> <span class='ocrx_word' id='word_1_2' title='bbox 422 287 506 350; x_wconf 84' lang='lat'>30</span> <span class='ocrx_word' id='word_1_3' title='bbox 693 335 713 338; x_wconf 53' lang='grc'>,</span> <span class='ocrx_word' id='word_1_4' title='bbox 867 264 928 327; x_wconf 85' lang='lat' dir='ltr'><strong><em>G</em></strong></span> <span class='ocrx_word' id='word_1_5' title='bbox 1018 263 1079 326; x_wconf 91' lang='lat' dir='ltr'><em>E</em></span> <span class='ocrx_word' id='word_1_6' title='bbox 1170 264 1255 326; x_wconf 89' lang='lat' dir='ltr'><em>N</em></span> <span class='ocrx_word' id='word_1_7' title='bbox 1340 264 1400 326; x_wconf 94' lang='lat' dir='ltr'><em>E</em></span> <span class='ocrx_word' id='word_1_8' title='bbox 1493 264 1544 329; x_wconf 82' lang='lat' dir='ltr'><em>S</em></span> <span class='ocrx_word' id='word_1_9' title='bbox 1637 267 1684 330; x_wconf 94' lang='lat' dir='ltr'><strong><em>I</em></strong></span> <span class='ocrx_word' id='word_1_10' title='bbox 1722 346 1725 348; x_wconf 6' lang='grc' dir='ltr'>μ</span> <span class='ocrx_word' id='word_1_11' title='bbox 1766 264 1834 333; x_wconf 78' lang='lat' dir='ltr'>S.</span> 
     </span>
    </p>

    <p class='ocr_par' dir='ltr' id='par_1_2' title="bbox 379 395 2389 1384">
     <span class='ocr_line' id='line_1_2' title="bbox 444 395 2373 467; baseline 0.003 -19"><span class='ocrx_word' id='word_1_12' title='bbox 444 419 556 467; x_wconf 87' lang='lat'>471.</span> <span class='ocrx_word' id='word_1_13' title='bbox 595 400 738 463; x_wconf 80' lang='lat' dir='ltr'>Qod</span> <span class='ocrx_word' id='word_1_14' title='bbox 761 399 822 445; x_wconf 90' lang='lat' dir='ltr'>ita</span> <span class='ocrx_word' id='word_1_15' title='bbox 852 397 1162 455; x_wconf 87' lang='lat' dir='ltr'>habitaverint,</span> <span class='ocrx_word' id='word_1_16' title='bbox 1198 414 1363 462; x_wconf 85' lang='lat' dir='ltr'><strong>nempe</strong></span> <span class='ocrx_word' id='word_1_17' title='bbox 1401 395 1480 445; x_wconf 89' lang='lat' dir='ltr'>soli</span> <span class='ocrx_word' id='word_1_18' title='bbox 1503 397 1619 446; x_wconf 90' lang='lat' dir='ltr'>inter</span> <span class='ocrx_word' id='word_1_19' title='bbox 1641 397 1700 454; x_wconf 91' lang='lat' dir='ltr'>se,</span> <span class='ocrx_word' id='word_1_20' title='bbox 1736 399 1931 460; x_wconf 62' lang='lat' dir='ltr'>distincti</span> <span class='ocrx_word' id='word_1_21' title='bbox 1954 402 2097 451; x_wconf 86' lang='lat' dir='ltr'>modo</span> <span class='ocrx_word' id='word_1_22' title='bbox 2119 402 2166 452; x_wconf 90' lang='lat' dir='ltr'>in</span> <span class='ocrx_word' id='word_1_23' title='bbox 2189 404 2373 461; x_wconf 76' lang='lat' dir='ltr'>don-10³,</span> 
     </span>
     <span class='ocr_line' id='line_1_3' title="bbox 379 462 2376 528; baseline 0.002 -13"><span class='ocrx_word' id='word_1_24' title='bbox 379 465 583 524; x_wconf 83' lang='lat' dir='ltr'>familias,</span> <span class='ocrx_word' id='word_1_25' title='bbox 618 468 667 513; x_wconf 85' lang='lat'>&amp;</span> <span class='ocrx_word' id='word_1_26' title='bbox 705 477 878 528; x_wconf 85' lang='lat' dir='ltr'>gentes,</span> <span class='ocrx_word' id='word_1_27' title='bbox 913 462 1041 511; x_wconf 88' lang='lat' dir='ltr'>causa</span> <span class='ocrx_word' id='word_1_28' title='bbox 1061 476 1168 520; x_wconf 87' lang='lat' dir='ltr'>erat,</span> <span class='ocrx_word' id='word_1_29' title='bbox 1201 475 1255 510; x_wconf 95' lang='lat' dir='ltr'>ut</span> <span class='ocrx_word' id='word_1_30' title='bbox 1287 465 1461 527; x_wconf 86' lang='lat' dir='ltr'>integra</span> <span class='ocrx_word' id='word_1_31' title='bbox 1493 464 1553 511; x_wconf 90' lang='lat' dir='ltr'>fic</span> <span class='ocrx_word' id='word_1_32' title='bbox 1577 463 1910 513; x_wconf 87' lang='lat' dir='ltr'>conservaretur</span> <span class='ocrx_word' id='word_1_33' title='bbox 1932 467 2132 523; x_wconf 78' lang='lat' dir='ltr'>Ecclesia</span> <span class='ocrx_word' id='word_1_34' title='bbox 2147 492 2170 525; x_wconf 61' lang='grc' dir='ltr'>ς»</span> <span class='ocrx_word' id='word_1_35' title='bbox 2197 482 2250 517; x_wconf 92' lang='lat' dir='ltr'>ut</span> <span class='ocrx_word' id='word_1_36' title='bbox 2273 487 2376 518; x_wconf 87' lang='lat' dir='ltr'>om-</span> 
     </span>
     <span class='ocr_line' id='line_1_4' title="bbox 381 527 2376 593; baseline 0.001 -11"><span class='ocrx_word' id='word_1_37' title='bbox 381 550 459 582; x_wconf 87' lang='lat' dir='ltr'>nes</span> <span class='ocrx_word' id='word_1_38' title='bbox 482 533 664 586; x_wconf 89' lang='lat' dir='ltr'>domus,</span> <span class='ocrx_word' id='word_1_39' title='bbox 698 531 749 577; x_wconf 78' lang='grc' dir='ltr'>δε</span> <span class='ocrx_word' id='word_1_40' title='bbox 786 527 971 577; x_wconf 86' lang='lat' dir='ltr'>familiae</span> <span class='ocrx_word' id='word_1_41' title='bbox 1009 529 1257 593; x_wconf 87' lang='lat' dir='ltr'>penderent</span> <span class='ocrx_word' id='word_1_42' title='bbox 1278 545 1303 576; x_wconf 89' lang='lat' dir='ltr'>a</span> <span class='ocrx_word' id='word_1_43' title='bbox 1323 542 1520 593; x_wconf 88' lang='lat' dir='ltr'>parente,</span> <span class='ocrx_word' id='word_1_44' title='bbox 1556 530 1605 577; x_wconf 72' lang='grc' dir='ltr'>ὅτ</span> <span class='ocrx_word' id='word_1_45' title='bbox 1639 530 1700 577; x_wconf 78' lang='lat' dir='ltr'>sic</span> <span class='ocrx_word' id='word_1_46' title='bbox 1723 544 2035 593; x_wconf 86' lang='lat' dir='ltr'>permanerent</span> <span class='ocrx_word' id='word_1_47' title='bbox 2071 535 2118 580; x_wconf 89' lang='lat' dir='ltr'>in</span> <span class='ocrx_word' id='word_1_48' title='bbox 2140 550 2292 583; x_wconf 86' lang='lat' dir='ltr'>amore</span> <span class='ocrx_word' id='word_1_49' title='bbox 2325 536 2376 584; x_wconf 80' lang='grc' dir='ltr'>ὅτ</span> 
     </span>
     <span class='ocr_line' id='line_1_5' title="bbox 382 595 2376 662; baseline 0.002 -17"><span class='ocrx_word' id='word_1_50' title='bbox 382 615 490 645; x_wconf 90' lang='lat' dir='ltr'>vero</span> <span class='ocrx_word' id='word_1_51' title='bbox 516 597 677 651; x_wconf 87' lang='lat' dir='ltr'>cultu·,</span> <span class='ocrx_word' id='word_1_52' title='bbox 729 608 893 659; x_wconf 87' lang='lat' dir='ltr'>praeter</span> <span class='ocrx_word' id='word_1_53' title='bbox 929 597 1082 652; x_wconf 89' lang='lat' dir='ltr'>etiam,</span> <span class='ocrx_word' id='word_1_54' title='bbox 1116 595 1244 658; x_wconf 91' lang='lat' dir='ltr'>quod</span> <span class='ocrx_word' id='word_1_55' title='bbox 1278 597 1546 659; x_wconf 84' lang='lat' dir='ltr'>unaquaevis</span> <span class='ocrx_word' id='word_1_56' title='bbox 1583 595 1750 643; x_wconf 91' lang='lat' dir='ltr'>domus</span> <span class='ocrx_word' id='word_1_57' title='bbox 1786 596 2059 660; x_wconf 82' lang='lat' dir='ltr'>peculiarem</span> <span class='ocrx_word' id='word_1_58' title='bbox 2081 601 2272 662; x_wconf 86' lang='lat' dir='ltr'>genium</span> <span class='ocrx_word' id='word_1_59' title='bbox 2305 601 2376 648; x_wconf 87' lang='lat' dir='ltr'>di-</span> 
     </span>
     <span class='ocr_line' id='line_1_6' title="bbox 381 661 2378 729; baseline 0.002 -19"><span class='ocrx_word' id='word_1_60' title='bbox 381 664 591 711; x_wconf 64' lang='lat' dir='ltr'>stinctum</span> <span class='ocrx_word' id='word_1_61' title='bbox 615 661 670 708; x_wconf 86' lang='lat' dir='ltr'>ab</span> <span class='ocrx_word' id='word_1_62' title='bbox 693 662 843 719; x_wconf 87' lang='lat' dir='ltr'>altera,</span> <span class='ocrx_word' id='word_1_63' title='bbox 879 661 1034 709; x_wconf 85' lang='lat' dir='ltr'>habuit</span> <span class='ocrx_word' id='word_1_64' title='bbox 1054 683 1068 716; x_wconf 89' lang='lat'>;</span> <span class='ocrx_word' id='word_1_65' title='bbox 1105 677 1210 708; x_wconf 90' lang='lat' dir='ltr'>nam</span> <span class='ocrx_word' id='word_1_66' title='bbox 1234 673 1396 708; x_wconf 88' lang='lat' dir='ltr'>notum</span> <span class='ocrx_word' id='word_1_67' title='bbox 1421 661 1500 717; x_wconf 86' lang='lat' dir='ltr'>est,</span> <span class='ocrx_word' id='word_1_68' title='bbox 1537 662 1664 724; x_wconf 92' lang='lat' dir='ltr'>quod</span> <span class='ocrx_word' id='word_1_69' title='bbox 1687 661 1832 718; x_wconf 93' lang='lat' dir='ltr'>liberi,</span> <span class='ocrx_word' id='word_1_70' title='bbox 1868 662 1966 710; x_wconf 90' lang='lat' dir='ltr'>imo</span> <span class='ocrx_word' id='word_1_71' title='bbox 1987 663 2152 726; x_wconf 88' lang='lat' dir='ltr'>posteri</span> <span class='ocrx_word' id='word_1_72' title='bbox 2173 681 2198 712; x_wconf 89' lang='lat' dir='ltr'>a</span> <span class='ocrx_word' id='word_1_73' title='bbox 2219 681 2378 729; x_wconf 77' lang='lat' dir='ltr'>paren—</span> 
     </span>
     <span class='ocr_line' id='line_1_7' title="bbox 381 726 2389 794; baseline 0 -19"><span class='ocrx_word' id='word_1_74' title='bbox 381 728 501 776; x_wconf 86' lang='lat' dir='ltr'>tibus</span> <span class='ocrx_word' id='word_1_75' title='bbox 537 728 624 775; x_wconf 89' lang='lat' dir='ltr'>suis</span> <span class='ocrx_word' id='word_1_76' title='bbox 648 728 823 775; x_wconf 84' lang='lat' dir='ltr'>trahant</span> <span class='ocrx_word' id='word_1_77' title='bbox 862 728 1068 791; x_wconf 89' lang='lat' dir='ltr'>genium,</span> <span class='ocrx_word' id='word_1_78' title='bbox 1103 728 1154 774; x_wconf 77' lang='grc' dir='ltr'>δε</span> <span class='ocrx_word' id='word_1_79' title='bbox 1177 728 1283 775; x_wconf 89' lang='lat' dir='ltr'>tales</span> <span class='ocrx_word' id='word_1_80' title='bbox 1307 739 1434 774; x_wconf 88' lang='lat' dir='ltr'>notas</span> <span class='ocrx_word' id='word_1_81' title='bbox 1457 726 1840 784; x_wconf 62' lang='lat' dir='ltr'>characteristicas,</span> <span class='ocrx_word' id='word_1_82' title='bbox 1882 741 1934 774; x_wconf 92' lang='lat' dir='ltr'>ut</span> <span class='ocrx_word' id='word_1_83' title='bbox 1954 744 2011 776; x_wconf 86' lang='lat' dir='ltr'>ex</span> <span class='ocrx_word' id='word_1_84' title='bbox 2042 727 2170 785; x_wconf 91' lang='lat' dir='ltr'>facie,</span> <span class='ocrx_word' id='word_1_85' title='bbox 2205 731 2255 778; x_wconf 76' lang='grc' dir='ltr'>ὅτ</span> <span class='ocrx_word' id='word_1_86' title='bbox 2277 731 2389 794; x_wconf 54' lang='lat' dir='ltr'>plu-2</span> 
     </span>
     <span class='ocr_line' id='line_1_8' title="bbox 381 792 2383 858; baseline 0.001 -17"><span class='ocrx_word' id='word_1_87' title='bbox 381 794 502 841; x_wconf 87' lang='lat' dir='ltr'>ribus</span> <span class='ocrx_word' id='word_1_88' title='bbox 525 794 637 850; x_wconf 86' lang='lat' dir='ltr'>aliis,</span> <span class='ocrx_word' id='word_1_89' title='bbox 674 793 877 856; x_wconf 84' lang='lat' dir='ltr'>dignosci</span> <span class='ocrx_word' id='word_1_90' title='bbox 901 805 1097 857; x_wconf 91' lang='lat' dir='ltr'>queant·,</span> <span class='ocrx_word' id='word_1_91' title='bbox 1136 809 1191 840; x_wconf 92' lang='lat' dir='ltr'>ne</span> <span class='ocrx_word' id='word_1_92' title='bbox 1215 795 1365 856; x_wconf 89' lang='lat' dir='ltr'>itaque</span> <span class='ocrx_word' id='word_1_93' title='bbox 1400 792 1611 840; x_wconf 80' lang='lat' dir='ltr'>indolum</span> <span class='ocrx_word' id='word_1_94' title='bbox 1641 792 1769 840; x_wconf 90' lang='lat' dir='ltr'>fieret</span> <span class='ocrx_word' id='word_1_95' title='bbox 1794 792 2014 850; x_wconf 71' lang='lat' dir='ltr'>confusio,</span> <span class='ocrx_word' id='word_1_96' title='bbox 2047 793 2122 842; x_wconf 92' lang='lat' dir='ltr'>sed</span> <span class='ocrx_word' id='word_1_97' title='bbox 2154 794 2383 858; x_wconf 75' lang='lat' dir='ltr'>distinffio</span> 
     </span>
     <span class='ocr_line' id='line_1_9' title="bbox 383 857 2383 924; baseline 0.001 -17"><span class='ocrx_word' id='word_1_98' title='bbox 383 871 585 907; x_wconf 88' lang='lat' dir='ltr'>accurata</span> <span class='ocrx_word' id='word_1_99' title='bbox 606 859 724 916; x_wconf 85' lang='lat' dir='ltr'>effet,</span> <span class='ocrx_word' id='word_1_100' title='bbox 760 858 1043 922; x_wconf 82' lang='lat' dir='ltr'>beneplacuit</span> <span class='ocrx_word' id='word_1_101' title='bbox 1074 860 1299 916; x_wconf 88' lang='lat' dir='ltr'>Domino,</span> <span class='ocrx_word' id='word_1_102' title='bbox 1336 870 1388 905; x_wconf 91' lang='lat' dir='ltr'>ut</span> <span class='ocrx_word' id='word_1_103' title='bbox 1423 857 1484 905; x_wconf 89' lang='lat' dir='ltr'>fic</span> <span class='ocrx_word' id='word_1_104' title='bbox 1509 857 1785 906; x_wconf 87' lang='lat' dir='ltr'>habitarent:</span> <span class='ocrx_word' id='word_1_105' title='bbox 1824 859 1885 905; x_wconf 90' lang='lat' dir='ltr'>ita</span> <span class='ocrx_word' id='word_1_106' title='bbox 1907 859 2106 907; x_wconf 85' lang='lat' dir='ltr'>Ecclefia</span> <span class='ocrx_word' id='word_1_107' title='bbox 2143 860 2383 924; x_wconf 83' lang='lat' dir='ltr'>repraesen-</span> 
     </span>
     <span class='ocr_line' id='line_1_10' title="bbox 383 923 2385 988; baseline 0.001 -15"><span class='ocrx_word' id='word_1_108' title='bbox 383 925 502 974; x_wconf 88' lang='lat' dir='ltr'>tabat</span> <span class='ocrx_word' id='word_1_109' title='bbox 540 925 597 972; x_wconf 90' lang='lat' dir='ltr'>ad</span> <span class='ocrx_word' id='word_1_110' title='bbox 619 926 782 972; x_wconf 89' lang='lat' dir='ltr'>vivum</span> <span class='ocrx_word' id='word_1_111' title='bbox 805 925 1025 988; x_wconf 85' lang='lat' dir='ltr'>Regnum</span> <span class='ocrx_word' id='word_1_112' title='bbox 1047 925 1257 981; x_wconf 89' lang='lat' dir='ltr'>Domini,</span> <span class='ocrx_word' id='word_1_113' title='bbox 1295 940 1398 971; x_wconf 87' lang='lat' dir='ltr'>nam</span> <span class='ocrx_word' id='word_1_114' title='bbox 1425 925 1470 970; x_wconf 90' lang='lat' dir='ltr'>in</span> <span class='ocrx_word' id='word_1_115' title='bbox 1494 925 1663 987; x_wconf 92' lang='lat' dir='ltr'>Regno</span> <span class='ocrx_word' id='word_1_116' title='bbox 1685 924 1894 972; x_wconf 80' lang='lat' dir='ltr'>Domini</span> <span class='ocrx_word' id='word_1_117' title='bbox 1914 923 2016 972; x_wconf 92' lang='lat' dir='ltr'>sunt</span> <span class='ocrx_word' id='word_1_118' title='bbox 2035 925 2385 985; x_wconf 25' lang='lat' dir='ltr'>&#39;innumerabiles</span> 
     </span>
     <span class='ocr_line' id='line_1_11' title="bbox 385 988 2383 1053; baseline 0.001 -15"><span class='ocrx_word' id='word_1_119' title='bbox 385 991 625 1047; x_wconf 87' lang='lat' dir='ltr'>societates,</span> <span class='ocrx_word' id='word_1_120' title='bbox 683 989 898 1053; x_wconf 84' lang='lat' dir='ltr'>quaelibct</span> <span class='ocrx_word' id='word_1_121' title='bbox 952 990 1007 1037; x_wconf 90' lang='lat' dir='ltr'>ab</span> <span class='ocrx_word' id='word_1_122' title='bbox 1051 989 1185 1037; x_wconf 90' lang='lat' dir='ltr'>altera</span> <span class='ocrx_word' id='word_1_123' title='bbox 1229 989 1448 1046; x_wconf 72' lang='lat' dir='ltr'>distincta,</span> <span class='ocrx_word' id='word_1_124' title='bbox 1502 988 1748 1036; x_wconf 90' lang='lat' dir='ltr'>secundum</span> <span class='ocrx_word' id='word_1_125' title='bbox 1801 989 2069 1038; x_wconf 88' lang='lat' dir='ltr'>differentias</span> <span class='ocrx_word' id='word_1_126' title='bbox 2116 993 2282 1045; x_wconf 81' lang='lat' dir='ltr'>amoris</span> <span class='ocrx_word' id='word_1_127' title='bbox 2312 993 2383 1041; x_wconf 77' lang='grc' dir='ltr'>’ὅτ</span> 
     </span>
     <span class='ocr_line' id='line_1_12' title="bbox 388 1054 2384 1120; baseline 0.001 -15"><span class='ocrx_word' id='word_1_128' title='bbox 388 1054 525 1105; x_wconf 84' lang='lat' dir='ltr'>fidei:</span> <span class='ocrx_word' id='word_1_129' title='bbox 578 1057 665 1104; x_wconf 91' lang='lat' dir='ltr'>hoc</span> <span class='ocrx_word' id='word_1_130' title='bbox 688 1055 781 1117; x_wconf 10' lang='lat' dir='ltr'>pest,</span> <span class='ocrx_word' id='word_1_131' title='bbox 817 1055 944 1120; x_wconf 88' lang='lat' dir='ltr'>quod</span> <span class='ocrx_word' id='word_1_132' title='bbox 980 1057 1104 1120; x_wconf 89' lang='lat' dir='ltr'>prius</span> <span class='ocrx_word' id='word_1_133' title='bbox 1144 1056 1338 1111; x_wconf 68' lang='lat' dir='ltr'>dictum,</span> <span class='ocrx_word' id='word_1_134' title='bbox 1374 1054 1490 1102; x_wconf 88' lang='lat' dir='ltr'>solus</span> <span class='ocrx_word' id='word_1_135' title='bbox 1523 1057 1707 1111; x_wconf 85' lang='lat' dir='ltr'>vivere·‚</span> <span class='ocrx_word' id='word_1_136' title='bbox 1743 1056 1793 1102; x_wconf 75' lang='grc' dir='ltr'>δε</span> <span class='ocrx_word' id='word_1_137' title='bbox 1833 1055 1918 1102; x_wconf 92' lang='lat' dir='ltr'>hoc</span> <span class='ocrx_word' id='word_1_138' title='bbox 1959 1055 2039 1112; x_wconf 87' lang='lat' dir='ltr'>est,</span> <span class='ocrx_word' id='word_1_139' title='bbox 2091 1057 2219 1120; x_wconf 88' lang='lat' dir='ltr'>quod</span> <span class='ocrx_word' id='word_1_140' title='bbox 2246 1059 2384 1107; x_wconf 89' lang='lat' dir='ltr'>etiarn</span> 
     </span>
     <span class='ocr_line' id='line_1_13' title="bbox 387 1120 2385 1185; baseline 0.002 -16"><span class='ocrx_word' id='word_1_141' title='bbox 387 1123 580 1185; x_wconf 62' lang='lat' dir='ltr'>difflmm,</span> <span class='ocrx_word' id='word_1_142' title='bbox 616 1123 804 1169; x_wconf 86' lang='lat' dir='ltr'>tentoria</span> <span class='ocrx_word' id='word_1_143' title='bbox 841 1121 1064 1169; x_wconf 85' lang='lat' dir='ltr'>habitare:</span> <span class='ocrx_word' id='word_1_144' title='bbox 1100 1122 1150 1168; x_wconf 77' lang='grc' dir='ltr'>δε</span> <span class='ocrx_word' id='word_1_145' title='bbox 1187 1121 1274 1168; x_wconf 93' lang='lat' dir='ltr'>hoc</span> <span class='ocrx_word' id='word_1_146' title='bbox 1305 1120 1384 1177; x_wconf 92' lang='lat' dir='ltr'>est,</span> <span class='ocrx_word' id='word_1_147' title='bbox 1419 1121 1546 1184; x_wconf 94' lang='lat' dir='ltr'>quod</span> <span class='ocrx_word' id='word_1_148' title='bbox 1571 1120 1852 1184; x_wconf 90' lang='lat' dir='ltr'>beneplacuit</span> <span class='ocrx_word' id='word_1_149' title='bbox 1873 1122 2096 1178; x_wconf 89' lang='lat' dir='ltr'>Domino,</span> <span class='ocrx_word' id='word_1_150' title='bbox 2122 1134 2186 1170; x_wconf 73' lang='lat' dir='ltr'>ut</span> <span class='ocrx_word' id='word_1_151' title='bbox 2223 1123 2385 1173; x_wconf 86' lang='lat' dir='ltr'>Eccle-</span> 
     </span>
     <span class='ocr_line' id='line_1_14' title="bbox 387 1184 2385 1251; baseline 0 -15"><span class='ocrx_word' id='word_1_152' title='bbox 387 1189 447 1235; x_wconf 81' lang='lat' dir='ltr'>fia</span> <span class='ocrx_word' id='word_1_153' title='bbox 469 1189 660 1249; x_wconf 88' lang='lat' dir='ltr'>Judaica</span> <span class='ocrx_word' id='word_1_154' title='bbox 681 1203 864 1251; x_wconf 89' lang='lat' dir='ltr'>quoque</span> <span class='ocrx_word' id='word_1_155' title='bbox 904 1185 1082 1244; x_wconf 88' lang='lat' dir='ltr'>faceret,</span> <span class='ocrx_word' id='word_1_156' title='bbox 1117 1187 1244 1250; x_wconf 91' lang='lat' dir='ltr'>quod</span> <span class='ocrx_word' id='word_1_157' title='bbox 1284 1188 1329 1234; x_wconf 87' lang='lat' dir='ltr'>in</span> <span class='ocrx_word' id='word_1_158' title='bbox 1353 1186 1534 1243; x_wconf 90' lang='lat' dir='ltr'>domos,</span> <span class='ocrx_word' id='word_1_159' title='bbox 1570 1187 1616 1234; x_wconf 92' lang='lat' dir='ltr'>in</span> <span class='ocrx_word' id='word_1_160' title='bbox 1653 1184 1859 1243; x_wconf 86' lang='lat' dir='ltr'>familias,</span> <span class='ocrx_word' id='word_1_161' title='bbox 1896 1189 1942 1234; x_wconf 92' lang='lat' dir='ltr'>in</span> <span class='ocrx_word' id='word_1_162' title='bbox 1981 1199 2154 1250; x_wconf 87' lang='lat' dir='ltr'>gentes,</span> <span class='ocrx_word' id='word_1_163' title='bbox 2190 1187 2385 1236; x_wconf 70' lang='lat' dir='ltr'>distincti</span> 
     </span>
     <span class='ocr_line' id='line_1_15' title="bbox 388 1250 2385 1316; baseline 0.001 -15"><span class='ocrx_word' id='word_1_164' title='bbox 388 1255 538 1311; x_wconf 72' lang='lat' dir='ltr'>essent,</span> <span class='ocrx_word' id='word_1_165' title='bbox 574 1255 624 1300; x_wconf 87' lang='lat'>&amp;</span> <span class='ocrx_word' id='word_1_166' title='bbox 648 1252 835 1316; x_wconf 90' lang='lat' dir='ltr'>quisque</span> <span class='ocrx_word' id='word_1_167' title='bbox 860 1254 1205 1300; x_wconf 87' lang='lat' dir='ltr'>matrimonium</span> <span class='ocrx_word' id='word_1_168' title='bbox 1229 1252 1510 1300; x_wconf 88' lang='lat' dir='ltr'>contraheret</span> <span class='ocrx_word' id='word_1_169' title='bbox 1532 1254 1648 1299; x_wconf 89' lang='lat' dir='ltr'>intra</span> <span class='ocrx_word' id='word_1_170' title='bbox 1678 1250 1900 1308; x_wconf 88' lang='lat' dir='ltr'>familias;</span> <span class='ocrx_word' id='word_1_171' title='bbox 1936 1253 2094 1301; x_wconf 86' lang='lat' dir='ltr'>cadem</span> <span class='ocrx_word' id='word_1_172' title='bbox 2132 1253 2293 1310; x_wconf 89' lang='lat' dir='ltr'>causa;</span> <span class='ocrx_word' id='word_1_173' title='bbox 2330 1255 2385 1303; x_wconf 90' lang='lat' dir='ltr'>de</span> 
     </span>
     <span class='ocr_line' id='line_1_16' title="bbox 387 1316 2149 1384; baseline -0.001 -18"><span class='ocrx_word' id='word_1_174' title='bbox 387 1319 567 1384; x_wconf 88' lang='lat' dir='ltr'>quibus,</span> <span class='ocrx_word' id='word_1_175' title='bbox 608 1334 664 1365; x_wconf 86' lang='lat' dir='ltr'>ex</span> <span class='ocrx_word' id='word_1_176' title='bbox 686 1320 856 1367; x_wconf 88' lang='lat' dir='ltr'>Divina</span> <span class='ocrx_word' id='word_1_177' title='bbox 880 1319 1069 1365; x_wconf 86' lang='lat' dir='ltr'>Domini</span> <span class='ocrx_word' id='word_1_178' title='bbox 1084 1318 1410 1375; x_wconf 86' lang='lat' dir='ltr'>Misericordia,</span> <span class='ocrx_word' id='word_1_179' title='bbox 1442 1319 1493 1378; x_wconf 18' lang='lat' dir='ltr'>*in</span> <span class='ocrx_word' id='word_1_180' title='bbox 1515 1316 1810 1381; x_wconf 89' lang='lat' dir='ltr'>sequentibus.</span> <span class='ocrx_word' id='word_1_181' title='bbox 2146 1324 2149 1326; x_wconf 73' lang='grc'><strong><em>’</em></strong></span> 
     </span>
    </p>

    <p class='ocr_par' dir='ltr' id='par_1_3' title="bbox 386 1383 2391 1966">
     <span class='ocr_line' id='line_1_17' title="bbox 454 1383 2385 1450; baseline 0.001 -17"><span class='ocrx_word' id='word_1_182' title='bbox 454 1402 567 1450; x_wconf 86' lang='lat'><strong>472.</strong></span> <span class='ocrx_word' id='word_1_183' title='bbox 603 1385 657 1431; x_wconf 75' lang='lat' dir='ltr'>ln</span> <span class='ocrx_word' id='word_1_184' title='bbox 679 1384 768 1440; x_wconf 88' lang='lat' dir='ltr'>die,</span> <span class='ocrx_word' id='word_1_185' title='bbox 805 1399 899 1448; x_wconf 92' lang='lat' dir='ltr'>quo</span> <span class='ocrx_word' id='word_1_186' title='bbox 921 1386 1089 1433; x_wconf 88' lang='lat' dir='ltr'>creavit</span> <span class='ocrx_word' id='word_1_187' title='bbox 1111 1385 1238 1431; x_wconf 90' lang='lat' dir='ltr'>Deus</span> <span class='ocrx_word' id='word_1_188' title='bbox 1261 1384 1512 1440; x_wconf 89' lang='lat' dir='ltr'>hominem,</span> <span class='ocrx_word' id='word_1_189' title='bbox 1548 1383 1675 1447; x_wconf 90' lang='lat' dir='ltr'>quod</span> <span class='ocrx_word' id='word_1_190' title='bbox 1707 1384 1761 1430; x_wconf 77' lang='lat' dir='ltr'>sit</span> <span class='ocrx_word' id='word_1_191' title='bbox 1793 1400 1901 1431; x_wconf 90' lang='lat' dir='ltr'>cum</span> <span class='ocrx_word' id='word_1_192' title='bbox 1936 1384 2183 1448; x_wconf 69' lang='lat' dir='ltr'>spiritualis,</span> <span class='ocrx_word' id='word_1_193' title='bbox 2209 1383 2385 1443; x_wconf 70' lang='lat' dir='ltr'>factus3</span> 
     </span>
     <span class='ocr_line' id='line_1_18' title="bbox 386 1447 2388 1513; baseline 0 -14"><span class='ocrx_word' id='word_1_194' title='bbox 386 1452 436 1499; x_wconf 73' lang='grc' dir='ltr'>δε</span> <span class='ocrx_word' id='word_1_195' title='bbox 475 1454 520 1498; x_wconf 89' lang='lat' dir='ltr'>in</span> <span class='ocrx_word' id='word_1_196' title='bbox 554 1450 894 1497; x_wconf 76' lang='lat' dir='ltr'>similitudinem</span> <span class='ocrx_word' id='word_1_197' title='bbox 913 1450 1002 1497; x_wconf 92' lang='lat' dir='ltr'>Dei</span> <span class='ocrx_word' id='word_1_198' title='bbox 1024 1447 1131 1497; x_wconf 88' lang='lat' dir='ltr'>fecit</span> <span class='ocrx_word' id='word_1_199' title='bbox 1154 1449 1302 1504; x_wconf 84' lang='lat' dir='ltr'>illum,</span> <span class='ocrx_word' id='word_1_200' title='bbox 1337 1449 1463 1513; x_wconf 92' lang='lat' dir='ltr'>quod</span> <span class='ocrx_word' id='word_1_201' title='bbox 1488 1449 1542 1496; x_wconf 89' lang='lat' dir='ltr'>fit</span> <span class='ocrx_word' id='word_1_202' title='bbox 1565 1465 1675 1496; x_wconf 89' lang='lat' dir='ltr'>cum</span> <span class='ocrx_word' id='word_1_203' title='bbox 1698 1449 1905 1498; x_wconf 88' lang='lat' dir='ltr'>Coelestis</span> <span class='ocrx_word' id='word_1_204' title='bbox 1942 1449 2102 1508; x_wconf 60' lang='lat' dir='ltr'>sacius,</span> <span class='ocrx_word' id='word_1_205' title='bbox 2137 1451 2309 1499; x_wconf 89' lang='lat' dir='ltr'>constat</span> <span class='ocrx_word' id='word_1_206' title='bbox 2331 1453 2388 1500; x_wconf 92' lang='lat' dir='ltr'>ab</span> 
     </span>
     <span class='ocr_line' id='line_1_19' title="bbox 386 1514 2384 1580; baseline 0.001 -17"><span class='ocrx_word' id='word_1_207' title='bbox 386 1517 489 1573; x_wconf 82' lang='lat' dir='ltr'>illis,</span> <span class='ocrx_word' id='word_1_208' title='bbox 525 1532 632 1580; x_wconf 84' lang='lat' dir='ltr'>quae</span> <span class='ocrx_word' id='word_1_209' title='bbox 660 1517 783 1580; x_wconf 90' lang='lat' dir='ltr'>prius</span> <span class='ocrx_word' id='word_1_210' title='bbox 815 1515 933 1563; x_wconf 65' lang='lat' dir='ltr'>dista</span> <span class='ocrx_word' id='word_1_211' title='bbox 966 1516 1016 1563; x_wconf 71' lang='lat'>8:</span> <span class='ocrx_word' id='word_1_212' title='bbox 1039 1514 1208 1562; x_wconf 87' lang='lat' dir='ltr'>ostensa</span> <span class='ocrx_word' id='word_1_213' title='bbox 1245 1515 1379 1571; x_wconf 89' lang='lat' dir='ltr'>sunt;</span> <span class='ocrx_word' id='word_1_214' title='bbox 1414 1530 1509 1562; x_wconf 86' lang='lat' dir='ltr'>vox</span> <span class='ocrx_word' id='word_1_215' title='bbox 1548 1530 1692 1562; x_wconf 91' lang='lat' dir='ltr'>creare</span> <span class='ocrx_word' id='word_1_216' title='bbox 1726 1516 1908 1580; x_wconf 89' lang='lat' dir='ltr'>proprie</span> <span class='ocrx_word' id='word_1_217' title='bbox 1945 1516 2108 1580; x_wconf 60' lang='lat' dir='ltr'>spefflit</span> <span class='ocrx_word' id='word_1_218' title='bbox 2131 1516 2384 1574; x_wconf 90' lang='lat' dir='ltr'>hominem,</span> 
     </span>
     <span class='ocr_line' id='line_1_20' title="bbox 388 1578 2386 1645; baseline 0 -15"><span class='ocrx_word' id='word_1_219' title='bbox 388 1599 496 1631; x_wconf 89' lang='lat' dir='ltr'>cum</span> <span class='ocrx_word' id='word_1_220' title='bbox 517 1599 541 1628; x_wconf 90' lang='lat' dir='ltr'>e</span> <span class='ocrx_word' id='word_1_221' title='bbox 566 1597 687 1629; x_wconf 88' lang='lat' dir='ltr'>novo</span> <span class='ocrx_word' id='word_1_222' title='bbox 712 1592 883 1628; x_wconf 88' lang='lat' dir='ltr'>creatur</span> <span class='ocrx_word' id='word_1_223' title='bbox 907 1581 979 1628; x_wconf 89' lang='lat' dir='ltr'>seu</span> <span class='ocrx_word' id='word_1_224' title='bbox 1003 1593 1323 1644; x_wconf 85' lang='lat' dir='ltr'>regeneratur·,</span> <span class='ocrx_word' id='word_1_225' title='bbox 1348 1581 1397 1628; x_wconf 79' lang='grc' dir='ltr'>ὅτ</span> <span class='ocrx_word' id='word_1_226' title='bbox 1421 1578 1579 1637; x_wconf 90' lang='lat' dir='ltr'>facere,</span> <span class='ocrx_word' id='word_1_227' title='bbox 1605 1597 1713 1628; x_wconf 89' lang='lat' dir='ltr'>cum</span> <span class='ocrx_word' id='word_1_228' title='bbox 1737 1582 2003 1644; x_wconf 84' lang='lat' dir='ltr'>perficitur;</span> <span class='ocrx_word' id='word_1_229' title='bbox 2040 1598 2176 1645; x_wconf 89' lang='lat' dir='ltr'>quare</span> <span class='ocrx_word' id='word_1_230' title='bbox 2200 1584 2247 1629; x_wconf 92' lang='lat' dir='ltr'>in</span> <span class='ocrx_word' id='word_1_231' title='bbox 2269 1583 2386 1631; x_wconf 83' lang='lat' dir='ltr'>Ver·</span> 
     </span>
     <span class='ocr_line' id='line_1_21' title="bbox 390 1643 2386 1712; baseline 0.001 -17"><span class='ocrx_word' id='word_1_232' title='bbox 390 1648 452 1695; x_wconf 92' lang='lat' dir='ltr'>bo</span> <span class='ocrx_word' id='word_1_233' title='bbox 474 1660 674 1695; x_wconf 82' lang='lat' dir='ltr'>accurata</span> <span class='ocrx_word' id='word_1_234' title='bbox 697 1647 750 1693; x_wconf 87' lang='lat' dir='ltr'>fit</span> <span class='ocrx_word' id='word_1_235' title='bbox 771 1647 997 1695; x_wconf 64' lang='lat' dir='ltr'>distinctio</span> <span class='ocrx_word' id='word_1_236' title='bbox 1023 1648 1137 1693; x_wconf 89' lang='lat' dir='ltr'>inter</span> <span class='ocrx_word' id='word_1_237' title='bbox 1157 1662 1319 1702; x_wconf 89' lang='lat' dir='ltr'>creare,</span> <span class='ocrx_word' id='word_1_238' title='bbox 1355 1643 1548 1693; x_wconf 83' lang='lat' dir='ltr'>formare</span> <span class='ocrx_word' id='word_1_239' title='bbox 1571 1647 1620 1693; x_wconf 84' lang='lat'>&amp;</span> <span class='ocrx_word' id='word_1_240' title='bbox 1657 1645 1817 1703; x_wconf 87' lang='lat' dir='ltr'>facere,</span> <span class='ocrx_word' id='word_1_241' title='bbox 1852 1648 1965 1694; x_wconf 80' lang='lat' dir='ltr'>sicut</span> <span class='ocrx_word' id='word_1_242' title='bbox 1988 1649 2125 1695; x_wconf 89' lang='lat' dir='ltr'>etiam</span> <span class='ocrx_word' id='word_1_243' title='bbox 2148 1650 2274 1712; x_wconf 91' lang='lat' dir='ltr'>prius</span> <span class='ocrx_word' id='word_1_244' title='bbox 2297 1650 2386 1697; x_wconf 89' lang='lat' dir='ltr'>Ca-</span> 
     </span>
     <span class='ocr_line' id='line_1_22' title="bbox 390 1709 2388 1777; baseline 0.001 -17"><span class='ocrx_word' id='word_1_245' title='bbox 390 1717 482 1777; x_wconf 86' lang='lat' dir='ltr'>pite</span> <span class='ocrx_word' id='word_1_246' title='bbox 504 1715 565 1770; x_wconf 92' lang='lat' dir='ltr'>II,</span> <span class='ocrx_word' id='word_1_247' title='bbox 601 1713 680 1769; x_wconf 87' lang='lat' dir='ltr'>ubi</span> <span class='ocrx_word' id='word_1_248' title='bbox 702 1714 851 1776; x_wconf 88' lang='lat' dir='ltr'>agitur</span> <span class='ocrx_word' id='word_1_249' title='bbox 879 1713 934 1759; x_wconf 91' lang='lat' dir='ltr'>de</span> <span class='ocrx_word' id='word_1_250' title='bbox 958 1712 1171 1776; x_wconf 89' lang='lat' dir='ltr'>spirituali</span> <span class='ocrx_word' id='word_1_251' title='bbox 1194 1713 1379 1759; x_wconf 90' lang='lat' dir='ltr'>homine</span> <span class='ocrx_word' id='word_1_252' title='bbox 1408 1709 1526 1759; x_wconf 74' lang='lat' dir='ltr'>faCto</span> <span class='ocrx_word' id='word_1_253' title='bbox 1549 1711 1738 1768; x_wconf 90' lang='lat' dir='ltr'>coelesti,</span> <span class='ocrx_word' id='word_1_254' title='bbox 1775 1717 1809 1739; x_wconf 76' lang='lat'>‘⁶</span> <span class='ocrx_word' id='word_1_255' title='bbox 1832 1714 2008 1775; x_wconf 87' lang='lat' dir='ltr'>quievit</span> <span class='ocrx_word' id='word_1_256' title='bbox 2030 1714 2156 1761; x_wconf 89' lang='lat' dir='ltr'>Deus</span> <span class='ocrx_word' id='word_1_257' title='bbox 2180 1713 2236 1761; x_wconf 89' lang='lat' dir='ltr'>ab</span> <span class='ocrx_word' id='word_1_258' title='bbox 2258 1716 2388 1762; x_wconf 86' lang='lat' dir='ltr'>omni</span> 
     </span>
     <span class='ocr_line' id='line_1_23' title="bbox 392 1776 2391 1843; baseline 0.001 -17"><span class='ocrx_word' id='word_1_259' title='bbox 392 1786 425 1806; x_wconf 91' lang='grc'>“</span> <span class='ocrx_word' id='word_1_260' title='bbox 461 1795 594 1843; x_wconf 92' lang='lat' dir='ltr'>opere</span> <span class='ocrx_word' id='word_1_261' title='bbox 617 1777 712 1836; x_wconf 89' lang='lat' dir='ltr'>suo,</span> <span class='ocrx_word' id='word_1_262' title='bbox 747 1778 874 1841; x_wconf 91' lang='lat' dir='ltr'>quod</span> <span class='ocrx_word' id='word_1_263' title='bbox 897 1780 1063 1825; x_wconf 85' lang='lat' dir='ltr'>creavit</span> <span class='ocrx_word' id='word_1_264' title='bbox 1085 1779 1212 1824; x_wconf 91' lang='lat' dir='ltr'>Deus</span> <span class='ocrx_word' id='word_1_265' title='bbox 1224 1777 1472 1843; x_wconf 67' lang='lat' dir='ltr'>faciendo,&#39;&#39;</span> <span class='ocrx_word' id='word_1_266' title='bbox 1522 1777 1572 1824; x_wconf 85' lang='lat'>&amp;</span> <span class='ocrx_word' id='word_1_267' title='bbox 1607 1778 1764 1840; x_wconf 85' lang='lat' dir='ltr'>paffim</span> <span class='ocrx_word' id='word_1_268' title='bbox 1797 1776 1919 1834; x_wconf 90' lang='lat' dir='ltr'>alibi,</span> <span class='ocrx_word' id='word_1_269' title='bbox 1954 1777 2034 1824; x_wconf 89' lang='lat' dir='ltr'>ubi</span> <span class='ocrx_word' id='word_1_270' title='bbox 2056 1794 2199 1827; x_wconf 89' lang='lat' dir='ltr'>creare</span> <span class='ocrx_word' id='word_1_271' title='bbox 2223 1779 2391 1842; x_wconf 66' lang='lat' dir='ltr'>spectat</span> 
     </span>
     <span class='ocr_line' id='line_1_24' title="bbox 392 1841 2389 1908; baseline 0.001 -15"><span class='ocrx_word' id='word_1_272' title='bbox 392 1846 625 1893; x_wconf 91' lang='lat' dir='ltr'>hominem</span> <span class='ocrx_word' id='word_1_273' title='bbox 662 1843 951 1908; x_wconf 87' lang='lat' dir='ltr'>spiritualem,</span> <span class='ocrx_word' id='word_1_274' title='bbox 986 1844 1037 1891; x_wconf 76' lang='grc' dir='ltr'>δε</span> <span class='ocrx_word' id='word_1_275' title='bbox 1077 1842 1234 1901; x_wconf 88' lang='lat' dir='ltr'>facere,</span> <span class='ocrx_word' id='word_1_276' title='bbox 1274 1842 1400 1908; x_wconf 92' lang='lat' dir='ltr'>quod</span> <span class='ocrx_word' id='word_1_277' title='bbox 1437 1841 1517 1901; x_wconf 91' lang='lat' dir='ltr'>est,</span> <span class='ocrx_word' id='word_1_278' title='bbox 1550 1841 1782 1908; x_wconf 88' lang='lat' dir='ltr'>perficere,</span> <span class='ocrx_word' id='word_1_279' title='bbox 1818 1841 1983 1907; x_wconf 67' lang='lat' dir='ltr'>spe&amp;at</span> <span class='ocrx_word' id='word_1_280' title='bbox 2019 1842 2252 1892; x_wconf 89' lang='lat' dir='ltr'>hominem</span> <span class='ocrx_word' id='word_1_281' title='bbox 2278 1847 2389 1894; x_wconf 86' lang='lat' dir='ltr'>Coe-</span> 
     </span>
     <span class='ocr_line' id='line_1_25' title="bbox 390 1910 1198 1966; baseline -0.002 -8"><span class='ocrx_word' id='word_1_282' title='bbox 390 1910 578 1966; x_wconf 80' lang='lat' dir='ltr'>lestcm3</span> <span class='ocrx_word' id='word_1_283' title='bbox 614 1911 836 1966; x_wconf 89' lang='lat' dir='ltr'>videatur,</span> <span class='ocrx_word' id='word_1_284' title='bbox 873 1927 929 1956; x_wconf 92' lang='lat' dir='ltr'>n:</span> <span class='ocrx_word' id='word_1_285' title='bbox 964 1910 1019 1959; x_wconf 86' lang='lat'>16</span> <span class='ocrx_word' id='word_1_286' title='bbox 1044 1910 1093 1956; x_wconf 90' lang='lat'>&amp;</span> <span class='ocrx_word' id='word_1_287' title='bbox 1123 1914 1198 1958; x_wconf 88' lang='lat'>88.</span> 
     </span>
    </p>

    <p class='ocr_par' dir='ltr' id='par_1_4' title="bbox 389 1973 2391 2435">
     <span class='ocr_line' id='line_1_26' title="bbox 455 1973 2391 2040; baseline 0 -17"><span class='ocrx_word' id='word_1_288' title='bbox 455 1993 566 2039; x_wconf 82' lang='lat'>473.</span> <span class='ocrx_word' id='word_1_289' title='bbox 605 1975 749 2040; x_wconf 81' lang='lat' dir='ltr'>Qod</span> <span class='ocrx_word' id='word_1_290' title='bbox 787 1975 1050 2023; x_wconf 88' lang='lat' dir='ltr'>Similitudo</span> <span class='ocrx_word' id='word_1_291' title='bbox 1070 1976 1158 2021; x_wconf 90' lang='lat' dir='ltr'>Dei</span> <span class='ocrx_word' id='word_1_292' title='bbox 1197 1975 1250 2021; x_wconf 79' lang='lat' dir='ltr'>sit</span> <span class='ocrx_word' id='word_1_293' title='bbox 1290 1973 1481 2022; x_wconf 89' lang='lat' dir='ltr'>coelestis</span> <span class='ocrx_word' id='word_1_294' title='bbox 1513 1973 1672 2030; x_wconf 89' lang='lat' dir='ltr'>homo,</span> <span class='ocrx_word' id='word_1_295' title='bbox 1724 1974 1775 2021; x_wconf 78' lang='grc' dir='ltr'>δε</span> <span class='ocrx_word' id='word_1_296' title='bbox 1808 1974 1969 2038; x_wconf 88' lang='lat' dir='ltr'>Imago</span> <span class='ocrx_word' id='word_1_297' title='bbox 1991 1976 2098 2031; x_wconf 91' lang='lat' dir='ltr'>Dei,</span> <span class='ocrx_word' id='word_1_298' title='bbox 2134 1974 2391 2039; x_wconf 83' lang='lat' dir='ltr'>spiritualis,</span> 
     </span>
     <span class='ocr_line' id='line_1_27' title="bbox 389 2038 2389 2106; baseline 0 -16"><span class='ocrx_word' id='word_1_299' title='bbox 389 2043 523 2090; x_wconf 86' lang='lat' dir='ltr'>etiarn</span> <span class='ocrx_word' id='word_1_300' title='bbox 561 2043 685 2106; x_wconf 85' lang='lat' dir='ltr'>prius</span> <span class='ocrx_word' id='word_1_301' title='bbox 718 2040 939 2088; x_wconf 86' lang='lat' dir='ltr'>ostensum</span> <span class='ocrx_word' id='word_1_302' title='bbox 960 2039 1039 2096; x_wconf 90' lang='lat' dir='ltr'>est,</span> <span class='ocrx_word' id='word_1_303' title='bbox 1082 2056 1188 2088; x_wconf 88' lang='lat' dir='ltr'>nam</span> <span class='ocrx_word' id='word_1_304' title='bbox 1221 2042 1376 2105; x_wconf 84' lang='lat' dir='ltr'>imago</span> <span class='ocrx_word' id='word_1_305' title='bbox 1399 2038 1461 2087; x_wconf 91' lang='lat' dir='ltr'>est</span> <span class='ocrx_word' id='word_1_306' title='bbox 1480 2039 1536 2086; x_wconf 87' lang='lat' dir='ltr'>ad</span> <span class='ocrx_word' id='word_1_307' title='bbox 1567 2039 1926 2097; x_wconf 82' lang='lat' dir='ltr'>similitudinem,</span> <span class='ocrx_word' id='word_1_308' title='bbox 1962 2042 2011 2088; x_wconf 75' lang='grc' dir='ltr'>δε</span> <span class='ocrx_word' id='word_1_309' title='bbox 2045 2041 2294 2089; x_wconf 77' lang='lat' dir='ltr'>similitudo</span> <span class='ocrx_word' id='word_1_310' title='bbox 2325 2042 2389 2090; x_wconf 87' lang='lat' dir='ltr'>est</span> 
     </span>
     <span class='ocr_line' id='line_1_28' title="bbox 389 2102 2389 2177; baseline -0.001 -22"><span class='ocrx_word' id='word_1_311' title='bbox 389 2102 575 2170; x_wconf 75' lang='lat' dir='ltr'>effigies,</span> <span class='ocrx_word' id='word_1_312' title='bbox 633 2123 736 2154; x_wconf 87' lang='lat' dir='ltr'>nam</span> <span class='ocrx_word' id='word_1_313' title='bbox 779 2105 971 2154; x_wconf 79' lang='lat' dir='ltr'>coelestis</span> <span class='ocrx_word' id='word_1_314' title='bbox 1010 2105 1152 2154; x_wconf 88' lang='lat' dir='ltr'>bomo</span> <span class='ocrx_word' id='word_1_315' title='bbox 1195 2105 1373 2177; x_wconf 78' lang='lat' dir='ltr'>prorsus</span> <span class='ocrx_word' id='word_1_316' title='bbox 1413 2122 1438 2153; x_wconf 87' lang='lat' dir='ltr'>a</span> <span class='ocrx_word' id='word_1_317' title='bbox 1468 2106 1676 2153; x_wconf 87' lang='lat' dir='ltr'>Domino</span> <span class='ocrx_word' id='word_1_318' title='bbox 1722 2106 1908 2168; x_wconf 79' lang='lat' dir='ltr'>regitur,</span> <span class='ocrx_word' id='word_1_319' title='bbox 1964 2117 2016 2152; x_wconf 89' lang='lat' dir='ltr'>ut</span> <span class='ocrx_word' id='word_1_320' title='bbox 2047 2106 2190 2170; x_wconf 89' lang='lat' dir='ltr'>Ipfius</span> <span class='ocrx_word' id='word_1_321' title='bbox 2234 2107 2389 2154; x_wconf 88' lang='lat' dir='ltr'>fimili—</span> 
     </span>
     <span class='ocr_line' id='line_1_29' title="bbox 392 2175 2030 2221; baseline -0.001 0"><span class='ocrx_word' id='word_1_322' title='bbox 392 2175 518 2221; x_wconf 87' lang='lat' dir='ltr'>tudo.</span> <span class='ocrx_word' id='word_1_323' title='bbox 1301 2186 1309 2205; x_wconf 32' lang='grc' dir='ltr'>ι·</span> <span class='ocrx_word' id='word_1_324' title='bbox 1669 2210 1674 2212; x_wconf 82' lang='lat'>.</span> <span class='ocrx_word' id='word_1_325' title='bbox 2022 2206 2030 2211; x_wconf 94' lang='lat'>-</span> 
     </span>
     <span class='ocr_line' id='line_1_30' title="bbox 399 2236 2387 2304; baseline 0.001 -18"><span class='ocrx_word' id='word_1_326' title='bbox 399 2259 405 2262; x_wconf 53' lang='lat'><strong>⁴</strong></span> <span class='ocrx_word' id='word_1_327' title='bbox 459 2257 571 2304; x_wconf 88' lang='lat'>474.</span> <span class='ocrx_word' id='word_1_328' title='bbox 609 2240 731 2286; x_wconf 89' lang='lat' dir='ltr'>Cum</span> <span class='ocrx_word' id='word_1_329' title='bbox 756 2241 905 2302; x_wconf 84' lang='lat' dir='ltr'>itaque</span> <span class='ocrx_word' id='word_1_330' title='bbox 929 2239 986 2286; x_wconf 87' lang='lat' dir='ltr'>de</span> <span class='ocrx_word' id='word_1_331' title='bbox 1015 2239 1246 2295; x_wconf 85' lang='lat' dir='ltr'>nativitate</span> <span class='ocrx_word' id='word_1_332' title='bbox 1268 2236 1340 2284; x_wconf 92' lang='lat' dir='ltr'>seu</span> <span class='ocrx_word' id='word_1_333' title='bbox 1364 2237 1686 2301; x_wconf 87' lang='lat' dir='ltr'>propagatione</span> <span class='ocrx_word' id='word_1_334' title='bbox 1707 2236 1923 2285; x_wconf 86' lang='lat' dir='ltr'>Ecclefiae</span> <span class='ocrx_word' id='word_1_335' title='bbox 1947 2237 2305 2300; x_wconf 87' lang='lat' dir='ltr'>Antiquiffimae,</span> <span class='ocrx_word' id='word_1_336' title='bbox 2343 2257 2387 2288; x_wconf 84' lang='lat' dir='ltr'>a·</span> 
     </span>
     <span class='ocr_line' id='line_1_31' title="bbox 394 2300 2388 2370; baseline 0.001 -18"><span class='ocrx_word' id='word_1_337' title='bbox 394 2308 532 2370; x_wconf 86' lang='lat' dir='ltr'>gitur,</span> <span class='ocrx_word' id='word_1_338' title='bbox 569 2308 772 2369; x_wconf 87' lang='lat' dir='ltr'>primum</span> <span class='ocrx_word' id='word_1_339' title='bbox 799 2305 1061 2352; x_wconf 86' lang='lat' dir='ltr'>describitur</span> <span class='ocrx_word' id='word_1_340' title='bbox 1092 2304 1184 2361; x_wconf 88' lang='lat' dir='ltr'>hic,</span> <span class='ocrx_word' id='word_1_341' title='bbox 1233 2303 1361 2367; x_wconf 89' lang='lat' dir='ltr'>quod</span> <span class='ocrx_word' id='word_1_342' title='bbox 1401 2320 1425 2350; x_wconf 88' lang='lat' dir='ltr'>a</span> <span class='ocrx_word' id='word_1_343' title='bbox 1462 2301 1676 2367; x_wconf 87' lang='lat' dir='ltr'>spirituali</span> <span class='ocrx_word' id='word_1_344' title='bbox 1712 2300 1827 2350; x_wconf 70' lang='lat' dir='ltr'>faeta</span> <span class='ocrx_word' id='word_1_345' title='bbox 1860 2302 1919 2350; x_wconf 76' lang='lat' dir='ltr'>fit</span> <span class='ocrx_word' id='word_1_346' title='bbox 1951 2302 2164 2360; x_wconf 80' lang='lat' dir='ltr'>coelestiS,</span> <span class='ocrx_word' id='word_1_347' title='bbox 2196 2320 2302 2353; x_wconf 88' lang='lat' dir='ltr'>nam</span> <span class='ocrx_word' id='word_1_348' title='bbox 2325 2305 2388 2352; x_wconf 86' lang='lat' dir='ltr'>se·</span> 
     </span>
     <span class='ocr_line' id='line_1_32' title="bbox 394 2370 1689 2435; baseline -0.002 -17"><span class='ocrx_word' id='word_1_349' title='bbox 394 2384 597 2435; x_wconf 88' lang='lat' dir='ltr'>quuntur</span> <span class='ocrx_word' id='word_1_350' title='bbox 631 2373 974 2434; x_wconf 85' lang='lat' dir='ltr'>propagationes</span> <span class='ocrx_word' id='word_1_351' title='bbox 998 2370 1115 2417; x_wconf 91' lang='lat' dir='ltr'>inde.</span> <span class='ocrx_word' id='word_1_352' title='bbox 1325 2374 1331 2380; x_wconf 90' lang='grc'><em>“</em></span> <span class='ocrx_word' id='word_1_353' title='bbox 1688 2395 1689 2399; x_wconf 63' lang='lat'><em>=</em></span> 
     </span>
    </p>

    <p class='ocr_par' dir='ltr' id='par_1_5' title="bbox 396 2432 2392 2697">
     <span class='ocr_line' id='line_1_33' title="bbox 462 2432 2390 2501; baseline 0.001 -18"><span class='ocrx_word' id='word_1_354' title='bbox 462 2453 576 2501; x_wconf 85' lang='lat'><strong>475.</strong></span> <span class='ocrx_word' id='word_1_355' title='bbox 611 2436 749 2484; x_wconf 87' lang='lat' dir='ltr'>Vers:</span> <span class='ocrx_word' id='word_1_356' title='bbox 788 2454 828 2484; x_wconf 86' lang='lat'>2.</span> <span class='ocrx_word' id='word_1_357' title='bbox 866 2436 1107 2498; x_wconf 60' lang='lat' dir='ltr'>Arlasculum</span> <span class='ocrx_word' id='word_1_358' title='bbox 1130 2434 1186 2484; x_wconf 65' lang='grc' dir='ltr'>δέ’</span> <span class='ocrx_word' id='word_1_359' title='bbox 1209 2432 1431 2496; x_wconf 59' lang='lat' dir='ltr'>faeminam</span> <span class='ocrx_word' id='word_1_360' title='bbox 1455 2436 1622 2482; x_wconf 80' lang='lat' dir='ltr'>creavit</span> <span class='ocrx_word' id='word_1_361' title='bbox 1642 2434 1752 2491; x_wconf 85' lang='lat' dir='ltr'>illos,</span> <span class='ocrx_word' id='word_1_362' title='bbox 1788 2434 1843 2484; x_wconf 56' lang='grc' dir='ltr'>ΕΘ</span> <span class='ocrx_word' id='word_1_363' title='bbox 1865 2434 2076 2483; x_wconf 85' lang='lat' dir='ltr'>benedixit</span> <span class='ocrx_word' id='word_1_364' title='bbox 2098 2436 2198 2492; x_wconf 85' lang='lat' dir='ltr'>illis,</span> <span class='ocrx_word' id='word_1_365' title='bbox 2235 2436 2290 2486; x_wconf 63' lang='lat'>&amp;³</span> <span class='ocrx_word' id='word_1_366' title='bbox 2313 2437 2390 2485; x_wconf 64' lang='grc' dir='ltr'>ὐθέ</span> 
     </span>
     <span class='ocr_line' id='line_1_34' title="bbox 396 2500 2392 2564; baseline 0.001 -15"><span class='ocrx_word' id='word_1_367' title='bbox 396 2506 515 2549; x_wconf 74' lang='lat' dir='ltr'>cavit</span> <span class='ocrx_word' id='word_1_368' title='bbox 538 2519 678 2549; x_wconf 84' lang='lat' dir='ltr'>nomen</span> <span class='ocrx_word' id='word_1_369' title='bbox 716 2502 880 2549; x_wconf 84' lang='lat' dir='ltr'>illorum</span> <span class='ocrx_word' id='word_1_370' title='bbox 903 2505 1054 2558; x_wconf 86' lang='lat' dir='ltr'>Hom0,</span> <span class='ocrx_word' id='word_1_371' title='bbox 1096 2501 1161 2549; x_wconf 83' lang='lat' dir='ltr'>die</span> <span class='ocrx_word' id='word_1_372' title='bbox 1198 2517 1275 2564; x_wconf 85' lang='lat' dir='ltr'>quo</span> <span class='ocrx_word' id='word_1_373' title='bbox 1305 2503 1438 2547; x_wconf 87' lang='lat' dir='ltr'>creati</span> <span class='ocrx_word' id='word_1_374' title='bbox 1465 2501 1589 2563; x_wconf 66' lang='lat' dir='ltr'>sunt.</span> <span class='ocrx_word' id='word_1_375' title='bbox 1654 2501 1743 2548; x_wconf 90' lang='lat' dir='ltr'>Per</span> <span class='ocrx_word' id='word_1_376' title='bbox 1772 2500 2020 2547; x_wconf 89' lang='lat' dir='ltr'>masculum</span> <span class='ocrx_word' id='word_1_377' title='bbox 2066 2502 2116 2548; x_wconf 87' lang='lat'>&amp;</span> <span class='ocrx_word' id='word_1_378' title='bbox 2155 2500 2392 2550; x_wconf 87' lang='lat' dir='ltr'>faeminam</span> 
     </span>
     <span class='ocr_line' id='line_1_35' title="bbox 399 2565 2389 2631; baseline 0.001 -17"><span class='ocrx_word' id='word_1_379' title='bbox 399 2568 672 2631; x_wconf 74' lang='lat' dir='ltr'>significatur</span> <span class='ocrx_word' id='word_1_380' title='bbox 708 2565 975 2630; x_wconf 84' lang='lat' dir='ltr'>conjugium</span> <span class='ocrx_word' id='word_1_381' title='bbox 1017 2568 1130 2613; x_wconf 89' lang='lat' dir='ltr'>inter</span> <span class='ocrx_word' id='word_1_382' title='bbox 1166 2566 1306 2613; x_wconf 82' lang='lat' dir='ltr'>fidem</span> <span class='ocrx_word' id='word_1_383' title='bbox 1339 2566 1387 2613; x_wconf 71' lang='grc' dir='ltr'>δι</span> <span class='ocrx_word' id='word_1_384' title='bbox 1423 2582 1657 2613; x_wconf 89' lang='lat' dir='ltr'>amorem:</span> <span class='ocrx_word' id='word_1_385' title='bbox 1694 2582 1774 2629; x_wconf 92' lang='lat' dir='ltr'>per</span> <span class='ocrx_word' id='word_1_386' title='bbox 1802 2582 1964 2613; x_wconf 87' lang='lat' dir='ltr'>vocare</span> <span class='ocrx_word' id='word_1_387' title='bbox 2000 2583 2168 2614; x_wconf 87' lang='lat' dir='ltr'>nomen</span> <span class='ocrx_word' id='word_1_388' title='bbox 2205 2567 2389 2616; x_wconf 86' lang='lat' dir='ltr'>illorum</span> 
     </span>
     <span class='ocr_line' id='line_1_36' title="bbox 399 2632 2039 2697; baseline -0.002 -16"><span class='ocrx_word' id='word_1_389' title='bbox 399 2634 554 2691; x_wconf 86' lang='lat' dir='ltr'>homo,</span> <span class='ocrx_word' id='word_1_390' title='bbox 590 2634 863 2697; x_wconf 78' lang='lat' dir='ltr'>significatur</span> <span class='ocrx_word' id='word_1_391' title='bbox 886 2632 1011 2696; x_wconf 89' lang='lat' dir='ltr'>quod</span> <span class='ocrx_word' id='word_1_392' title='bbox 1035 2632 1248 2689; x_wconf 86' lang='lat' dir='ltr'>Ecclefia,</span> <span class='ocrx_word' id='word_1_393' title='bbox 1283 2647 1389 2695; x_wconf 87' lang='lat' dir='ltr'>quae</span> <span class='ocrx_word' id='word_1_394' title='bbox 1412 2633 1635 2695; x_wconf 89' lang='lat' dir='ltr'>imprimis</span> <span class='ocrx_word' id='word_1_395' title='bbox 1652 2632 1819 2679; x_wconf 91' lang='lat' dir='ltr'>Homo</span> <span class='ocrx_word' id='word_1_396' title='bbox 1841 2644 2039 2679; x_wconf 84' lang='lat' dir='ltr'>vocatur.</span> 
     </span>
    </p>

    <p class='ocr_par' dir='ltr' id='par_1_6' title="bbox 399 2695 2392 3286">
     <span class='ocr_line' id='line_1_37' title="bbox 466 2695 2389 2764; baseline 0 -18"><span class='ocrx_word' id='word_1_397' title='bbox 466 2701 577 2760; x_wconf 78' lang='lat'><strong>476.</strong></span> <span class='ocrx_word' id='word_1_398' title='bbox 616 2699 761 2764; x_wconf 82' lang='lat' dir='ltr'>Qod</span> <span class='ocrx_word' id='word_1_399' title='bbox 782 2714 861 2761; x_wconf 88' lang='lat' dir='ltr'>per</span> <span class='ocrx_word' id='word_1_400' title='bbox 897 2697 1145 2745; x_wconf 85' lang='lat' dir='ltr'>masculum</span> <span class='ocrx_word' id='word_1_401' title='bbox 1169 2698 1218 2744; x_wconf 83' lang='lat'>&amp;</span> <span class='ocrx_word' id='word_1_402' title='bbox 1255 2695 1488 2744; x_wconf 72' lang='lat' dir='ltr'>faeminam</span> <span class='ocrx_word' id='word_1_403' title='bbox 1524 2696 2087 2761; x_wconf 78' lang='lat' dir='ltr'>significeturconjugium</span> <span class='ocrx_word' id='word_1_404' title='bbox 2111 2698 2224 2743; x_wconf 91' lang='lat' dir='ltr'>inter</span> <span class='ocrx_word' id='word_1_405' title='bbox 2246 2697 2389 2746; x_wconf 88' lang='lat' dir='ltr'>fidem</span> 
     </span>
     <span class='ocr_line' id='line_1_38' title="bbox 400 2762 2392 2828; baseline -0.001 -17"><span class='ocrx_word' id='word_1_406' title='bbox 400 2766 448 2811; x_wconf 87' lang='lat'>&amp;</span> <span class='ocrx_word' id='word_1_407' title='bbox 481 2782 699 2820; x_wconf 87' lang='lat' dir='ltr'>amorem,</span> <span class='ocrx_word' id='word_1_408' title='bbox 735 2767 857 2827; x_wconf 89' lang='lat' dir='ltr'>prius</span> <span class='ocrx_word' id='word_1_409' title='bbox 879 2765 1053 2810; x_wconf 63' lang='lat' dir='ltr'>dietum</span> <span class='ocrx_word' id='word_1_410' title='bbox 1077 2764 1126 2810; x_wconf 73' lang='lat' dir='ltr'>&amp;s</span> <span class='ocrx_word' id='word_1_411' title='bbox 1150 2762 1373 2810; x_wconf 87' lang='lat' dir='ltr'>ostensum</span> <span class='ocrx_word' id='word_1_412' title='bbox 1398 2763 1476 2820; x_wconf 89' lang='lat' dir='ltr'>est,</span> <span class='ocrx_word' id='word_1_413' title='bbox 1513 2779 1678 2825; x_wconf 90' lang='lat' dir='ltr'>nempe</span> <span class='ocrx_word' id='word_1_414' title='bbox 1702 2762 1828 2824; x_wconf 90' lang='lat' dir='ltr'>quod</span> <span class='ocrx_word' id='word_1_415' title='bbox 1852 2762 2072 2808; x_wconf 88' lang='lat' dir='ltr'>masculus</span> <span class='ocrx_word' id='word_1_416' title='bbox 2096 2775 2173 2809; x_wconf 88' lang='lat' dir='ltr'>aut</span> <span class='ocrx_word' id='word_1_417' title='bbox 2194 2764 2266 2809; x_wconf 91' lang='lat' dir='ltr'>vir</span> <span class='ocrx_word' id='word_1_418' title='bbox 2303 2763 2392 2828; x_wconf 78' lang='lat' dir='ltr'>sig·</span> 
     </span>
     <span class='ocr_line' id='line_1_39' title="bbox 399 2826 2391 2892; baseline 0.001 -16"><span class='ocrx_word' id='word_1_419' title='bbox 399 2831 553 2877; x_wconf 87' lang='lat' dir='ltr'>nificet</span> <span class='ocrx_word' id='word_1_420' title='bbox 569 2830 862 2885; x_wconf 68' lang='lat' dir='ltr'>intellectum,</span> <span class='ocrx_word' id='word_1_421' title='bbox 887 2831 935 2877; x_wconf 86' lang='lat'>&amp;</span> <span class='ocrx_word' id='word_1_422' title='bbox 954 2845 1059 2892; x_wconf 87' lang='lat' dir='ltr'>quae</span> <span class='ocrx_word' id='word_1_423' title='bbox 1076 2828 1177 2876; x_wconf 88' lang='lat' dir='ltr'>sunt</span> <span class='ocrx_word' id='word_1_424' title='bbox 1200 2828 1466 2883; x_wconf 69' lang='lat' dir='ltr'>intellectus,</span> <span class='ocrx_word' id='word_1_425' title='bbox 1492 2829 1553 2874; x_wconf 86' lang='lat' dir='ltr'>ita</span> <span class='ocrx_word' id='word_1_426' title='bbox 1575 2843 1681 2890; x_wconf 87' lang='lat' dir='ltr'>quae</span> <span class='ocrx_word' id='word_1_427' title='bbox 1698 2826 1797 2872; x_wconf 91' lang='lat' dir='ltr'>sunt</span> <span class='ocrx_word' id='word_1_428' title='bbox 1813 2826 1921 2872; x_wconf 89' lang='lat' dir='ltr'>fidei</span> <span class='ocrx_word' id='word_1_429' title='bbox 1941 2848 1956 2881; x_wconf 79' lang='lat'><em>3</em></span> <span class='ocrx_word' id='word_1_430' title='bbox 1991 2827 2041 2872; x_wconf 88' lang='lat'>&amp;</span> <span class='ocrx_word' id='word_1_431' title='bbox 2062 2827 2189 2889; x_wconf 91' lang='lat' dir='ltr'>quod</span> <span class='ocrx_word' id='word_1_432' title='bbox 2206 2826 2391 2878; x_wconf 87' lang='lat' dir='ltr'>faemina</span> 
     </span>
     <span class='ocr_line' id='line_1_40' title="bbox 400 2890 2390 2958; baseline -0.001 -16"><span class='ocrx_word' id='word_1_433' title='bbox 400 2896 621 2958; x_wconf 79' lang='lat' dir='ltr'>significet</span> <span class='ocrx_word' id='word_1_434' title='bbox 644 2896 940 2951; x_wconf 83' lang='lat' dir='ltr'>voluntatem,</span> <span class='ocrx_word' id='word_1_435' title='bbox 975 2894 1048 2941; x_wconf 91' lang='lat' dir='ltr'>seu</span> <span class='ocrx_word' id='word_1_436' title='bbox 1080 2911 1185 2957; x_wconf 85' lang='lat' dir='ltr'>quae</span> <span class='ocrx_word' id='word_1_437' title='bbox 1223 2893 1325 2941; x_wconf 91' lang='lat' dir='ltr'>sunt</span> <span class='ocrx_word' id='word_1_438' title='bbox 1347 2893 1608 2948; x_wconf 83' lang='lat' dir='ltr'>voluntatis,</span> <span class='ocrx_word' id='word_1_439' title='bbox 1645 2893 1705 2937; x_wconf 89' lang='lat' dir='ltr'>ita</span> <span class='ocrx_word' id='word_1_440' title='bbox 1739 2906 1845 2953; x_wconf 86' lang='lat' dir='ltr'>quae</span> <span class='ocrx_word' id='word_1_441' title='bbox 1881 2890 1987 2954; x_wconf 19' lang='lat' dir='ltr'>sunt*</span> <span class='ocrx_word' id='word_1_442' title='bbox 2011 2893 2176 2939; x_wconf 89' lang='lat' dir='ltr'>amoris</span> <span class='ocrx_word' id='word_1_443' title='bbox 2197 2916 2217 2948; x_wconf 59' lang='grc' dir='ltr'>ς,</span> <span class='ocrx_word' id='word_1_444' title='bbox 2252 2910 2390 2957; x_wconf 87' lang='lat' dir='ltr'>quare</span> 
     </span>
     <span class='ocr_line' id='line_1_41' title="bbox 400 2955 2389 3020; baseline 0.001 -13"><span class='ocrx_word' id='word_1_445' title='bbox 400 2963 534 3007; x_wconf 88' lang='lat' dir='ltr'>etiam</span> <span class='ocrx_word' id='word_1_446' title='bbox 575 2961 692 3006; x_wconf 63' lang='lat' dir='ltr'>dicta</span> <span class='ocrx_word' id='word_1_447' title='bbox 737 2960 797 3006; x_wconf 91' lang='lat' dir='ltr'>est</span> <span class='ocrx_word' id='word_1_448' title='bbox 822 2959 1022 3015; x_wconf 87' lang='lat' dir='ltr'>Chavah,</span> <span class='ocrx_word' id='word_1_449' title='bbox 1060 2976 1085 3005; x_wconf 89' lang='lat' dir='ltr'>a</span> <span class='ocrx_word' id='word_1_450' title='bbox 1106 2961 1215 3014; x_wconf 87' lang='lat' dir='ltr'>vita,</span> <span class='ocrx_word' id='word_1_451' title='bbox 1250 2973 1356 3020; x_wconf 85' lang='lat' dir='ltr'>quae</span> <span class='ocrx_word' id='word_1_452' title='bbox 1394 2955 1527 3002; x_wconf 90' lang='lat' dir='ltr'>solius</span> <span class='ocrx_word' id='word_1_453' title='bbox 1561 2957 1725 3003; x_wconf 85' lang='lat' dir='ltr'>amoris</span> <span class='ocrx_word' id='word_1_454' title='bbox 1758 2955 1851 3003; x_wconf 90' lang='lat' dir='ltr'>est:</span> <span class='ocrx_word' id='word_1_455' title='bbox 1902 2956 2005 3003; x_wconf 87' lang='lat' dir='ltr'>ideo</span> <span class='ocrx_word' id='word_1_456' title='bbox 2028 2972 2108 3019; x_wconf 91' lang='lat' dir='ltr'>per</span> <span class='ocrx_word' id='word_1_457' title='bbox 2151 2956 2389 3008; x_wconf 86' lang='lat' dir='ltr'>faeminam</span> 
     </span>
     <span class='ocr_line' id='line_1_42' title="bbox 400 3020 2391 3089; baseline 0.002 -18"><span class='ocrx_word' id='word_1_458' title='bbox 400 3042 582 3089; x_wconf 83' lang='lat' dir='ltr'>quoque</span> <span class='ocrx_word' id='word_1_459' title='bbox 605 3025 878 3088; x_wconf 76' lang='lat' dir='ltr'>significatur</span> <span class='ocrx_word' id='word_1_460' title='bbox 900 3024 1112 3079; x_wconf 83' lang='lat' dir='ltr'>Ecclefia,</span> <span class='ocrx_word' id='word_1_461' title='bbox 1152 3037 1203 3069; x_wconf 89' lang='lat' dir='ltr'>ut</span> <span class='ocrx_word' id='word_1_462' title='bbox 1226 3024 1350 3085; x_wconf 89' lang='lat' dir='ltr'>prius</span> <span class='ocrx_word' id='word_1_463' title='bbox 1373 3037 1555 3084; x_wconf 89' lang='lat' dir='ltr'>quoque</span> <span class='ocrx_word' id='word_1_464' title='bbox 1587 3020 1831 3077; x_wconf 71' lang='lat' dir='ltr'>ostensum„</span> <span class='ocrx_word' id='word_1_465' title='bbox 1859 3021 1908 3068; x_wconf 88' lang='lat'>&amp;</span> <span class='ocrx_word' id='word_1_466' title='bbox 1932 3038 2013 3084; x_wconf 88' lang='lat' dir='ltr'>per</span> <span class='ocrx_word' id='word_1_467' title='bbox 2038 3021 2286 3072; x_wconf 87' lang='lat' dir='ltr'>masculum</span> <span class='ocrx_word' id='word_1_468' title='bbox 2320 3027 2391 3074; x_wconf 86' lang='lat' dir='ltr'>vir</span> 
     </span>
     <span class='ocr_line' id='line_1_43' title="bbox 404 3084 2391 3152; baseline -0.001 -12"><span class='ocrx_word' id='word_1_469' title='bbox 404 3091 614 3140; x_wconf 52' lang='lat' dir='ltr'>Eccltfiffe</span> <span class='ocrx_word' id='word_1_470' title='bbox 633 3110 642 3138; x_wconf 74' lang='grc' dir='ltr'>ε</span> <span class='ocrx_word' id='word_1_471' title='bbox 680 3093 827 3152; x_wconf 85' lang='lat' dir='ltr'>agitur</span> <span class='ocrx_word' id='word_1_472' title='bbox 848 3090 920 3136; x_wconf 85' lang='lat' dir='ltr'>hic</span> <span class='ocrx_word' id='word_1_473' title='bbox 945 3089 1001 3134; x_wconf 87' lang='lat' dir='ltr'>de</span> <span class='ocrx_word' id='word_1_474' title='bbox 1024 3088 1137 3135; x_wconf 84' lang='lat' dir='ltr'>statu</span> <span class='ocrx_word' id='word_1_475' title='bbox 1153 3087 1367 3135; x_wconf 82' lang='lat' dir='ltr'>Ecclefiae</span> <span class='ocrx_word' id='word_1_476' title='bbox 1390 3103 1499 3133; x_wconf 88' lang='lat' dir='ltr'>cum</span> <span class='ocrx_word' id='word_1_477' title='bbox 1516 3084 1620 3132; x_wconf 65' lang='lat' dir='ltr'>suit</span> <span class='ocrx_word' id='word_1_478' title='bbox 1654 3086 1905 3149; x_wconf 83' lang='lat' dir='ltr'>spiritualiS,</span> <span class='ocrx_word' id='word_1_479' title='bbox 1940 3089 1991 3135; x_wconf 75' lang='grc' dir='ltr'>ὅτ</span> <span class='ocrx_word' id='word_1_480' title='bbox 2014 3104 2120 3151; x_wconf 87' lang='lat' dir='ltr'>quae</span> <span class='ocrx_word' id='word_1_481' title='bbox 2145 3106 2255 3137; x_wconf 89' lang='lat' dir='ltr'>mox</span> <span class='ocrx_word' id='word_1_482' title='bbox 2277 3090 2391 3138; x_wconf 63' lang='lat' dir='ltr'>fasta</span> 
     </span>
     <span class='ocr_line' id='line_1_44' title="bbox 400 3151 2389 3218; baseline 0 -15"><span class='ocrx_word' id='word_1_483' title='bbox 400 3157 462 3203; x_wconf 88' lang='lat' dir='ltr'>est</span> <span class='ocrx_word' id='word_1_484' title='bbox 485 3155 694 3212; x_wconf 87' lang='lat' dir='ltr'>coelestis,</span> <span class='ocrx_word' id='word_1_485' title='bbox 729 3171 862 3218; x_wconf 86' lang='lat' dir='ltr'>quare</span> <span class='ocrx_word' id='word_1_486' title='bbox 885 3155 1101 3217; x_wconf 69' lang='lat' dir='ltr'>praecedit</span> <span class='ocrx_word' id='word_1_487' title='bbox 1117 3152 1353 3208; x_wconf 82' lang='lat' dir='ltr'>masculus,</span> <span class='ocrx_word' id='word_1_488' title='bbox 1378 3151 1578 3198; x_wconf 76' lang='lat' dir='ltr'>similiter</span> <span class='ocrx_word' id='word_1_489' title='bbox 1600 3168 1650 3198; x_wconf 89' lang='lat' dir='ltr'>ac</span> <span class='ocrx_word' id='word_1_490' title='bbox 1668 3153 1765 3215; x_wconf 85' lang='lat' dir='ltr'>Cap</span> <span class='ocrx_word' id='word_1_491' title='bbox 1786 3170 1796 3200; x_wconf 73' lang='grc' dir='ltr'>ε</span> <span class='ocrx_word' id='word_1_492' title='bbox 1822 3153 1842 3199; x_wconf 94' lang='grc' dir='ltr'>Ι</span> <span class='ocrx_word' id='word_1_493' title='bbox 1867 3171 1877 3199; x_wconf 94' lang='lat'>:</span> <span class='ocrx_word' id='word_1_494' title='bbox 1908 3154 1986 3210; x_wconf 86' lang='lat'>26,</span> <span class='ocrx_word' id='word_1_495' title='bbox 2013 3170 2089 3216; x_wconf 85' lang='lat'>27.</span> <span class='ocrx_word' id='word_1_496' title='bbox 2130 3170 2221 3201; x_wconf 88' lang='lat' dir='ltr'>vox</span> <span class='ocrx_word' id='word_1_497' title='bbox 2244 3172 2389 3203; x_wconf 88' lang='lat' dir='ltr'>creare</span> 
     </span>
     <span class='ocr_line' id='line_1_45' title="bbox 400 3217 2388 3286; baseline -0.001 -16"><span class='ocrx_word' id='word_1_498' title='bbox 400 3224 534 3270; x_wconf 69' lang='lat' dir='ltr'>etiam</span> <span class='ocrx_word' id='word_1_499' title='bbox 565 3221 729 3286; x_wconf 61' lang='lat' dir='ltr'>speetat</span> <span class='ocrx_word' id='word_1_500' title='bbox 759 3220 1031 3284; x_wconf 86' lang='lat' dir='ltr'>spiritualem</span> <span class='ocrx_word' id='word_1_501' title='bbox 1071 3219 1334 3266; x_wconf 84' lang='lat' dir='ltr'>hominem:</span> <span class='ocrx_word' id='word_1_502' title='bbox 1385 3233 1498 3265; x_wconf 85' lang='lat' dir='ltr'>mox</span> <span class='ocrx_word' id='word_1_503' title='bbox 1534 3229 1703 3275; x_wconf 87' lang='lat' dir='ltr'>autem,</span> <span class='ocrx_word' id='word_1_504' title='bbox 1745 3233 1852 3266; x_wconf 86' lang='lat' dir='ltr'>cum</span> <span class='ocrx_word' id='word_1_505' title='bbox 1890 3217 2159 3283; x_wconf 89' lang='lat' dir='ltr'>conjugium</span> <span class='ocrx_word' id='word_1_506' title='bbox 2199 3219 2388 3280; x_wconf 66' lang='lat' dir='ltr'>facium,</span> 
     </span>
    </p>
   </div>
   <div class='ocr_carea' id='block_1_2' title="bbox 2315 3289 2391 3336">
    <p class='ocr_par' dir='ltr' id='par_1_7' title="bbox 2315 3289 2391 3336">
     <span class='ocr_line' id='line_1_46' title="bbox 2315 3289 2391 3336; baseline 0.013 -1"><span class='ocrx_word' id='word_1_507' title='bbox 2315 3289 2391 3336; x_wconf 86' lang='lat' dir='ltr'>seu</span> 
     </span>
    </p>
   </div>
  </div>
 </body>
</html>
