2788 3736
427 246 556 328 με,
979 213 1953 304 σεΝΈειε.

379 406 385 413 .
428 378 463 399 “
498 390 589 420 non
629 372 770 419 credit
794 368 913 417 Filio
952 383 1044 415 non
1070 367 1246 417 videbit
1262 367 1457 424 vitam?
1482 380 1548 414 πη
1567 385 1579 416 :
1599 384 1623 431 3
1632 384 1680 431 5,
1719 367 1864 430 36.--&
1881 370 2003 435 apud
2015 370 2248 434 Eundem,
2274 375 2429 441 Quot-

431 444 466 466 “
489 452 602 502 quot
625 447 885 499 receperunt
898 435 1072 498 Ipsum,
1107 434 1236 483 dedit
1252 434 1341 482 illis
1357 434 1642 498 potestatem,
1669 443 1722 482 ut
1734 434 1819 483 filii
1834 436 1925 484 Dei
1941 438 2077 486 eflent
2089 442 2372 493 credentibus
2386 446 2441 492 in¹

432 509 464 532 ‘⁶
490 506 674 552 Nomen
689 502 848 566 Ipfius,
875 504 955 566 qui
980 517 1073 552 non
1089 517 1148 549 ex
1169 499 1475 564 finguinibus,
1501 517 1648 566 neque
1662 519 1687 550 e
1708 502 1950 551 votluntate
1967 506 2126 564 carnis,
2143 523 2287 573 neque
2303 527 2328 558 e
2349 518 2434 559 vo·-

430 577 465 598 “
488 571 656 617 luntate
675 570 811 626 viri‚''
842 585 859 616 1
879 587 890 617 ε
920 586 995 627 12,
1018 587 1090 634 13.
1109 585 1169 617 ex
1192 568 1260 616 his
1277 568 1467 627 constat,
1501 569 1616 634 quid
1640 569 1696 617 sit
1728 569 1860 627 fides,
1894 569 1970 618 seu
1985 571 2170 624 credere
2192 577 2241 623 in
2255 576 2431 641 Ipsum,

431 653 596 700 nempe
617 636 739 700 apud
763 635 865 684 illos
879 638 960 700 qui
976 637 1202 701 recipiunt
1224 635 1398 700 ipsum,
1438 637 1488 684 &
1507 636 1701 686 credunt
1723 638 1770 684 in
1792 635 1968 701 Ipsum,
2003 654 2097 687 non
2119 653 2180 688 ex
2202 642 2436 692 voluntate

431 706 591 760 carni3‚
603 719 684 750 nec
699 719 724 750 e
742 703 972 752 voluntate
988 704 1091 760 viri,
1102 703 1310 752 voluntas
1325 703 1468 751 carnis
1477 702 1683 768 estquod
1691 703 1756 752 est
1769 705 2049 755 contrarium
2065 707 2210 754 amori
2226 708 2278 757 &
2294 710 2435 758 chari-

431 771 527 819 tati.
548 786 653 817 nam
671 770 719 817 id
742 769 1020 834 significatur
1041 786 1122 834 per
1144 786 1341 833 carnem,
1360 786 1421 818 n:
1459 788 1557 836 999
1579 788 1590 818 ε
1619 771 1676 818 .&
1692 770 1903 819 voluntas
1919 771 2007 820 viri
2022 772 2089 820 est
2104 774 2234 838 quod
2247 775 2311 823 est
2327 791 2437 824 con·-

432 838 620 886 trarium
634 837 743 886 fidei
758 853 818 885 ex
834 852 985 884 amore
1000 836 1075 884 seu
1093 837 1320 894 charitate,
1331 837 1419 885 hoc
1431 837 1501 885 'est
1517 838 1652 902 quod
1672 837 1951 901 fignificatur
1972 855 2055 902 per
2068 842 2248 898 virum3
2271 842 2437 891 volun-

434 916 498 952 tas
510 905 633 951 enim
649 905 791 953 carnis
813 904 864 952 δε
886 903 1095 951 voluntas
1118 906 1203 951 viri
1218 903 1320 951 sunt
1338 919 1446 968 quae
1468 903 1758 969 disjungunt,
1768 904 1843 955 sed
1858 920 1988 953 amor
2009 906 2178 956 &inde
2200 908 2314 957 fides
2336 910 2439 960 sunt

432 985 542 1032 quae
565 970 882 1034 conjungunt3
906 987 1041 1035 quare
1063 971 1187 1035 apud
1201 986 1318 1036 quos
1332 986 1464 1020 amor
1484 971 1534 1020 δε
1558 971 1664 1019 inde
1686 972 1817 1029 fides,
1841 971 1907 1019 illi
1930 970 2034 1019 sunt
2055 974 2138 1037 qui
2152 975 2210 1022 'ex
2232 977 2337 1025 Deo
2359 993 2438 1026 na·-

436 1038 472 1087 ti
498 1058 513 1092 ·,
551 1041 600 1088 ὅτ
623 1039 729 1102 quia
752 1037 817 1084 illi
838 1054 896 1085 ex
927 1039 1033 1087 Deo
1050 1040 1156 1096 nati,
1192 1037 1476 1102 appellantur
1513 1037 1596 1084 filii
1618 1039 1727 1095 Dei,
1761 1037 1815 1086 ὅτ
1837 1037 1940 1086 sunt
1963 1037 2113 1087 semen
2136 1040 2298 1106 Ipfius,
2335 1046 2439 1107 qui-

437 1102 520 1150 bus
537 1105 758 1168 Regnum
774 1103 952 1151 coeleste
972 1127 986 1160 3
1021 1121 1128 1169 quae
1151 1104 1458 1168 significantur
1473 1110 1555 1168 pir
1567 1103 1665 1152 haec
1689 1105 1736 1151 in
1759 1103 1847 1151 hoc
1871 1103 2018 1161 versu,
2056 1109 2092 1133 “
2114 1107 2322 1158 Omnem
2345 1122 2436 1159 ner.

437 1176 473 1197 “
510 1187 605 1218 ram
622 1186 761 1234 quam
794 1182 846 1216 tu
863 1170 1006 1226 vides,
1021 1171 1105 1218 tibi
1122 1171 1258 1226 dabo,
1293 1171 1505 1234 &semini
1525 1183 1608 1217 tuo
1629 1169 1771 1234 usque
1794 1171 1841 1217 in
1862 1173 2135 1221 aetemum''.
2170 1175 2319 1240 Quod
2339 1193 2443 1242 reg-

435 1253 551 1285 num
576 1237 755 1285 coeleste
788 1251 880 1282 non
898 1235 994 1282 dari
1016 1248 1150 1299 queat
1172 1235 1263 1283 illis
1282 1235 1365 1298 qui
1389 1236 1436 1281 in
1459 1235 1552 1282 fide
1573 1234 1740 1298 absque
1754 1236 1968 1284 charitate
1984 1236 2102 1296 sunt,
2137 1239 2224 1288 hoc
2246 1242 2326 1300 est,
2353 1244 2440 1292 illis

435 1305 519 1366 qui
542 1303 582 1350 se
600 1304 758 1350 dicunt
774 1301 933 1349 habere
949 1301 1109 1359 fidem,
1146 1303 1196 1349 &
1219 1301 1328 1349 odio
1345 1300 1512 1349 habent
1534 1302 1822 1365 proximum,
1859 1303 2125 1367 unicuique,
2159 1306 2193 1353 fi
2211 1310 2356 1358 modo
2372 1327 2440 1358 re..

431 1370 612 1418 ‚fleetere
653 1369 783 1424 velit,
819 1368 1016 1416 constare
1037 1367 1200 1432 potest,
1237 1383 1342 1416 nam
1368 1367 1493 1415 nulla
1514 1370 1610 1415 vita
1632 1368 1779 1432 potest
1816 1367 1926 1415 fidei
1947 1368 2028 1416 tali
2051 1370 2199 1429 inesse,
2234 1388 2344 1422 cum
2367 1377 2439 1423 vi-

406 1476 412 1479 .
435 1448 534 1482 tam
556 1435 663 1483 facit
684 1436 863 1492 odium,
899 1435 986 1482 hoc
1009 1436 1088 1492 est,
1113 1433 1373 1490 infernum·,
1411 1450 1514 1482 narn
1532 1433 1762 1482 infer-num
1787 1451 1879 1481 non
1898 1435 1979 1482 nisi
2001 1450 2061 1482 ex
2085 1436 2204 1488 odiis
2223 1439 2439 1500 consistit,

436 1518 531 1550 non
548 1518 605 1549 ex
627 1503 757 1559 odiis,
792 1518 898 1566 quae
921 1501 1066 1550 homo
1083 1502 1367 1550 haereditario
1388 1502 1578 1565 accepit,
1613 1500 1690 1548 sed
1709 1517 1768 1549 ex
1783 1501 1903 1551 odiis
1924 1516 2032 1565 quae
2047 1500 2141 1566 ipse
2164 1505 2326 1554 actuali
2341 1510 2438 1557 vita

440 1568 522 1616 fibi
547 1571 846 1633 comparavit.
1659 1609 1665 1613 .

514 1637 652 1700 1609.
690 1633 827 1682 Vers:
872 1635 943 1684 16.
980 1637 1045 1682 Et
1083 1647 1238 1697 ponam
1250 1635 1391 1699 semen
1414 1635 1659 1695 tuumstcut
1683 1633 1907 1697 pulverem
1928 1642 2073 1692 terrae,
2105 1636 2219 1700 quod
2233 1638 2284 1696 fi
2308 1640 2434 1702 poffit

439 1705 532 1766 quis
553 1718 770 1749 numerare
800 1702 1020 1764 pulverem
1055 1712 1199 1759 terrae,
1236 1704 1365 1748 etiam
1376 1703 1520 1765 fi’men
1553 1705 1672 1749 tuam
1708 1701 2015 1748 numerabitur.
2083 1701 2262 1752 Ponam
2292 1706 2443 1757 {emen

438 1783 574 1817 tuum
598 1769 710 1816 ficut
749 1770 984 1832 pulverem
1008 1780 1155 1826 terrae,
1191 1768 1414 1834 significat
1437 1767 1866 1834 multiplicationem
1898 1768 1945 1814 in
1969 1768 2278 1820 immensum:
2313 1775 2444 1838 quod

441 1836 473 1883 si
499 1838 630 1899 poffit
646 1837 746 1899 quis
768 1851 1001 1884 numerare
1016 1835 1254 1900 pulverem
1286 1847 1418 1884 terrae
1449 1837 1588 1885 etiam
1611 1834 1760 1883 semen
1781 1846 1918 1883 tuum
1941 1834 2270 1896 numerabitur,
2303 1838 2443 1906 figni-

439 1903 545 1951 ficat
568 1903 943 1951 asseverationem.

517 1972 657 2020 1610.
692 1971 869 2018 Ponam
899 1968 1047 2018 semen
1070 1980 1205 2017 tuum
1229 1969 1342 2018 ficut
1400 1970 1604 2019 ulverem
1629 1981 1776 2027 terrae,
1811 1967 1940 2033 quod
1962 1967 2185 2032 significet
2221 1973 2445 2039 multipli-

441 2039 670 2084 cationem
693 2039 740 2084 in
764 2036 1054 2092 immensum,
1090 2035 1261 2089 constat
1299 1987 1462 2101 εἱλίξας
1482 2036 1815 2100 explicatione3
1850 2035 1924 2083 hic
1946 2034 2116 2084 dicitur
2151 2039 2279 2102 quod
2302 2041 2445 2105 pone‘.

445 2116 566 2150 retur
583 2103 730 2149 semen
752 2103 862 2150 srcut
885 2102 1042 2167 pulvis
1065 2114 1196 2150 terrae
1217 2126 1231 2158 ;
1268 2103 1373 2150 alibi
1397 2106 1444 2151 in
1457 2103 1630 2160 Verbo,
1668 2104 1783 2152 ficut
1804 2101 1959 2167 pulvis
1981 2105 2118 2149 maris
2146 2125 2160 2158 3
2195 2105 2301 2153 alibi
2327 2108 2444 2158 sicut

443 2170 581 2220 stellae
605 2169 861 2224 coelorum3
898 2170 1241 2233 unumquodvis
1263 2169 1683 2234 suampeculiarem
1716 2167 2090 2235 significationem
2114 2168 2246 2218 habet
2272 2193 2287 2228 3
2335 2174 2442 2237 pul-

447 2238 519 2282 vis
542 2249 672 2283 terrae
687 2235 852 2299 spectat
876 2236 949 2283 illa
969 2252 1074 2299 quae
1091 2236 1193 2284 sunt
1209 2236 1425 2290 coelestia;
1461 2252 1568 2283 nam
1592 2247 1724 2291 terra,
1760 2245 1814 2280 ut
1846 2231 2070 2280 ostensum
2095 2236 2237 2298 prius,
2271 2237 2446 2302 fignifi-

443 2315 520 2350 cat
541 2301 720 2349 coeleste
743 2304 907 2349 amoris
927 2325 941 2358 3
976 2302 1128 2366 pulvis
1153 2303 1286 2349 maris
1310 2301 1478 2366 spectat
1507 2301 1582 2349 illa
1617 2316 1728 2364 quae
1754 2299 1858 2348 sunt
1880 2297 2136 2362 spiritualia,
2173 2318 2280 2352 nam
2304 2320 2444 2365 mare,

447 2381 501 2415 ut
523 2384 707 2432 quoque
731 2367 971 2424 ostensum,
1007 2368 1228 2431 fignificat
1251 2367 1470 2431 spirituale
1506 2369 1672 2415 amoris
1693 2390 1706 2422 ς
1742 2366 1855 2414 sicut
1893 2364 2034 2413 stellae
2069 2367 2318 2428 coelorum,
2354 2373 2444 2436 fig·

448 2435 602 2482 nificat
624 2446 871 2497 utrumque
901 2436 948 2481 in
971 2433 1183 2497 superiori
1205 2436 1350 2498 gradu
1371 2457 1385 2490 3
1421 2450 1526 2498 quae
1550 2436 1657 2499 quia
1679 2430 2021 2481 innumerabilia
2048 2431 2167 2492 sunt,
2201 2434 2317 2485 facta
2338 2439 2445 2488 inde

446 2500 647 2551 formula
663 2500 851 2549 solennis
873 2517 954 2564 per
976 2500 1050 2548 illa
1066 2502 1316 2565 exprimere
1340 2499 1733 2548 fructificationem
1752 2502 1801 2547 δι
1820 2498 2248 2563 multiplicationem
2282 2505 2330 2552 in
2353 2507 2442 2553 im-

450 2567 671 2615 mensum.
743 2568 887 2628 Quod
913 2566 1061 2614 semen
1096 2568 1467 2631 multiplicaretur
1503 2570 1549 2614 in
1581 2566 1872 2623 immensum,
1906 2565 1995 2613 hoc
2016 2566 2097 2624 est,
2134 2568 2248 2619 fides
2279 2574 2446 2619 amoris

451 2637 524 2681 seu
548 2650 690 2691 amor,
728 2635 775 2680 in
799 2634 1008 2698 supremo
1031 2633 1153 2681 sensu
1176 2635 1399 2698 significat
1414 2635 1692 2691 Dominum,
1727 2634 1778 2681 δε
1801 2632 1990 2698 quidem
2015 2633 2286 2684 Humanam
2304 2638 2447 2699 Ipfius

450 2701 713 2758 Efl'entiam,
751 2717 854 2747 nam
872 2702 1100 2748 Dominus
1135 2702 1286 2764 quoad
1309 2702 1579 2748 Humanam
1609 2701 1853 2749 Effentiam
1892 2698 2143 2762 appellatur
2164 2700 2313 2748 semen
2338 2719 2444 2751 mu-

448 2766 585 2823 lieris,
621 2767 677 2813 de
700 2783 794 2829 quo
833 2784 894 2817 n:
935 2769 1027 2830 256
1058 2790 1072 2823 3
1117 2770 1166 2816 &
1191 2784 1298 2816 cum
1332 2769 1553 2816 Humana
1591 2761 1786 2815 Domini
1818 2765 2028 2820 Effentia,
2063 2765 2332 2830 intelligitur
2362 2787 2445 2834 per

454 2833 875 2894 multiplicationem
900 2835 946 2881 in
972 2834 1265 2890 immensum,
1301 2834 1531 2882 infinitum
1557 2834 1736 2881 coeleste
1775 2834 1826 2880 ὃτ,
1849 2829 2072 2895 spirituale
2098 2850 2109 2879 :
2145 2849 2251 2881 cum
2292 2848 2444 2884 autem

452 2914 534 2962 per
556 2897 702 2944 semen
727 2900 999 2961 significatur
1016 2901 1127 2954 fides
1145 2902 1367 2949 charitatis
1389 2901 1466 2948 seu
1489 2902 1672 2948 charitas
1708 2902 1755 2946 in
1795 2894 2195 2960 generevhumanQ
2231 2902 2445 2966 intelligi-

451 2977 529 3010 tur
545 2964 667 3027 quod
695 2965 840 3010 semen
865 2968 910 3011 in
934 2969 1206 3029 unoquovis,
1241 2969 1322 3030 qui
1343 2968 1389 3012 in
1411 2964 1620 3012 charitate
1636 2966 1769 3020 vivit,
1790 2959 2164 3025 multiplicaretur
2187 2967 2234 3013 in
2249 2969 2445 3016 immen-

453 3030 554 3077 sum
575 3052 588 3085 3
623 3030 750 3092 quod
773 3032 907 3076 etiam
931 3032 983 3077 fit
1005 3033 1125 3094 apud
1150 3033 1506 3094 unumquemvis
1522 3033 1603 3093 qui
1626 3032 1673 3076 in
1695 3029 1903 3076 charitate
1925 3029 2061 3087 vivit,
2097 3034 2144 3080 in
2178 3033 2313 3083 altera
2334 3036 2445 3093 vita,

441 3097 572 3159 apud
598 3095 728 3142 illum
751 3108 928 3142 tantum
952 3097 1275 3158 multiplicatur
1296 3097 1482 3144 charitas
1504 3098 1554 3143 δε
1571 3096 1675 3143 inde
1708 3095 1821 3142 fides
1853 3100 1903 3146 &
1928 3113 2037 3147 cum
2060 3099 2128 3147 his
2151 3099 2353 3158 felicitas,
2390 3113 2446 3149 ut

452 3178 545 3209 non
569 3161 646 3208 nisi
671 3179 808 3225 quam
827 3178 903 3225 per
922 3162 1193 3209 immensum
1209 3165 1258 3210 &
1282 3162 1504 3209 ineffabile
1521 3162 1712 3210 describi
1730 3166 1861 3225 poffit
1880 3184 1890 3213 :
1917 3180 2027 3213 cum
2043 3182 2122 3229 per
2135 3166 2282 3213 semen
2305 3168 2443 3230 figni-

450 3230 610 3278 ficatur
657 3245 799 3293 genus
844 3229 1113 3286 humanum,
1148 3226 1240 3292 ejus
1266 3228 1581 3293 multiplicatio
1622 3231 1667 3277 in
1707 3231 1874 3293 Regno
1906 3233 2100 3281 Domini
2128 3235 2262 3281 etiam
2285 3235 2332 3280 in
2354 3234 2459 3279 im-·

2235 3299 2439 3346 mensum
