2788 3736
563 273 937 342 CAPUT
986 273 1503 339 DEclMUM
1550 249 2111 363 QUARTUM.
2218 266 2345 367 561

346 431 440 475 tem
459 416 587 486 quod
604 429 760 467 contra
793 424 956 465 eorum
976 416 1150 464 malum
1172 417 1430 480 proprium,
1465 431 1572 464 nam
1595 415 1684 464 hoc
1700 415 1766 464 est
1780 416 1913 465 dolus
1929 413 1955 474 ς’
1979 429 2206 482 quantum
2228 421 2353 469 enim

345 505 402 536 ex
425 487 550 536 malo
567 486 646 533 suo
671 487 922 549 loquuntur
945 483 1126 540 falsum,
1161 495 1342 530 tanturn
1364 498 1422 529 ex
1453 483 1550 530 vita
1586 482 1677 541 sua,
1714 486 1765 533 ὅτ
1793 501 1980 549 quoque
2025 498 2136 533 tunc
2162 487 2357 551 ignosci·

345 566 420 603 tur
443 555 516 611 iis,
553 555 659 615 quia
674 553 781 600 tales
805 551 923 609 sunt,
958 563 1013 598 ut
1036 550 1161 598 aliter
1184 550 1339 596 vivere
1363 561 1600 611 nequeant.
1674 551 1821 615 Qod
1838 552 2062 615 deprivati
2083 551 2169 599 smt
2192 566 2354 618 poten-

345 621 410 671 tia
433 620 606 667 malum
631 619 795 682 agendi
819 620 867 665 &
888 617 1048 665 falsum
1073 617 1324 680 cogitandi,
1361 617 1423 663 ita
1445 615 1487 662 se
1504 631 1572 662 res
1587 616 1749 672 habet;
1786 619 1832 664 in
1857 620 2025 682 pugnis
2047 622 2353 668 tentationum

343 688 625 751 permittitur
648 686 778 733 malis
796 683 1023 748 spiritibus
1046 683 1316 746 depromere
1338 698 1478 730 omne
1501 682 1677 729 malum
1701 684 1751 731 &
1774 682 1936 732 falsum
1968 685 2095 749 quod
2131 685 2197 734 est
2228 687 2353 751 apud

344 754 598 810 hominem,
633 754 684 800 δε
701 769 760 800 ex
786 751 908 798 malo
925 753 975 799 &
991 748 1102 798 falso
1125 751 1322 798 hominis
1344 764 1548 814 pugnare
1576 771 1590 805 ;
1627 765 1734 795 cum
1761 763 1912 798 autem
1950 754 2061 799 victi
2086 751 2204 811 sunt,
2240 766 2353 802 tunc

345 835 439 867 non
479 819 676 883 amplius
699 819 804 866 licet
826 819 889 865 eis
913 818 960 865 id
984 816 1144 874 fatere,
1181 833 1286 864 nam
1326 817 1584 880 percipiunt
1619 815 1743 863 illico
1780 819 1901 880 apud
1934 818 2188 877 hominem,
2224 808 2354 885 quo'd

347 887 523 934 bonum
549 891 595 933 &
622 901 786 933 verum
810 884 1135 932 confirmatum
1159 883 1254 939 est3
1290 885 1388 931 talis
1412 883 1645 947 perceptio
1668 882 1803 929 datur
1826 883 2065 947 spirituum
2087 902 2181 948 prae
2202 884 2351 935 homi-

346 969 403 1000 ne
422 975 437 1008 ;
473 969 529 1000 ex
552 951 643 1015 ipsa
666 951 837 1016 sphaera
874 951 1075 998 hominis
1095 950 1355 998 confirmati
1395 952 1442 996 in
1465 964 1583 996 vero·
1598 945 1649 999 gc
1672 948 1811 1006 bono,
1848 950 2038 999 noscunt
2061 952 2200 1010 illico,
2236 970 2353 1017 quo-

346 1019 493 1068 modo
538 1017 580 1065 se
627 1018 778 1075 habet,
814 1018 926 1082 quid
975 1016 1236 1081 responsum
1260 1016 1472 1072 habituri,
1508 1016 1558 1062 ὅτ
1591 1015 1756 1078 plura·,
1793 1015 1880 1063 hoc
1914 1018 2083 1064 constat
2121 1019 2355 1068 manifeste

346 1085 470 1149 apud
504 1084 740 1133 hominem
755 1095 1072 1148 regeneratum
1108 1082 1403 1146 spiritualem,
1428 1081 1554 1145 apud
1573 1098 1713 1145 quem
1743 1098 1875 1146 aeque
1899 1082 2000 1130 sunt
2024 1083 2202 1148 spiritus
2227 1086 2350 1143 mali,

349 1167 400 1198 ac
425 1152 549 1215 apud
586 1167 679 1199 non
717 1160 1046 1212 regeneratum,
1081 1147 1157 1195 sed
1181 1146 1406 1212 subjugati
1430 1147 1532 1195 sunt
1564 1149 1615 1195 &
1653 1147 1880 1198 serviunt:
1916 1149 2016 1198 haec
2046 1151 2353 1214 significantur

347 1233 429 1280 per
451 1218 578 1281 quod
602 1217 804 1280 potentia
829 1214 1002 1262 malum
1026 1214 1191 1278 agendi
1214 1215 1264 1261 δε
1282 1212 1446 1261 falsum
1462 1215 1695 1277 cogitandi
1719 1216 1944 1278 deprivati
1968 1217 2067 1264 sint.

414 1284 476 1334 16
512 1284 556 1332 6.
594 1282 743 1345 Quod
761 1281 1017 1338 abiverunt‚
1053 1279 1276 1343 significet
1292 1280 1421 1343 quod
1445 1279 1605 1336 relicti,
1641 1280 1814 1328 constat
1836 1280 2000 1346 absque
2032 1283 2351 1348 explicatione.

343 1301 570 1466 Abla{3⁷‘
581 1348 889 1465 εἷῗιῖἷῗῷῥῖἧι
900 1346 2172 1464 {2‘3'34‘22'22155555235⁶⁹”3st55355?„35:535?ss
2185 1352 2353 1466 {533³

529 1451 544 1473 2
912 1449 927 1469 2
1589 1449 1599 1459 ·
2299 1462 2301 1464 ,
2332 1448 2352 1457 ,

350 1482 639 1546 quifitionem
678 1479 775 1547 ejus
807 1481 957 1528 filiurn
991 1478 1141 1526 fratris
1177 1478 1374 1526 Abrami
1408 1479 1459 1526 ὅτ,
1499 1477 1756 1536 abiverunt‚
1792 1479 2032 1544 fignificat,
2069 1483 2195 1545 quod
2234 1483 2356 1532 bona

352 1550 403 1598 &
427 1565 535 1596 vera
555 1547 827 1612 apparentia,
863 1561 970 1609 quae
994 1546 1040 1593 in
1066 1544 1108 1592 se
1130 1559 1223 1592 non
1246 1544 1367 1592 bona
1396 1545 1448 1593 ὅτ.
1470 1560 1577 1593 vera
1600 1543 1718 1602 sunt,
1754 1550 2078 1611 occupaverint
2095 1549 2352 1600 Externum

347 1615 602 1672 hominem,
639 1616 687 1663 &
706 1614 862 1662 omnia
873 1627 980 1676 quae
1002 1611 1066 1659 ibi
1088 1612 1255 1660 effent:
1292 1612 1344 1661 δε
1376 1612 1414 1660 is
1436 1611 1640 1660 habitans
1671 1613 1719 1659 in
1742 1611 1960 1671 Sodoma,
2008 1614 2232 1679 significat
2269 1616 2353 1665 sta-

345 1694 451 1731 tum
474 1682 607 1729 illius.
986 1729 989 1731 ,
1310 1681 1314 1683 “
1615 1718 1618 1721 .

411 1743 564 1813 Ι1698.
601 1746 749 1811 Qiod
773 1744 1024 1793 sumserunt
1039 1744 1252 1793 Lothum
1275 1745 1326 1793 &
1349 1744 1692 1809 acquisitionem
1713 1743 1828 1810 ejus,
1864 1746 2014 1795 filium
2038 1745 2187 1796 fratris
2205 1750 2354 1798 Abra-

348 1815 433 1870 mi,
467 1815 518 1862 &·
541 1813 796 1870 abiverunt‚
831 1812 1054 1875 significet
1093 1811 1220 1876 quod
1272 1811 1390 1859 bona
1419 1813 1471 1860 δε
1515 1827 1622 1860 vera
1649 1814 1923 1876 apparentia,
1960 1830 2067 1877 quae
2107 1817 2153 1862 in
2177 1814 2218 1863 se
2261 1833 2355 1864 non

347 1879 467 1928 bona
490 1881 540 1928 δε
566 1895 673 1927 vera
687 1878 807 1937 sunt,
842 1879 1168 1942 occupaverint
1191 1878 1456 1926 Externum
1471 1878 1727 1938 hominem,
1752 1880 1803 1928 δι
1821 1881 1976 1927 omnia
1988 1896 2096 1944 quae
2113 1881 2175 1935 ibi
2199 1883 2357 1940 effent,

348 1945 523 1994 constat
546 1962 571 1993 a
594 1945 920 2012 significatione
944 1945 1106 2002 Lothi‚
1142 1945 1223 2009 qui
1243 1945 1374 2008 'quod
1398 1945 1622 2009 significet
1651 1946 1775 2009 apud
1790 1947 2070 2003 Dominum,
2095 1947 2355 1997 Sensualem

347 2012 422 2060 seu
439 2013 696 2060 Externum
713 2013 992 2069 Hominem,
1029 2013 1153 2076 prius
1177 2011 1412 2074 aliquoties
1430 2012 1607 2060 dictum
1632 2013 1682 2060 &
1721 2012 1946 2060 ostensum
1971 2012 2050 2070 est,
2087 2014 2137 2061 δε
2161 2015 2354 2078 quidem

347 2078 422 2128 hic
446 2079 709 2128 Externum
733 2079 994 2128 Hominem
1017 2078 1171 2142 quoad
1189 2078 1307 2126 bona
1330 2081 1380 2126 ὅτ
1399 2094 1522 2142 ¹vera
1542 2081 1815 2142 apparentia,
1850 2096 1957 2144 quae
1979 2080 2053 2127 hic
2077 2079 2180 2127 sunt
2201 2085 2381 2146 acqui-·

346 2142 449 2194 fitio
465 2146 610 2194 Lothi
629 2169 644 2202 ;
679 2146 807 2210 quod
822 2145 942 2193 bona
962 2145 1013 2192 δε
1032 2161 1134 2193 vera
1148 2145 1223 2192 illa
1249 2146 1536 2208 apparuerint
1557 2157 1610 2192 ut
1634 2145 1754 2192 bona
1768 2147 1819 2194 &
1834 2162 1938 2193 vera
1954 2148 2000 2194 in
2025 2148 2174 2210 prima
2205 2149 2356 2212 pueri-

347 2214 427 2269 tia,
462 2213 513 2260 &
545 2229 638 2261 non
670 2214 718 2259 in
749 2212 791 2260 se
818 2213 883 2259 ita
910 2210 1094 2270 fuerint,
1129 2212 1254 2275 prius
1276 2212 1557 2274 explicatum
1573 2210 1653 2268 est,
1678 2211 1753 2258 sed
1776 2213 1905 2276 quod
1928 2229 2010 2276 per
2032 2213 2202 2276 'gradus
2230 2216 2355 2282 puri-

349 2278 482 2327 ficata
505 2279 607 2336 fint,
642 2279 693 2327 δε
716 2278 908 2343 quidem
940 2294 1023 2342 per
1045 2288 1222 2342 pugnas
1260 2281 1581 2338 tentationum,
1618 2294 1675 2326 ex
1697 2278 1784 2326 illis
1808 2295 1914 2344 quae
1937 2278 1995 2332 de
2034 2281 2356 2331 tentationibus

348 2344 470 2395 dicta
490 2343 609 2401 sunt,
645 2345 847 2393 constare
870 2344 1030 2408 potest.
2353 2378 2357 2381 ι

342 2448 345 2451 v
426 2412 564 2472 1699.
602 2411 665 2458 Et
682 2415 720 2459 is
746 2410 951 2460 habitans
967 2412 1014 2459 in
1038 2411 1257 2471 Sodoma,
1282 2411 1410 2477 quod
1427 2411 1651 2475 significet
1667 2411 1831 2461 statum
1850 2412 1985 2472 illius,
2022 2413 2195 2463 constat
2219 2430 2245 2462 a
2267 2414 2357 2479 fig·

352 2475 610 2526 nificatione
634 2477 870 2525 Sodomae.
982 2478 986 2482 “

414 2548 567 2606 1700.
604 2543 730 2591 Vers
741 2561 751 2591 :
795 2561 867 2606 13.
902 2545 968 2591 Et
991 2547 1112 2591 venit
1135 2547 1300 2609 evasor,
1335 2546 1392 2595 &²
1424 2546 1637 2594 indicavit
1650 2548 1839 2595 Abramo
1854 2548 2051 2605 Hebraeo,
2089 2548 2144 2597 δέ
2174 2549 2211 2594 is
2234 2547 2357 2593 habi-

350 2621 451 2658 tans
466 2612 512 2657 in
535 2613 740 2674 quercetis
764 2614 940 2659 Mamre
965 2611 1190 2668 Emorraet,
1216 2613 1385 2673 fratris
1407 2612 1624 2674 Eschkoli,
1650 2613 1706 2660 &³
1730 2613 1900 2674 fratris
1913 2615 2049 2660 Aneri
2069 2634 2082 2669 ς
2119 2614 2173 2662 &
2198 2613 2246 2659 hi
2267 2614 2361 2658 viri

338 2677 718 2742 faederisAbrami.
790 2676 931 2724 Venit
953 2676 1108 2724 evasor
1131 2679 1180 2726 δι
1216 2677 1435 2724 indicavit
1467 2676 1678 2724 Abramo
1710 2678 1934 2735 Hebraeo,
1970 2679 2194 2742 fignificat
2231 2677 2361 2742 quod

351 2744 602 2807 perciperet
623 2745 702 2792 Do
759 2743 859 2790 inus
875 2759 932 2790 ex
952 2743 1154 2791 interiori
1171 2743 1314 2807 Ipfius
1339 2744 1550 2790 Homine
1576 2765 1591 2798 ;
1627 2743 1807 2790 Abram
1828 2745 2060 2791 Hebraeus
2084 2743 2147 2790 est
2169 2740 2362 2792 Interior

352 2811 521 2861 Homo
538 2813 612 2858 cui
638 2812 693 2858 ad
722 2810 882 2857 unftus
905 2810 1112 2857 Internus
1136 2809 1210 2857 seu
1237 2810 1464 2856 Divinus:
1501 2810 1552 2857 &
1577 2810 1612 2855 is
1636 2810 1837 2859 habitans
1861 2812 1906 2856 in
1931 2811 2150 2874 quercetis
2174 2811 2362 2858 Mamre

352 2875 600 2934 Emorraei,
626 2875 854 2940 fignificat
878 2875 1043 2922 statum
1066 2877 1367 2940 perceptionis
1387 2891 1444 2922 ex
1468 2875 1697 2922 Rationali
1716 2876 1930 2924 homine:
1969 2875 2252 2924 Escbkoli&
2272 2875 2361 2924 fra-

350 2941 430 2988 tris
456 2943 615 2999 Aneri,
649 2945 705 2992 &
730 2942 778 2989 hi
815 2944 902 2989 viri
938 2941 1124 2990 foederis
1166 2942 1380 2999 Abrami,
1418 2941 1641 3004 fignificat
1682 2942 1849 2990 statum
1874 2942 2123 2990 Rationalis
2164 2942 2363 2990 hominis

351 3006 507 3070 quoad
528 3007 810 3070 Externum,
845 3007 942 3072 ejus
961 3008 1080 3056 bona
1104 3011 1154 3058 &
1169 3025 1279 3057 vera
1301 3009 1454 3073 qualia
1476 3009 1626 3055 effent.
2060 3045 2065 3047 >
2266 3058 2272 3064 ,

427 3089 567 3135 1701.
595 3072 757 3139 Q'od
780 3078 906 3122 venit
951 3074 1105 3123 evasor
1128 3076 1179 3123 δε
1227 3076 1448 3123 indicavit
1481 3074 1692 3123 Abramo
1714 3075 1938 3133 Hebraeo,
1977 3076 2196 3139 significet
2235 3073 2360 3137 quod

358 3140 607 3202 perciperet
637 3139 879 3187 Dominus
925 3157 984 3188 ex
1014 3141 1223 3190 Interiori
1261 3143 1404 3206 Ipsius
1438 3141 1667 3199 Homine,
1726 3142 1896 3189 constat
1933 3159 1990 3190 ex
2037 3142 2362 3205 significatione

353 3205 553 3253 Abrami
571 3205 789 3260 Hebrraei,
814 3205 943 3266 quod
959 3206 1014 3254 sit
1030 3209 1221 3256 Interior
1242 3210 1413 3257 Homo
1437 3206 1705 3271 conjunctus
1722 3209 1923 3265 Interno,
1963 3209 2019 3254 de
2041 3223 2133 3269 qua
2158 3222 2268 3254 rnox
2292 3207 2361 3250 in-

352 3269 419 3318 fra
436 3293 452 3328 ;
489 3272 538 3320 δε
570 3272 680 3336 quia
710 3271 756 3339 in
793 3270 970 3320 interno
992 3270 1114 3321 sensu
1138 3274 1446 3337 praedicantur
1478 3274 1577 3322 haec
1602 3275 1659 3323 de
1699 3277 1923 3332 Domino,
1958 3274 2008 3321 &
2033 3271 2238 3319 historica
2261 3270 2363 3316 sunt

1358 3342 1399 3388 C
1416 3357 1441 3388 c
1466 3356 1490 3387 c
1504 3356 1534 3388 -ο
2206 3351 2371 3399 ‘epm-
