2788 3736
379 290 505 350 2:⁷2⁴>
781 262 1865 366 *GENESIR‘

375 403 537 458 uelim,
578 418 653 464 per
677 416 817 463 quem
857 398 1119 462 significatae
1145 397 1244 447 sunt
1262 398 1436 462 periodi
1462 398 1803 464 regenerationis
1828 399 2025 449 hominis
2046 402 2387 466 Antiquiffimae

378 471 612 523 lflcclei‘iae,
650 484 752 514 nam
787 467 897 513 Dies
937 467 986 513 δε
1014 469 1177 513 Annus
1203 466 1312 512 nihil
1352 466 1475 513 aliud
1501 468 1545 512 in
1583 465 1703 512 sensu
1740 464 1917 515 i'nterno
1944 469 2210 532 significant,
2247 485 2387 532 quam

377 549 574 598 tempus,
613 535 661 580 δε
701 535 810 596 quia
847 546 1046 595 tempus,
1084 533 1336 596 significant
1371 532 1554 589 statum,
1590 547 1727 595 quare
1750 534 1918 580 Annus
1957 550 2042 598 pro
2089 548 2295 600 tempore
2338 535 2387 582 &

377 605 489 648 statu
517 602 671 664 paffim
699 599 888 646 sumitur
913 601 957 645 in
986 599 1155 655 Verbo,
1191 611 1243 645 ut
1267 599 1389 662 apud
1411 598 1607 654 Esaiam,
1646 603 1678 625 “
1703 599 1783 647 Ad
1813 599 2192 663 proclamandum
2216 603 2387 651 Annum

379 676 411 694 “
452 667 716 729 beneplaciti
742 667 949 728 Jehovae,
986 666 1035 712 &
1062 668 1188 713 Diem
1227 666 1412 713 ultionis
1440 667 1538 712 Deo
1579 663 1747 722 nostro,
1785 667 1841 714 ad
1877 665 2205 715 consolandum
2229 683 2388 716 omnes

379 740 411 760 ‘⁶
450 735 703 796 lugentes‚’'
736 749 813 780 Lxr
837 751 847 780 ε
877 750 919 780 2.
964 732 1041 779 ubi
1067 732 1123 778 de
1148 733 1371 779 Adventu
1395 733 1604 779 Domini.
1676 733 1823 797 Apud
1851 733 2081 789 Eundem,
2122 739 2155 761 “
2184 735 2289 782 Dies
2318 734 2389 780 ul-

379 807 412 827 “
450 802 583 847 tionis
608 802 653 847 in
680 800 817 847 corde
844 814 965 856 meo,
1002 800 1051 846 &
1076 798 1226 846 An'nus
1261 799 1607 862 redemptorum
1641 813 1851 848 meorum
1876 801 2107 856 venerat,''
2136 815 2303 849 inn:
2342 818 2388 861 4.

380 867 458 915 ubi
481 883 664 930 quoque
687 866 781 914 dies
806 867 855 912 δε
895 882 1037 912 annus
1074 881 1157 928 pro
1182 877 1386 929 tempore
1429 868 1477 912 &
1515 865 1642 912 statu.
1715 866 1861 929 Apud
1898 864 2156 922 Habakuk,
2196 870 2230 893 ‘⁶
2255 865 2393 926 Jeho-

386 941 419 959 “
458 934 544 980 vah
567 949 684 996 opus
707 945 841 979 tuum
884 932 928 978 in
955 933 1121 983 ,medio
1143 934 1362 979 Annorum
1386 932 1570 979 vivifica
1611 931 1723 979 illud
1747 954 1760 987 3
1797 935 1843 979 in
1877 932 2032 982 medio
2060 934 2276 980 Annorum
2311 947 2392 980 no-

384 1005 417 1026 “
453 1013 554 1046 tum
583 999 766 1056 facias?
795 1014 858 1046 111
881 1016 891 1045 z
923 1014 967 1055 2,
993 999 1069 1044 ubi
1091 1000 1192 1046 anni
1207 1015 1292 1062 pro
1318 1010 1523 1062 tempore
1540 998 1589 1046 δε
1607 997 1743 1046 statu:
1776 998 1899 1062 apud
1922 998 2171 1055 Davidem,
2211 1004 2244 1026 “
2267 999 2394 1058 Deus

384 1071 420 1093 “
456 1069 535 1113 Tu
569 1065 682 1130 Ipse,
733 1067 782 1113 δι·
806 1067 925 1114 Anni
961 1066 1057 1112 Tui
1100 1081 1190 1112 non
1239 1065 1618 1121 consumuntur,”
1675 1064 1851 1113 Psalm:
1892 1081 1978 1112 cu.
2022 1070 2097 1114 28.
2169 1065 2271 1113 anni
2310 1081 2396 1130 pro

390 1134 689 1198 temporibus,
725 1132 774 1178 δε
809 1131 934 1194 quod
959 1132 1062 1178 Deo
1087 1148 1178 1179 non
1203 1144 1411 1195 tempus:
1451 1132 1651 1179 similiter
1672 1131 1746 1178 hic
1771 1146 1929 1189 annus,
1966 1134 2046 1195 qui
2087 1130 2175 1179 fuit
2213 1132 2393 1193 diluyii,

390 1199 610 1263 nusquam
638 1198 859 1262 significat
890 1197 1087 1259 aliquem
1112 1214 1299 1253 annum,
1336 1197 1409 1244 sed
1436 1210 1614 1262 tempus
1639 1214 1730 1246 non
1765 1214 1846 1262 per
1886 1211 2031 1246 certos
2071 1213 2210 1246 annos
2250 1199 2398 1246 deter-

394 1268 637 1321 minatum,
674 1270 720 1312 ὅε
747 1262 880 1310 fimul
915 1262 1081 1310 statum
1103 1285 1117 1319 ·,
1155 1264 1394 1311 videantur
1416 1280 1521 1328 quae
1546 1265 1671 1328 prius
1695 1265 1752 1312 de
1777 1266 1902 1312 annis
1927 1282 1984 1313 n:
2011 1271 2126 1325 482,
2145 1270 2259 1330 487,
2279 1270 2395 1329 488,

389 1350 566 1463 49394.
604 1398 657 1445 In
681 1397 907 1462 principio
945 1397 991 1443 in
1015 1397 1168 1460 primo
1209 1397 1386 1454 mensiS,
1424 1397 1552 1461 quod
1591 1397 1847 1461 significent
1883 1400 2131 1447 terminum
2170 1399 2395 1462 primum,

387 1465 489 1511 inde
515 1481 634 1512 nunc
658 1463 841 1511 constat.
914 1464 1040 1526 Qae
1063 1476 1277 1526 praeterea
1300 1464 1397 1510 haec
1427 1464 1688 1520 involvunt,
1725 1463 1825 1511 sunt
1848 1467 2073 1513 arcaniora
2101 1481 2239 1528 quam
2266 1477 2316 1512 ut
2339 1466 2398 1512 ita

386 1530 574 1578 describi
598 1533 781 1595 possint,
818 1529 965 1577 solum
989 1530 1114 1593 quod
1140 1524 1233 1577 non
1257 1529 1610 1590 determinatum
1645 1530 1699 1577 fit
1731 1542 1930 1594 tempus,
1966 1548 2061 1594 quo
2101 1531 2243 1578 homo
2267 1547 2393 1594 rege-

389 1611 564 1645 neratus
587 1597 667 1653 est,
705 1598 762 1644 lic
781 1609 833 1643 ut
862 1596 1008 1643 dicere
1030 1608 1164 1659 queat
1185 1596 1312 1660 quod
1337 1613 1456 1644 nunc
1482 1594 1706 1661 perfectus
1730 1596 1814 1644 sim
1833 1619 1848 1652 ς
1885 1597 1987 1646 sunt
2021 1599 2145 1645 enim
2170 1598 2394 1645 indefiniti

396 1665 532 1711 status
559 1664 666 1710 mali
699 1662 749 1710 &
782 1660 875 1709 falfi
899 1663 1021 1726 apud
1044 1664 1401 1725 unumquemvis
1426 1663 1679 1719 hominem,
1715 1679 1807 1710 non
1830 1663 1978 1711 solum
2007 1664 2141 1721 status
2173 1664 2399 1728 simplices

396 1731 471 1778 sed
506 1733 642 1777 etiam
667 1728 959 1776 multifariam
996 1728 1255 1792 compositi,
1289 1730 1370 1792 qui
1393 1728 1661 1776 discutiendi
1687 1728 1787 1776 sunt
1827 1731 1887 1776 ita
1925 1742 1979 1777 ut
2017 1747 2110 1778 non
2139 1741 2395 1794 appareant,

392 1810 444 1843 ut
468 1797 670 1851 diftum3
709 1796 755 1842 in
786 1795 1007 1858 aliquibus
1034 1794 1216 1842 statibus
1245 1794 1393 1858 potest
1409 1795 1552 1843 homo
1575 1792 1814 1858 perfectior
1837 1795 1947 1853 dici,
1981 1795 2124 1843 sedin
2156 1797 2414 1844 indefinitis.

393 1863 488 1910 aliis
513 1879 603 1909 non
628 1864 721 1917 ita-,
755 1863 837 1925 qui
869 1863 914 1908 in
937 1862 1032 1908 vita
1048 1863 1249 1925 corporis
1282 1863 1525 1926 regenerati
1555 1862 1672 1918 sunt,
1708 1863 1758 1910 δε
1782 1863 1861 1925 qui
1877 1863 1923 1909 in
1940 1862 2033 1909 fide
2050 1864 2097 1910 in
2119 1864 2399 1918 Dominum,

393 1932 531 1993 inque
555 1926 766 1977 charitate
795 1944 902 1991 erga
930 1930 1214 1991 proximum,
1251 1929 1478 1986 vixerunt,
1515 1930 1562 1975 in
1585 1928 1723 1976 altera
1754 1929 1848 1975 vita
1866 1927 2043 1993 ‚jugiter
2066 1930 2375 1992 perficiuntur.

467 2002 576 2060 895·
615 1996 760 2059 rol
785 2006 995 2041 aruerunt
1033 2011 1162 2058 aquae
1203 1994 1392 2058 desuper
1433 2007 1562 2051 terra,
1598 1995 1854 2058 significent
1893 1997 2019 2058 q'uod
2054 1995 2260 2042 falsitates
2289 2008 2398 2042 tunc

403 2079 495 2109 non
518 2073 795 2125 apparerent,
831 2060 1003 2107 constat
1026 2061 1081 2107 ab
1121 2061 1208 2108 illis
1231 2077 1337 2124 quae
1372 2062 1490 2112 dieta
1513 2060 1648 2117 sunt·,
1701 2061 1748 2107 in
1788 2060 1930 2124 specie
1967 2062 2238 2125 significant,
2274 2061 2401 2124 quod

404 2127 611 2175 falsitates
648 2127 853 2191 separatae
886 2126 972 2174 s1nt
1011 2144 1036 2174 a
1060 2127 1323 2174 voluntariis
1355 2127 1486 2192 hujus
1521 2128 1718 2175 hominis
1757 2127 1988 2184 Ecclesiae,
2026 2141 2139 2175 terra
2177 2127 2400 2191 fignificat

400 2195 472 2242 hic
506 2195 702 2241 hominis
726 2193 1027 2250 voluntatem,
1064 2210 1170 2257 quae
1194 2210 1285 2241 non
1307 2193 1369 2240 est
1392 2194 1471 2241 nifi
1490 2194 1728 2257 cupiditas»,
1752 2209 1889 2255 quare
1914 2193 2096 2251 dicitur,
2121 2196 2247 2258 quod
2271 2208 2436 2256 aquae*v

400 2263 596 2308 aruerint
629 2259 817 2323 desuper
849 2271 995 2314 terra·‚
1031 2259 1199 2307 humus
1231 2258 1324 2323 ejus
1357 2260 1436 2316 est,
1473 2273 1525 2310 ut
1558 2261 1683 2323 prius
1724 2260 1918 2316 dietum,
1955 2261 2002 2308 in
2043 2273 2167 2324 parte
2206 2261 2404 2308 hominis

405 2327 710 2383 intelleEtuali‚
747 2326 820 2373 cui
845 2324 1165 2372 inseminantur
1188 2342 1325 2381 vera3
1362 2326 1584 2389 nusquam
1624 2327 1671 2372 in
1700 2338 1825 2389 parte
1861 2324 1956 2390 ejus
1995 2322 2262 2384 voluntaria,
2297 2342 2404 2390 quae

402 2393 459 2440 ab
498 2392 783 2440 intellectuali
809 2394 853 2438 in
879 2391 1063 2439 homine
1088 2392 1302 2456 spirituali
1339 2392 1532 2456 separata
1569 2392 1648 2448 est,
1683 2409 1820 2455 quare
1860 2393 1906 2439 in
1947 2392 2232 2456 sequentibus
2269 2391 2403 2456 hujus

401 2459 567 2507 Versus
591 2460 772 2514 dicitur,
803 2459 934 2520 ,quod
959 2457 1160 2506 arefactae
1185 2459 1269 2505 fint
1292 2457 1424 2506 facies
1465 2459 1594 2506 humi
1616 2477 1626 2506 :
1679 2460 1802 2522 apud
1827 2460 2167 2523 Antiquiffimae
2186 2460 2402 2508 Ecclesia:

402 2526 637 2573 hominem
663 2523 751 2572 fuit
784 2524 951 2572 humus
986 2527 1030 2571 in
1065 2538 1190 2588 parte
1227 2523 1320 2589 ejus
1354 2526 1624 2582 voluntaria,
1660 2527 1733 2572 cui
1768 2525 2050 2574 inseminavit
2066 2528 2296 2575 Dominus
2320 2525 2400 2572 bo-

387 2609 475 2649 na,
513 2592 615 2639 inde
638 2608 694 2638 ex
718 2591 847 2638 bonis
872 2592 990 2638 noffe
1014 2592 1063 2638 &
1094 2593 1323 2655 percipere
1348 2594 1499 2654 potuit
1537 2607 1715 2648 verum,
1753 2591 1826 2638 seu
1865 2609 2111 2641 examore
2151 2594 2308 2640 habere
2348 2592 2402 2639 fi-

404 2660 547 2714 dem3
584 2658 616 2705 fi
641 2674 762 2705 nunc
788 2658 908 2704 idem
934 2658 1074 2714 fieret,
1111 2675 1203 2705 non
1227 2653 1442 2722 potuiffet'
1463 2674 1555 2705 non
1597 2658 1738 2705 homo
1775 2659 1822 2706 in
1846 2671 2067 2707 aeternum
2102 2661 2261 2722 perire,
2298 2674 2403 2706 narn

405 2725 614 2772 voluntas
639 2722 733 2788 ejus
757 2723 935 2787 prorsus
960 2738 1172 2788 corrupta
1194 2726 1284 2772 est:
1321 2725 1559 2788 quomodo
1600 2725 1880 2772 inseminatio
1919 2726 1965 2772 in
2000 2738 2173 2787 partem
2196 2724 2404 2771 volunta-

407 2793 517 2838 riam
554 2793 603 2837 &
642 2792 688 2837 in
722 2805 895 2854 partem
937 2791 1283 2838 intellectualem
1324 2791 1522 2838 hominis
1557 2790 1598 2837 se
1643 2790 1816 2846 habeat,
1868 2791 1972 2837 inde
2006 2789 2202 2837 constare
2241 2789 2402 2853 potest,

406 2857 532 2919 quod
558 2859 901 2919 Antiquiffimae
943 2857 1156 2904 Ecclefiae
1189 2858 1364 2904 homini
1401 2857 1590 2921 quidem
1629 2855 1806 2902 fuissent
1838 2855 2144 2912 revelationes,
2182 2873 2261 2919 per
2295 2872 2404 2919 quas

406 2923 451 2969 in
482 2924 820 2984 perceptionem
867 2923 1092 2970 bonorum
1132 2925 1183 2971 <Sc
1215 2939 1430 2970 verorum
1469 2923 1527 2969 ab
1561 2921 1745 2985 infantia
1783 2921 2047 2977 initiaretur,
2111 2921 2180 2968 sed
2221 2924 2327 2985 quia
2359 2925 2404 2970 in

409 2989 667 3035 voluntaria
697 2986 790 3048 ejus
834 3001 959 3051 parte
999 2989 1392 3042 inseminabantur,
1444 2986 1719 3053 percipiebat
1758 2985 1921 3049 absque
1970 3004 2086 3033 nova
2120 2988 2406 3037 instruffione

407 3055 656 3108 innumera,
695 3054 753 3099 fic
779 3066 830 3100 ut
852 3070 907 3100 ex
930 3071 1024 3101 uno
1049 3056 1320 3110 Communi,
1358 3070 1382 3100 a
1405 3054 1614 3100 Domino
1651 3051 1790 3100 noffet
1830 3054 2114 3116 particularia
2137 3056 2185 3102 δε
2211 3055 2404 3118 singula-

407 3121 527 3176 laria,
562 3136 669 3183 quae
690 3135 811 3166 nunc
835 3118 999 3166 discere
1018 3123 1065 3166 &
1091 3121 1150 3167 fic
1173 3120 1279 3167 scire
1310 3119 1490 3175 debent,
1526 3119 1574 3174 δε
1618 3119 1698 3167 vix
1737 3130 1889 3165 tamen
1925 3120 2206 3168 millefimam
2247 3138 2407 3170 eorum

405 3199 582 3253 partem
623 3185 730 3233 scire
763 3186 982 3248 possunt·,
1015 3201 1119 3232 nam
1158 3186 1299 3232 homo
1339 3184 1553 3232 Ecclefiae
1592 3184 1825 3247 spiritualis
1859 3186 1970 3231 nihi‘l
2004 3189 2133 3233 novit
2167 3187 2248 3235 nisl
2281 3188 2406 3250 quod

406 3253 551 3310 discit,
588 3255 637 3300 ὅτ,
662 3253 784 3315 quod
811 3252 870 3299 fic
896 3251 989 3307 scit,
1025 3254 1200 3309 retinet,
1237 3254 1286 3300 &
1310 3251 1454 3315 credit
1477 3267 1640 3300 verum
1662 3252 1746 3298 effe
1767 3274 1781 3307 3
1819 3252 1915 3300 imo
1934 3249 1963 3300 si
1990 3252 2118 3302 discit
2142 3252 2319 3310 falsum,
2355 3255 2404 3302 &

2256 3339 2259 3341 “
2323 3319 2410 3369 hoc
