2788 3736
434 302 572 385 566
972 289 1193 358 G‘E
1284 285 1517 356 N'E
1591 286 1675 356 ,εἰ
1746 289 1796 357 1
1872 291 1946 359 ⁴52.

431 451 599 490 terram
618 441 888 494 Canaanem,
914 433 961 483 in
984 432 1108 483 sensu
1133 431 1297 490 saneto,
1333 443 1387 480 ut
1407 431 1584 480 dictum
1613 431 1765 497 prius,
1790 428 2069 497 significatur
2090 435 2310 502 Regnum
2330 438 2436 500 Doq

433 510 565 565 mini,
601 508 660 556 ita
682 503 861 554 coeleste
893 505 1061 551 amoris
1084 500 1155 549 seu
1181 499 1372 557 bonum,
1408 500 1714 564 principaliter
1731 500 1916 548 Bonum
1938 501 2061 566 apud
2076 502 2350 555 Dominum.

504 591 589 635 171
607 592 643 622 1.
680 570 817 620 Vers:
852 587 869 620 ι
881 588 923 634 5.
960 572 1024 618 Et
1046 568 1260 629 distribuit
1271 569 1322 631 se
1333 568 1466 630 super
1497 583 1562 615 eos
1593 571 1735 625 noda,
1770 568 1841 616 ille
1863 568 1920 618 &
1933 570 2060 633 servi
2080 569 2212 628 illius,
2247 574 2304 623 ἐξ
2327 586 2431 637 per·-

430 640 547 700 cuffit
570 657 652 698 eos,
688 639 745 690 &2⁷
761 639 1036 703 persequutus
1059 635 1115 697 ql}
1130 642 1202 683 'eos
1224 635 1348 698 usque
1370 634 1431 682 ad
1449 634 1653 692 Chobum,
1688 651 1781 700 quae
1810 635 2026 697 afinistra
2050 637 2277 701 Damasco,
2345 642 2433 690 Di·

432 707 610 755 stribuit
633 706 676 755 fe
697 704 828 770 super
849 721 926 753 eos
949 705 1111 760 noctu,
1141 701 1362 765 fignificat
1384 701 1595 750 umbram
1626 704 1674 750 in
1697 718 1788 766 qua
1807 701 1992 752 fuerunt
2014 704 2134 753 bona
2155 705 2206 752 δε
2221 721 2335 754 -vera
2356 722 2435 763 au-

430 775 659 838 parentia:
687 773 760 821 ille
784 774 832 821 &
858 771 970 820 servi
993 770 1129 828 illius,
1148 769 1370 833 fignificat
1393 769 1683 818 Rationalem
1706 769 1962 831 hominem,
1981 774 2031 822 &
2046 786 2153 836 quae
2169 773 2216 820 in
2230 771 2437 822 EXterno

429 841 761 890 obediverunt:
802 843 853 889 δε
949 840 1099 886 rcuffit
1135 852 1230 894 εοε,
1265 836 1487 900 fignificat
1510 836 1868 886 vindicationem
1889 858 1901 887 ε
1946 842 1997 889 &
2034 837 2331 906 persequutus
2370 839 2435 889 est

429 923 506 955 eos
549 908 693 972 ¹usque
753 907 813 955 ad
851 855 1062 966 Cffobam
1110 919 1217 969 quae
1262 920 1290 951 a
1334 903 1503 953 finistra
1545 902 1788 963 Damasco,
1845 904 2072 971 fignificat
2129 907 2436 956 extensionem

431 974 682 1038 quousque.

507 1058 523 1088 1
536 1057 645 1105 712.
680 1038 923 1090 Distribuit
946 1038 988 1086 se
1011 1038 1140 1103 super
1160 1053 1237 1086 eos
1261 1038 1418 1094 noctu,
1453 1038 1583 1101 quod
1599 1037 1822 1101 significet
1846 1039 2059 1090 umbram
2082 1043 2130 1091 in
2147 1055 2239 1104 qua
2253 1038 2438 1089 fuerunt

428 1106 550 1155 bona
571 1108 622 1155 &
644 1123 753 1155 vera
774 1107 1047 1170 apparentia,
1081 1104 1253 1152 constat
1289 1122 1314 1152 a
1350 1104 1675 1168 significatione
1715 1106 1876 1162 noetis,
1916 1109 2057 1171 quod‘
2085 1110 2138 1157 fit
2171 1105 2307 1155 status
2330 1123 2437 1155 um-

429 1173 554 1224 brae:
591 1172 726 1221 status
750 1173 930 1220 umbrae
962 1171 1145 1227 dicitur,
1181 1187 1291 1218 cum
1326 1172 1577 1233 ignoratur,
1613 1185 1736 1222 num
1752 1170 1807 1218 fit
1832 1171 2006 1220 bonum
2031 1176 2083 1223 ὅτ
2105 1187 2268 1222 verum
2298 1189 2436 1238 appa-

426 1255 547 1297 rens,
583 1239 655 1287 vel
687 1239 860 1286 bonum
895 1238 946 1285 δε
977 1251 1141 1284 verum
1165 1235 1419 1298 genuinum
1436 1258 1452 1291 3
1488 1233 1678 1298 quisque
1701 1235 1818 1284 dum
1841 1239 1889 1285 in
1914 1238 2035 1288 bono
2076 1242 2127 1290 ὅτ
2149 1255 2258 1286 vero
2297 1255 2434 1304 appa-

427 1318 554 1354 rente
583 1304 661 1362 est,
698 1316 828 1368 putat
848 1304 931 1351 effe
948 1303 1122 1350 bonum
1157 1303 1208 1349 &
1235 1317 1397 1349 verum
1419 1302 1708 1365 genuinum;
1742 1301 1806 1349 est
1829 1302 1944 1350 illud
1974 1307 2149 1355 malum
2179 1309 2229 1356 δε
2252 1303 2436 1364 falsum,

427 1372 555 1436 quod
578 1370 642 1418 est
661 1372 707 1418 in
731 1371 853 1418 bono
877 1371 924 1418 δε
950 1385 1061 1417 vero
1080 1380 1338 1432 apparente,
1373 1366 1502 1432 quod
1542 1366 1791 1427 inumbrat,
1828 1369 1879 1416 &-
1917 1367 2029 1419 facit
2047 1384 2101 1420 ut
2124 1383 2332 1437 appareat
2355 1388 2438 1435 ge-

426 1440 660 1493 nuinum;
696 1438 777 1501 qui
798 1438 846 1483 in
869 1436 1123 1499 ignorantia
1142 1434 1260 1491 sunt,
1296 1450 1390 1482 non
1412 1434 1538 1481 aliter
1567 1433 1675 1481 scire
1706 1435 1890 1498 pofl'unt
1924 1453 2064 1500 quam
2101 1441 2228 1504 quod
2263 1439 2440 1488 bonum

425 1504 557 1568 quod
580 1502 752 1551 faciunt
775 1502 830 1550 fit
852 1503 1055 1557 illorum,
1092 1502 1142 1548 δε
1176 1514 1340 1548 verum
1379 1500 1509 1564 quod
1532 1501 1738 1562 cogitant
1774 1501 1844 1564 fit*
1864 1501 2082 1561 illorum;
2117 1506 2323 1554 similiter
2360 1505 2442 1569 qui

424 1570 510 1619 fibi
533 1569 740 1618 tribuunt
769 1568 887 1618 bona
922 1584 1028 1633 quae
1066 1565 1255 1624 faciunt,
1293 1568 1342 1615 &
1374 1568 1421 1614 in
1460 1565 1550 1613 illis
1573 1577 1754 1628 ponunt
1784 1568 2018 1627 meritum,
2054 1570 2296 1620 nescientes
2326 1585 2439 1620 tunc

426 1636 556 1700 quod
580 1653 671 1683 non
694 1636 812 1683 bona
844 1635 946 1691 lint,
980 1633 1155 1682 tametsi
1195 1634 1258 1679 ita
1285 1642 1515 1697 apparent,
1553 1634 1603 1678 δε
1620 1632 1749 1695 quod
1767 1634 2008 1697 proprium
2039 1637 2088 1683 ὅτ
2113 1639 2331 1686 meritum
2354 1637 2438 1695 sui,

426 1702 554 1766 quod
590 1715 769 1766 ponunt
802 1703 850 1749 in
882 1701 987 1757 illis,
1022 1700 1109 1748 sint
1140 1698 1265 1746 mala
1298 1701 1344 1746 &
1372 1696 1493 1755 falsa,
1529 1713 1636 1761 quae
1659 1696 1900 1747 obscurant
1937 1703 1988 1748 δε
2011 1701 2341 1762 obtenebrant;
2378 1706 2440 1753 ita

426 1770 476 1817 in
507 1770 663 1816 multis
701 1769 832 1825 aliis3
867 1767 999 1832 quale
1025 1766 1199 1815 malum
1234 1766 1283 1813 &
1320 1762 1501 1821 falsum,
1536 1765 1588 1812 &
1611 1775 1835 1828 quantum
1867 1766 1975 1816 mali
2001 1769 2051 1817 &
2072 1766 2167 1818 falfi
2189 1772 2237 1820 in
2261 1771 2347 1819 illis
2369 1786 2438 1821 re·

426 1836 670 1884 conditum
694 1835 819 1892 latet,
855 1834 1077 1899 nusquam
1111 1834 1172 1881 ita
1203 1831 1348 1880 videri
1380 1830 1529 1896 potest
1553 1832 1601 1879 in
1624 1833 1722 1879 vita
1743 1834 1963 1897 corporiS,
1999 1833 2113 1884 ficut
2145 1835 2192 1884 in
2215 1837 2350 1886 altera
2370 1838 2442 1885 vi-

427 1914 491 1958 ta,
527 1903 639 1949 tunc'
662 1901 841 1966 prorsus
870 1901 984 1949 ficut
1024 1903 1071 1948 in
1108 1900 1228 1948 clara
1250 1899 1354 1947 luce
1377 1897 1591 1946 sistuntur
1622 1898 1858 1956 videnda3
1894 1899 1970 1948 sed
1999 1901 2124 1950 aliter
2162 1903 2241 1962 est,
2277 1904 2311 1952 fi
2350 1904 2440 1953 hoc

429 1968 486 2016 fit
505 1985 562 2016 cx
585 1970 836 2032 ignorantia
859 1985 952 2016 non
976 1967 1259 2025 confirmata,
1301 1970 1413 2014 tunc
1454 1966 1571 2013 mala
1610 1964 1684 2013 illa
1714 1965 1766 2013 δε
1798 1963 1903 2013 falsa
1942 1966 2070 2016 facile
2103 1969 2441 2028 discutiuntur3

430 2046 476 2082 at
500 2034 533 2082 si
557 2034 598 2082 se
621 2036 894 2084 confirmant
917 2038 964 2082 in
995 2050 1068 2091 eo,
1102 2033 1231 2097 quod
1264 2032 1458 2096 propriis
1482 2030 1655 2079 viribus
1687 2033 1854 2095 poffint
1874 2031 2019 2082 facere
2035 2033 2228 2094 bonum,
2265 2038 2315 2086 &
2338 2037 2441 2085 refi-

432 2100 546 2148 stere
570 2101 712 2159 malo,
750 2102 798 2148 &
823 2101 950 2165 quod
975 2112 1228 2147 mereantur
1251 2099 1311 2147 fic
1335 2098 1538 2157 salutem,
1574 2110 1685 2146 tunc
1711 2110 1863 2147 manet
1879 2099 1966 2148 hoc
1983 2099 2267 2166 adjunctum,
2302 2104 2353 2152 &
2374 2101 2442 2151 fa-

428 2168 496 2215 cit
530 2179 583 2214 ut
606 2167 779 2215 bonum
804 2167 858 2215 fit
882 2165 1072 2223 malurn,
1108 2166 1158 2212 δε
1175 2181 1338 2212 verum
1362 2164 1417 2212 s1t
1430 2162 1597 2212 'falsum
1620 2187 1635 2220 ;
1671 2163 1744 2211 sed
1762 2165 1902 2228 usque
1924 2167 2024 2214 talis
2036 2167 2101 2213 est
2120 2169 2251 2225 ordo,
2288 2181 2340 2215 ut
2355 2169 2438 2216 ho⁴

434 2250 516 2282 mo
539 2246 751 2297 tanquam
770 2250 826 2281 ex
848 2233 890 2284 se
913 2233 1086 2281 bonum
1110 2230 1260 2288 faciat,
1283 2231 1456 2280 &ideo
1477 2247 1570 2278 non
1593 2231 1822 2287 remittere
1832 2229 1993 2279 debeat
2007 2245 2214 2290 manum,
2239 2235 2446 2298 cogitan-
2473 2257 2484 2264 -

435 2300 514 2356 do,
551 2300 584 2347 fi
609 2300 718 2346 nihil
743 2300 851 2355 boni
872 2317 898 2346 a
921 2316 995 2346 me
1011 2297 1151 2346 facere
1167 2299 1364 2361 poffum,
1399 2296 1528 2360 quod
1546 2295 1796 2359 exspectare
1819 2296 2009 2345 debeam
2034 2298 2353 2363 immediatum
2371 2303 2440 2349 in-

435 2366 631 2422 fiuxum,
666 2366 716 2413 &
741 2366 800 2412 s1c
840 2367 887 2411 in
910 2365 1024 2411 statu
1047 2367 1218 2427 paffivo
1241 2379 1439 2427 manere,
1475 2363 1566 2410 hoc*
1600 2377 1785 2425 quoque
1816 2375 1972 2412 contra
2007 2364 2216 2414 ordinem
2247 2367 2326 2424 est,
2363 2366 2440 2416 sed

436 2428 577 2478 facere
602 2443 782 2494 oportet
805 2430 980 2478 bonum
1003 2442 1219 2493 tanquam
1243 2445 1300 2476 ex
1322 2429 1381 2486 se,
1418 2439 1463 2475 at
1486 2444 1596 2476 cum
1619 2428 1807 2476 reflectit
1829 2428 1960 2494 super
1981 2430 2155 2479 bonum
2184 2433 2312 2497 quod
2333 2431 2442 2482 facit

433 2497 508 2544 vel
531 2495 711 2554 fecerat,
747 2510 857 2545 tunc
881 2498 1069 2560 cogitet,
1105 2494 1314 2559 agnoscat
1330 2495 1380 2544 ὅτ
1402 2494 1571 2551 credat,
1606 2495 1731 2558 quod
1749 2496 1984 2545 Dominus
2007 2498 2130 2562 apud
2155 2498 2196 2546 se
2225 2499 2312 2547 hoc
2329 2515 2438 2564 ope-

438 2575 558 2611 ratus
581 2564 679 2619 est·,
716 2564 748 2611 fi
773 2563 814 2611 se
838 2564 1026 2611 remittit
1049 2564 1109 2610 ita
1132 2561 1392 2627 cogitando,
1428 2574 1482 2609 ut
1504 2561 1698 2619 dictum,
1733 2573 1844 2611 tunc
1866 2579 1958 2611 non
1997 2564 2062 2612 est
2099 2563 2350 2629 subjectum
2390 2567 2438 2614 in
2510 2624 2512 2626 v

438 2631 565 2694 quod
589 2631 820 2678 Dominus
842 2632 1014 2694 operari
1037 2628 1182 2694 potest
1201 2651 1216 2683 ·,
1253 2645 1345 2676 non
1374 2627 1519 2692 potest
1540 2630 1724 2675 influere
1748 2630 1794 2676 in
1824 2627 2037 2693 aliquem,
2073 2630 2212 2694 quise
2236 2631 2442 2696 deprivat

440 2698 569 2744 omni
591 2697 687 2753 tali,
724 2699 771 2743 in
794 2698 920 2761 quod
936 2699 1054 2744 vires
1076 2694 1370 2744 infundendae
1386 2693 1488 2742 sunt
1507 2717 1522 2751 ς
1556 2694 1622 2742 est
1637 2695 1750 2742 ficut
1772 2697 1875 2759 quis
1892 2697 2004 2745 nihil
2017 2696 2182 2746 discere
2204 2698 2340 2745 vellet
2356 2696 2438 2745 nisi

440 2764 482 2808 ei
512 2763 724 2811 revelatio
737 2786 757 2819 -·,
804 2775 881 2812 aut
920 2763 1034 2811 ficut
1055 2764 1157 2827 quis
1194 2762 1306 2809 nihil
1328 2761 1508 2819 docere,
1542 2761 1623 2808 nisi
1646 2777 1780 2819 voces
1812 2764 1854 2813 ei
1888 2763 2180 2818 inderentur;
2216 2774 2293 2809 aut
2326 2763 2441 2811 ficut

432 2828 542 2890 ⁴quis
567 2829 677 2874 nihil
699 2832 865 2887 conari,
901 2829 982 2877 nisi
1006 2842 1208 2893 ageretur
1230 2829 1343 2876 ficut
1376 2828 1540 2891 absque
1561 2827 1828 2885 voluntate;
1875 2829 2003 2892 quod
2036 2829 2071 2874 fi
2109 2824 2251 2883 fieret,
2287 2828 2440 2892 indig-

440 2906 618 2939 naretur
641 2895 785 2942 adhuc
810 2897 927 2956 plus,
964 2897 1090 2959 quod
1130 2897 1243 2943 ficut
1282 2896 1580 2942 inanimatum
1614 2894 1728 2958 quid
1766 2894 1887 2950 estet,
1922 2909 2031 2940 cum
2064 2904 2214 2956 tamen
2253 2894 2381 2957 quod
2411 2911 2437 2942 a

443 2959 651 3007 Domino
679 2962 899 3008 animatur
921 2963 1042 3025 apud
1074 2963 1308 3010 hominem
1338 2960 1403 3009 est
1425 2961 1472 3008 id
1496 2960 1624 3023 quod
1647 2971 1830 3023 apparet
1867 2971 2084 3022 tanquam
2101 2958 2219 3007 foret
2249 2959 2434 3008 abillo:

443 3024 573 3081 ficut,
608 3025 735 3088 quod
757 3025 899 3073 homo
931 3044 1022 3073 non
1044 3029 1163 3075 vivit
1184 3044 1209 3074 a
1231 3026 1288 3082 se,
1324 3026 1452 3089 quod
1475 3025 1539 3072 est
1559 3027 1720 3090 veritas
1753 3035 1934 3090 aeterna,
1970 3025 2051 3073 nisi
2073 3038 2302 3091 appareret
2321 3026 2437 3074 sicut

443 3092 618 3138 viveret
640 3106 696 3137 ex
719 3090 777 3146 se,
819 3091 1037 3154 nusquam
1058 3095 1211 3139 vivere
1233 3092 1387 3154 pofl'et.
1521 3130 1525 3137 .
2357 3118 2361 3125 =

517 3175 536 3206 1
548 3172 654 3221 713.
691 3157 770 3204 Ille
787 3158 835 3204 δε
854 3156 966 3203 servi
983 3158 1100 3203 illius
1125 3159 1253 3220 quod
1272 3156 1492 3220 fignificet
1508 3155 1793 3203 Rationalem
1809 3157 2062 3216 hominem,
2081 3158 2132 3206 &
2154 3173 2260 3222 quae
2281 3157 2328 3205 in
2344 3157 2441 3205 Ex-

395 3259 397 3261 ·
442 3235 573 3271 terno
589 3214 903 3280 obediverunt,
938 3222 1111 3270 constat
1132 3239 1157 3269 a
1179 3223 1499 3286 significatione
1512 3221 1654 3279 Illius,
1689 3223 1775 3270 hoc
1793 3223 1872 3281 est,
1908 3224 2118 3281 Abrami,
2154 3224 2281 3288 quod
2297 3224 2351 3271 s1t
2364 3224 2441 3271 In-

443 3291 578 3340 terior
601 3290 761 3349 homo,
796 3290 854 3338 de
876 3305 967 3353 qua
988 3288 1137 3354 supra,
1171 3289 1221 3341 &
1261 3305 1286 3338 a
1308 3288 1631 3352 significatione
1651 3288 1901 3350 servorum,
1938 3290 2067 3355 quod
2089 3291 2177 3340 sint
2199 3288 2442 3403 quaedobe-

2332 3364 2443 3402 1unt.
