2788 3736
387 275 522 357 462
811 257 1891 330 GENESJ&

385 407 556 457 ostensa
595 405 694 454 sunt
725 420 786 451 n:
823 400 936 463 665,
973 415 1086 463 920,
1130 400 1268 465 1361.
1304 400 1379 447 hic
1415 399 1523 463 quia
1545 399 1905 464 repraesentativa
1927 400 2158 462 inchoant,
2193 403 2392 455 breviter

386 476 533 523 adhuc
568 488 666 520 rem
690 470 794 516 licet
816 482 1072 530 exponere:
1112 467 1437 530 Antiquiffima
1465 467 1825 530 Ecclefia,⁴quae
1864 466 1953 515 fuit
1975 469 2202 529 Coelestis,
2239 474 2427 521 omnia·

390 539 611 588 terrestria
635 538 684 584 &
710 534 958 590 mundana,
983 546 1085 581 tum
1110 548 1342 598 corporea,
1379 549 1486 596 quae
1504 533 1694 596 usquam
1719 531 1894 597 objecta
1916 531 2100 584 fuerunt
2120 552 2282 586 eorum
2306 539 2401 586 sen-

388 605 539 662 suum,
581 620 671 652 non
697 603 822 650 aliter
845 599 1099 664 spectabant
1135 616 1186 647 ac
1226 616 1292 646 res
1318 612 1517 647 mortuas
1538 622 1558 656 3-
1590 599 1666 647 sed
1689 600 1797 663 quia
1823 601 1978 648 omnia
2011 602 2060 648 δε
2086 602 2260 666 singula
2291 621 2400 668 quae

389 674 436 719 in
463 672 640 719 mundo
665 669 782 725 sunt,
818 667 974 715 sistunt
996 667 1193 730 aliquam
1217 666 1365 714 ideam
1389 668 1543 730 Regni
1566 667 1777 724 Domini,
1814 666 2005 730 proinde
2034 683 2184 715 rerum
2203 670 2395 718 eoelesti-

391 754 473 786 um
499 740 547 785 δε
573 735 888 800 spiritualium,
925 749 1033 781 cum
1058 733 1131 780 illa
1161 733 1369 780 viderent
1407 746 1485 780 aut
1521 744 1732 797 caperent
1754 733 1907 797 aliquo
1930 732 2087 792 sensu,
2107 750 2201 783 non
2224 737 2398 800 cogita-

391 805 500 853 bant
525 804 582 851 de
606 805 675 860 iis,
712 801 786 848 sed
803 801 860 848 de
883 799 1139 849 coelestibus
1164 801 1213 847 &
1237 798 1554 863 spiritualibus,
1595 801 1646 847 δι
1671 799 1867 863 quidem‘
1885 816 1978 847 non
2007 800 2063 847 ab
2104 800 2191 848 inis
2215 801 2290 849 sed
2320 818 2401 866 per

392 871 499 927 illa·,
535 871 596 917 ita
618 885 686 917 res
705 879 901 916 mortuae
924 867 1045 930 apud
1070 883 1146 914 eos
1168 866 1397 914 vivebant.
1468 867 1594 914 Haec
1633 882 1740 930 quae
1771 866 2102 930 significabant,
2138 867 2196 915 ab
2235 883 2314 916 ore
2346 868 2400 916 il-

393 937 548 985 lorum
582 935 861 998 collegerunt
883 933 1063 997 posteri,
1099 934 1148 980 &
1173 933 1279 980 inde
1311 931 1516 980 fecerunt
1536 931 1815 991 doc'trinalia,
1853 949 1961 997 quae
1983 931 2166 982 fuerunt
2189 934 2399 983 Verbum

393 1003 611 1054 Ecclefiae
635 1002 858 1064 Antiquae
898 999 1005 1063 post,
1035 999 1298 1056 diluvium;
1336 999 1435 1051 haec
1471 1000 1596 1064 apud
1619 999 1870 1048 Ecclesiam
1911 1002 2172 1064 Antiquam
2203 998 2401 1051 ,fuerunt

396 1069 710 1134 fignfficadva,
747 1083 852 1114 nam
876 1080 956 1131 per
979 1066 1053 1113 illa
1075 1066 1332 1114 didicerunt
1356 1066 1544 1123 interna,
1580 1066 1632 1115 ὅτ
1654 1082 1712 1113 ex
1749 1065 1836 1114 illis
1870 1069 2130 1130 cogitarunt
2147 1066 2204 1115 de
2222 1066 2410 1132 spiritu-,i

398 1136 542 1188 alibus
580 1136 632 1183 ὅτ
671 1132 942 1182 coelestibus.
1013 1133 1084 1182 At
1112 1132 1356 1197 postquam
1398 1133 1544 1197 perire
1579 1133 1726 1196 coepit
1748 1134 1954 1195 cognitio
1977 1133 2070 1190 illa,
2105 1146 2159 1181 ut
2184 1134 2404 1184 nescirent

397 1201 526 1267 quod
551 1201 655 1249 talia
674 1199 1047 1262 significarentur,
1082 1211 1218 1261 atque
1241 1199 1488 1261 inciperent
1517 1198 1735 1249 terrestria
1756 1198 1830 1245 illa
1851 1199 1902 1246 ὅτ
1926 1199 2157 1247 mundana
2180 1199 2323 1249 saneta
2336 1199 2403 1250 fa-

400 1285 500 1317 cere
562 1268 613 1316 &
654 1266 815 1322 colere,
870 1261 1034 1327 absque
1073 1265 1349 1326 cogitatione
1386 1264 1444 1310 de
1491 1260 1816 1326 significatione
1849 1280 2027 1322 eorum,
2074 1277 2185 1314 tunc
2239 1267 2401 1316 eadem

399 1332 516 1383 facta
538 1333 640 1381 sunt
698 1329 1090 1395 repraesentativa;
1149 1330 1254 1377 inde
1298 1330 1499 1378 Ecclesia
1531 1329 1932 1394 Repraesentativa,
1984 1346 2092 1394 quae
2126 1332 2305 1381 inchoat
2350 1335 2399 1382 in

400 1401 629 1457 Abramo,
665 1399 716 1448 ὅτ
740 1396 892 1462 postea
922 1395 1131 1444 instituta-
1161 1396 1284 1460 apud
1307 1396 1469 1457 Jacobi
1505 1395 1737 1461 posteros:
1773 1396 1881 1444 inde
1920 1395 2021 1444 sciri
2060 1398 2223 1461 potest,
2271 1400 2402 1463 quod
2466 1416 2469 1419 ’

401 1462 1999 1595 ἓῗὲῗεέῗΐέἶῗξὲἓνέῗέἓιᾶἱὲὧξΞιῖἶῗῖἶῖἷὲιῗῶςὲἓῖίὶῗὲῗῗῗ
2020 1463 2406 1593 ιῗίἒέἳὲῖἓὲἓῖἓ

402 1597 645 1663 quomodo
669 1597 709 1646 se
741 1596 922 1652 habent,
958 1595 1159 1644 constare
1195 1594 1341 1659 potest
1366 1594 1421 1643 ab
1457 1594 1675 1643 historicis
1696 1595 1855 1652 Verbi,
1891 1594 1984 1644 ubi·
2009 1597 2164 1644 omnia
2198 1598 2294 1644 acta
2317 1599 2404 1645 Pa-

403 1678 530 1715 trum
555 1666 735 1720 horum,
773 1679 939 1725 nempe
964 1661 1175 1719 Abrami,
1211 1661 1319 1709 Isaci
1344 1663 1394 1707 &
1428 1661 1607 1722 Jacobi',
1643 1674 1743 1709 tum
1777 1660 1929 1725 postea
1959 1662 2123 1719 Molis,
2158 1663 2400 1725 judicum,

403 1733 593 1796 Regum
618 1730 812 1792 Jehudae
837 1732 886 1777 δε
915 1727 1099 1785 Israelis,
1136 1727 1248 1775 nihil
1278 1727 1400 1775 aliud
1438 1727 1540 1776 sunt
1563 1743 1702 1791 quam
1727 1726 2115 1791 repraesentativa:
2152 1729 2403 1789 Abramus,

403 1811 458 1846 ut
481 1798 674 1854 dictum,
711 1797 758 1843 in
781 1795 937 1843 Verbo
959 1792 1242 1857 repraesentat
1263 1795 1542 1852 Dominum,
1580 1797 1630 1841 δε
1670 1795 1777 1858 quia
1791 1795 2053 1845 Dominum
2087 1795 2226 1846 etiam
2249 1797 2402 1846 Coele-

402 1863 515 1915 stem
532 1864 784 1920 hominem,
820 1861 964 1910 Isacus
987 1876 1172 1925 quoque
1194 1862 1457 1911 Dominum
1473 1862 1524 1912 &
1547 1861 1652 1911 inde
1675 1860 2241 1925 Spiritualem'hominem,
2266 1863 2400 1924 Jaco-

401 1927 488 1979 bus
512 1929 712 1978 similiter
726 1930 1005 1984 Dominum,
1042 1928 1093 1975 ὅτ
1115 1928 1220 1977 inde
1246 1928 1517 1977 Naturalem
1540 1927 1781 1977 hominem
1815 1926 2240 1992 correspondentem
2277 1929 2407 1992 spiri-

404 1996 544 2047 tuali:
582 1995 657 2044 sed
691 1997 750 2044 ita
773 1995 814 2042 se
837 1995 969 2043 habet
989 2010 1097 2042 cum
1123 1993 1511 2058 repraesentativis,
1546 1995 1676 2058 quod
1697 1994 1807 2043 nihil
1830 1995 2081 2042 reflectatur
2103 1993 2232 2058 super
2254 1996 2404 2059 perso·

407 2078 535 2121 nam,
569 2062 714 2126 qualis
746 2061 827 2118 est,
880 2060 955 2107 sed
982 2058 1112 2123 super
1143 2076 1239 2108 rem
1285 2076 1424 2123 quam
1449 2061 1766 2125 repraesentat3
1802 2076 1960 2111 omnes
2000 2062 2121 2107 enim
2146 2061 2300 2124 Reges
2324 2064 2403 2124 Je-

407 2129 546 2176 hudae
572 2131 622 2176 δε
646 2127 812 2177 Israelis
834 2125 1209 2190 repraesentabant
1226 2127 1429 2190 Regium
1447 2127 1658 2184 Domini,
1692 2125 2023 2190 qualescunque
2044 2127 2194 2183 effent,
2229 2129 2279 2176 &
2303 2144 2407 2175 om-

407 2212 486 2246 nes
510 2194 767 2245 Sacerdotes
792 2192 1074 2244 sacerdotale
1098 2194 1310 2250 Domini,
1346 2192 1676 2256 qualescunque
1708 2193 1874 2248 effent3
1926 2193 1987 2240 ita
2023 2204 2272 2256 potuerunt
2306 2206 2406 2241 tam

409 2261 520 2316 mali
546 2277 683 2325 quam
709 2260 814 2310 boni
846 2258 1156 2323 repraesentare
1177 2260 1453 2316 Dominum,
1489 2260 1538 2306 δε
1562 2258 1707 2322 Ipsius
1731 2259 1885 2321 Regni
1906 2258 2107 2306 coelestia
2141 2260 2190 2307 &
2224 2258 2404 2323 spiritu-

408 2327 525 2382 alia3
562 2343 684 2383 nam,
720 2338 775 2376 ‚ut
796 2326 972 2375 dictum
997 2327 1045 2371 &
1063 2323 1291 2372 ostensum
1316 2325 1457 2388 prius,
1493 2323 1853 2388 repraesentativa
1873 2323 2053 2388 prorsus
2084 2323 2281 2388 separata
2305 2325 2409 2376 sunt

408 2409 436 2441 a
458 2392 656 2457 persona.
728 2391 839 2443 Inde
872 2407 992 2441 nunc
1023 2390 1104 2448 est,
1132 2391 1262 2454 quod
1287 2391 1442 2440 omnia
1479 2389 1684 2438 historica
1705 2389 1849 2439 Verbi
1880 2390 1965 2438 fint
1988 2383 2369 2455 vrep'raesehtativa
2387 2415 2404 2449 ς
2460 2388 2463 2390 ’

409 2460 462 2507 &
490 2461 602 2523 quia
624 2457 700 2507 illa
721 2457 824 2504 sunt
858 2455 1235 2522 repraesentativa,
1271 2455 1484 2520 sequitur,
1518 2457 1647 2520 quod
1670 2457 1824 2505 omnia
1846 2456 2143 2507 verba'Verbi
2159 2457 2244 2514 {int
2265 2459 2405 2522 figni-

411 2524 608 2583 ficativa,
644 2523 732 2572 hoc
768 2523 849 2582 est,
899 2522 1028 2588 q-uod
1073 2522 1207 2572 aliud'
1233 2522 1488 2587 significent
1516 2524 1564 2571 in
1603 2522 1726 2573 sensu
1766 2524 1957 2581 interno,
2015 2539 2158 2588 quam
2195 2525 2258 2572 in:
2283 2523 2407 2573 sensu

411 2590 570 2639 literae.
2409 2632 2412 2634 ,

485 2675 624 2719 1410.
660 2657 792 2706 Dixit
815 2655 1021 2720 Jehovah
1043 2656 1405 2714 adAbramum,
1439 2658 1569 2722 quod
1592 2656 1817 2722 significet
1856 2657 2067 2709 omniurn
2091 2656 2286 2722 primam
2312 2658 2407 2705 ani-

415 2724 808 2781 madvertendam,
865 2725 926 2771 ita
964 2723 1006 2772 fit
1044 2722 1195 2780 habet,
1245 2723 1507 2775 historicum
1546 2725 1609 2772 ibi
1640 2723 1710 2772 'est
1744 2724 2176 2787 repraesentativum,
2226 2734 2271 2770 at
2315 2724 2410 2788 ipsa

412 2789 550 2838 verba
586 2789 687 2838 sunt
724 2790 1052 2854 significativae,
1103 2791 1150 2838 in
1174 2789 1372 2839 Ecclesia
1402 2792 1609 2856 Antiqua
1639 2790 1737 2838 talis
1769 2790 1908 2853 stylus
1941 2787 2046 2846 fuit,
2103 2803 2212 2836 cum
2235 2788 2418 2848 aliquid.=

412 2868 574 2919 verum
599 2856 718 2914 effet,
753 2856 880 2919 quod
902 2856 1119 2913 dicere-nt,
1155 2855 1364 2918 Jehovah
1398 2856 1535 2912 dixit,
1568 2857 1642 2903 vel
1665 2855 1874 2917 Jehovah
1896 2855 2129 2917 loquutus,
2164 2856 2291 2918 quod
2316 2856 2417 2920 fig·-

415 2919 624 2973 nificabat
646 2921 707 2968 ita
735 2922 835 2978 effe,
870 2934 922 2970 ut
945 2921 1171 2972 ostensum
1195 2922 1350 2985 prius:
1386 2922 1627 2985 postquam
1649 2936 1761 2968 vero
1783 2920 2079 2982 significativa
2100 2921 2223 2969 versa
2242 2920 2407 2972 suntin

416 2984 790 3048 repraesentativa,
825 2998 935 3035 tunc
980 2987 1190 3049 Jehovah
1222 2987 1296 3034 seu
1327 2988 1559 3041 Dominus
1582 2985 1812 3033 actualiter
1842 3001 1952 3033 curn
1990 2987 2045 3034 iis
2066 2986 2318 3051 loquutus,
2355 2990 2406 3037 δι’

418 3067 526 3103 cum
552 3052 719 3100 dicitur
741 3062 870 3108 tunc,
901 3052 1034 3115 equod
1055 3053 1165 3100 dixit
1181 3052 1405 3115 Jebovuh,
1439 3050 1513 3111 seu
1535 3051 1728 3115 loquutus
1749 3051 1953 3114 Jehovah
1974 3069 2084 3100 cum
2107 3054 2276 3118 aliquo,
2316 3054 2406 3117 fig·
2452 3080 2455 3084 ·

413 3116 569 3167 ‚nificat
593 3117 716 3164 idem
746 3133 797 3164 ac
820 3117 945 3181 prius
965 3140 980 3172 3
1015 3134 1123 3165 nam
1145 3116 1285 3164 verba
1299 3117 1492 3165 Domini
1522 3118 1567 3163 in
1590 3116 1808 3166 historicis
1832 3118 1950 3166 veris
1973 3119 2117 3167 firnile
2141 3120 2403 3176 involvunt,

417 3198 468 3244 ac
491 3182 627 3230 verba
647 3184 841 3232 Domini
864 3184 911 3230 in
920 3182 1149 3231 historicis
1172 3180 1298 3230 factis
1317 3204 1334 3239 ς
1368 3183 1517 3232 solum·
1537 3182 1601 3230 est
1623 3183 1888 3241 differentia,
1922 3185 2047 3248 quod
2068 3187 2119 3232 in
2141 3185 2211 3235 his
2233 3183 2406 3233 factum

418 3247 472 3301 fit
489 3249 602 3301 ficut
624 3248 887 3300 historicum
910 3264 1089 3308 verum,
1124 3249 1171 3298 in
1193 3247 1280 3298 illis
1302 3265 1396 3298 non
1417 3247 1618 3299 factum:
1654 3265 1790 3316 quare
1811 3250 1899 3301 hoc
1920 3251 2047 3316 quod
2065 3251 2184 3310 dixit
2197 3252 2230 3317 J
2233 3251 2407 3304 ehovah

2354 3316 2409 3368 ad
