2788 3736
742 303 1176 368 CAPUT
1272 301 1942 402 ocTAvuM.
2290 329 2429 394 279*

390 442 539 494 verse*
554 448 712 508 praec:
746 443 817 491 16.
855 442 936 499 ibi,
982 443 1071 489 Exi
1091 453 1142 489 tu
1164 441 1224 491 ἐξ
1244 457 1352 490 uxor
1374 452 1470 498 tua,
1507 440 1667 500 &filii
1689 443 1758 489 tui
1788 441 1846 491 &3
1861 457 2011 491 uxores
2017 440 2215 502 filiorum
2228 453 2416 501 tuorum,

394 522 547 567 tecum,
582 509 662 557 ubi
686 523 738 557 tu
763 513 811 557 &
837 524 954 556 uxor
977 507 1292 573 conjungitur,
1323 519 1380 557 ac
1403 508 1513 555 ‘filii-
1531 508 1582 555 &
1606 524 1770 555 uxores
1793 509 1999 557 filiorum
2021 523 2228 568 tuorum,
2263 508 2315 560 δι’
2356 511 2415 558 fic

392 593 474 641 per
494 589 548 625 tu
572 576 760 624 ac'filios
779 576 1068 640 significatur
1086 590 1268 632 verum,
1306 575 1356 625 &
1373 591 1458 638 per
1470 590 1663 622 uxorem
1687 576 1738 623 &
1762 591 1927 623 uxores
1945 576 2164 634 filiorum,
2202 577 2411 635 bonum;

391 644 465 692 hic
489 656 640 692 autem
668 660 759 690 non
783 644 859 690 tali
882 643 1060 700 ordine,
1092 655 1158 689 ex
1191 640 1334 698 causa,
1370 641 1644 697 ute-edietum,
1679 642 1786 704 quia
1818 658 1900 705 per
1934 654 1984 690 tu
2007 644 2063 693 {9²
2085 643 2204 703 filio's
2240 644 2415 708 fignifi-

390 722 524 759 catur
544 711 687 759 homo
705 710 939 766 Ecclesiae,
974 725 1026 756 ac
1050 722 1135 772 per
1155 724 1324 755 uxorem
1351 709 1440 771 qjus
1474 707 1529 757 &³
1554 722 1703 755 uxores
1711 707 1904 765 filiorum
1928 712 2031 774 ejus,
2069 710 2160 775 ipsa
2181 711 2381 759 Ecclesia
2395 732 2413 774 3

388 777 454 824 est
487 779 611 825 enim
634 776 828 824 clausula
850 775 1225 840 praecedentium.
1296 775 1555 838 Antiquam
1603 774 1850 821 Ecclesiam
1899 793 1990 823 non
2025 776 2258 825 constituit
2284 779 2413 826 Noa¹⁶

390 843 518 901 chus,
545 843 619 891 sed
642 844 723 891 filii
740 841 836 907 ejus
855 843 1044 898 S'chem,
1064 842 1214 891 cham
1228 841 1503 905 &Japheth‚
1529 841 1648 889 ficut
1669 842 1792 905 prius
1818 841 1992 889 dictum
2015 865 2029 898 ·,
2056 859 2160 890 nam
2179 856 2267 892 tres
2285 843 2411 909 quasi

390 910 625 958 Ecclefiae'
643 909 844 967 fuerunt,
868 925 987 971 quae
1030 908 1148 956 hanc
1184 907 1431 956 Ecclesiam
1462 909 1720 973 Antiquam
1759 905 2030 965 formarunt,
2090 911 2146 956 de
2192 927 2298 974 qua,
2354 926 2412 959 ex

390 979 564 1026 Divina
585 974 786 1026 Domini
804 975 1136 1032 Misericordia,
1172 976 1229 1022 in·
1260 974 1579 1038 sequentibus-3
1614 990 1722 1038 quae
1740 974 1970 1022 Ecclefiae
2001 977 2270 1040 prodierunt
2299 977 2412 1026 ficut

391 1057 514 1092 natae
549 1048 740 1100 exuna,
770 1056 881 1106 quae
901 1043 1120 1094 Noachus
1146 1053 1371 1099 vocatur-3
1408 1041 1514 1089 inde
1552 1041 1627 1089 hic
1667 1042 1853 1099 dicitur,
1891 1054 1943 1090 tu
1979 1045 2028 1091 δε
2067 1043 2150 1091 filii
2180 1045 2266 1101 tui,
2304 1044 2406 1092 tum

394 1127 512 1160 uxor
533 1114 581 1159 δε
606 1125 778 1161 uxores
794 1109 1012 1158 filiorum.
1296 1122 1297 1125 ’
1440 1112 1444 1114 ’
2197 1126 2199 1129 ·

460 1179 570 1244 916.
607 1176 753 1242 Qod
776 1178 928 1224 omnis
952 1175 1067 1234 fera,
1097 1176 1147 1224 &
1188 1191 1326 1224 omne
1365 1175 1524 1240 reptile
1564 1175 1819 1240 significent
1843 1176 1961 1224 bona
1984 1176 2106 1242 ejus··,
2144 1174 2252 1234 fera,
2295 1178 2412 1227 bona

390 1245 554 1293 interni
573 1243 785 1298 hominis,
822 1245 980 1307 reptile
1005 1244 1123 1292 bona
1145 1244 1348 1300 externi3
1384 1256 1487 1290 tum
1511 1244 1638 1307 quod
1664 1245 1814 1291 omnis
1838 1243 1938 1291 airis
1982 1247 2031 1292 ὅτ
2073 1260 2222 1292 omne·
2254 1261 2411 1309 repens

389 1311 519 1376 super
541 1323 657 1359 terra
679 1310 935 1374 significent
950 1316 1074 1367 vera,
1112 1312 1210 1357 avis
1234 1326 1340 1358 vera
1362 1311 1525 1374 interni
1566 1310 1779 1365 hominiS,
1816 1326 1974 1374 repens
1998 1310 2129 1375 super
2153 1325 2269 1360 terra
2306 1327 2412 1360 vera

389 1379 578 1435 externi,
615 1377 815 1426 constare
834 1377 986 1441 potest
1002 1377 1058 1425 ab
1084 1377 1187 1428 illis.
1222 1392 1330 1441 quae
1356 1379 1408 1424 in
1426 1375 1553 1425 vers:
1591 1392 1745 1440 praec:
1783 1377 1839 1424 de
1873 1376 1979 1436 fera,
2022 1379 2079 1425 de
2118 1380 2209 1437 avi,
2259 1380 2309 1426 δε
2354 1379 2412 1428 de

390 1445 539 1509 reptili
562 1457 760 1509 repente,
795 1443 916 1492 dicta
949 1446 999 1492 δι·
1033 1442 1201 1492 ostensa
1224 1443 1354 1491 sunt:
1404 1443 1467 1491 ibi
1505 1444 1666 1508 reptile
1702 1458 1878 1508 repens,
1912 1446 2020 1509 quia
2042 1458 2290 1510 utrumque
2315 1458 2417 1494 tam

393 1513 563 1560 bonum
589 1527 728 1576 quam
765 1527 929 1559 verum
951 1513 1122 1559 externi
1144 1510 1345 1558 hominis
1370 1510 1675 1575 significabat:
1710 1513 1818 1575 quia
1841 1511 1939 1562 hae'c
1957 1512 2155 1561 clausula
2176 1511 2277 1560 sunt
2293 1530 2414 1587 prae⁴

390 1580 671 1638 cedentium,
705 1576 1023 1642 adjunguntur
1054 1578 1155 1626 haec
1177 1592 1286 1641 quae
1309 1577 1413 1625 sunt
1432 1577 1668 1634 Ecclefiae‚
1703 1594 1873 1643 nempe
1903 1578 2023 1626 bona
2061 1579 2111 1627 ὅτ
2146 1596 2417 1643 vera-ejus·;¹

388 1663 470 1710 per
498 1662 606 1710 quae
629 1662 814 1710 quoque
837 1646 1079 1702 indicatur,
1116 1644 1264 1709 qualis
1291 1643 1506 1702 Ecclesia,
1544 1661 1709 1708 nempe
1743 1645 1871 1708 quod
1906 1644 2160 1710 spiritualis,
2198 1648 2247 1694 &
2281 1646 2416 1711 quod'

388 1713 503 1762 facta
526 1713 640 1769 talis,
678 1728 843 1776 nempe
861 1712 987 1775 quod
1010 1712 1212 1760 Charitas
1237 1709 1309 1757 seu
1326 1711 1501 1758 bbnum
1525 1711 1630 1758 effet
1645 1711 1912 1776 principale,
1946 1729 2082 1776 quare
2106 1713 2180 1760 hic
2202 1716 2418 1776 primum'

388 1782 651 1828 nominatur
681 1777 774 1825 fera
803 1780 852 1825 &
887 1778 1062 1842 reptile,
1099 1779 1149 1826 ὅτ
1172 1778 1336 1824 deinde
1360 1779 1454 1824 avis
1486 1778 1536 1825 ὅτ
1561 1789 1733 1841 repens.
1805 1778 2008 1826 Ecclesia
2037 1779 2289 1843 Spiritualis
2325 1796 2411 1828 vo-

389 1856 531 1902 catur,
568 1861 677 1892 cum
710 1860 767 1892 ex
790 1844 1018 1901 charitate,
1056 1843 1128 1892 seu
1152 1859 1210 1891 ex
1239 1842 1366 1891 bono
1392 1843 1618 1891 charitatis
1648 1845 1761 1908 agit,
1798 1845 2019 1908 nusquam
2066 1861 2174 1893 cum
2222 1845 2264 1892 se
2294 1847 2419 1894 dicit

387 1912 546 1960 habere
592 1911 735 1959 fidem
779 1909 943 1974 absque
989 1910 1219 1967 charitate,
1263 1922 1375 1958 tunc
1413 1926 1471 1957 ne
1511 1910 1700 1974 quidem
1741 1911 1805 1959 est
1851 1911 2084 1968 Ecclefia;
2132 1928 2239 1960 nam
2287 1913 2402 1977 quid

389 1979 593 2027 dossrina
618 1978 744 2032 fidei,
779 1978 858 2025 nifi
885 1977 1093 2025 doftrina
1109 1977 1382 2032 Ch'aritatis3
1418 1979 1469 2024 ὅτ
1507 1993 1591 2024 cur
1621 1977 1829 2025 do&rina
1848 1977 1973 2035 fidei,
2009 1979 2090 2025 nifi
2115 1991 2168 2026 ut
2189 1979 2270 2026 fiat
2292 1982 2408 2028 licut

389 2046 560 2100 docet·,
597 2044 704 2092 scire
727 2045 774 2091 &
800 2046 999 2107 cogitare
1018 2044 1130 2091 ficut
1149 2043 1300 2100 docet,
1337 2059 1431 2091 non
1453 2043 1600 2108 potest
1617 2044 1716 2099 esse,
1754 2043 1827 2091 sed
1850 2044 1950 2091 fieri
1987 2045 2100 2092 ficut
2129 2045 2281 2103 docet,
2318 2046 2420 2094 hoc-

387 2111 535 2160 solum
558 2111 618 2158 est
638 2133 654 2166 ·,
688 2122 825 2174 quare
842 2110 1045 2157 Ecclesia
1060 2109 1296 2173 spiritualis
1320 2122 1430 2158 tunc
1452 2111 1658 2175 primum
1682 2109 1745 2157 est
1762 2110 1983 2169 Ecclesia,
2020 2112 2205 2175 quando
2227 2129 2284 2159 ex
2303 2113 2405 2161 cha-

387 2181 533 2236 ritate,
568 2194 675 2241 quae
700 2177 783 2225 est.
802 2175 894 2240 ipsa
921 2177 1030 2225 fidei
1054 2177 1273 2234 doctrina,
1308 2178 1438 2240 agit·,
1475 2176 1548 2224 seu
1584 2177 1713 2241 quod
1748 2177 1872 2224 idem
1905 2177 1984 2235 est,
2021 2177 2165 2226 homo
2188 2179 2419 2228 Ecclesiae‘

387 2260 497 2295 tunc
521 2249 742 2309 primum
757 2243 823 2292 est
846 2243 1049 2292 Ecclesia
1068 2266 1085 2299 ·‚
1121 2244 1234 2291 sicut
1256 2244 1371 2307 quid
1384 2242 1459 2291 *est
1480 2257 1783 2308 praeceptum,
1821 2260 1912 2291 non
1938 2258 1990 2293 ut
2014 2243 2134 2302 sciat,
2171 2245 2242 2293 sed
2270 2259 2323 2293 ut
2342 2245 2422 2294 se·‘

388 2313 597 2361 cundum
631 2323 914 2374 praeeeptum
948 2312 1108 2366 vivat;
1166 2323 1276 2358 tunc
1316 2311 1440 2358 enim
1474 2313 1520 2358 in
1549 2310 1590 2358 se
1623 2310 1757 2358 habet
1789 2311 2009 2375 Regnum
2047 2313 2259 2369 Domini,
2297 2310 2418 2360 nam-

389 2382 612 2443 Regnum
645 2378 841 2424 Domini
871 2376 1018 2424 solum
1055 2378 1102 2424 in
1139 2393 1292 2425 amore
1325 2389 1506 2436 mutuo,
1543 2378 1592 2424 &
1625 2376 1837 2424 felicitate
1882 2378 2005 2436 inde,
2040 2379 2275 2435 consistit·,
2322 2381 2418 2443 qui'
2469 2400 2487 2406 „

388 2449 588 2510 separant
604 2443 745 2490 fidem
770 2460 795 2490 a
823 2443 1051 2501 charitate,
1086 2445 1135 2491 &
1160 2445 1207 2491 in
1244 2443 1335 2491 fide
1372 2443 1535 2507 absque
1558 2443 1690 2491 bonis
1725 2444 1951 2492 charitatis
1985 2458 2166 2509 ponunt
2194 2445 2419 2503 saluterm·

390 2515 493 2563 sunt
516 2508 732 2567 Cainitae,
761 2510 842 2572 qui
882 2509 1099 2567 occidunt
1133 2509 1318 2559 fratrem
1343 2504 1593 2568 Habelem,
1628 2509 1715 2558 hoe
1751 2509 1832 2568 est,
1868 2510 2177 2569 Charitatem;
2212 2513 2262 2560 &
2305 2513 2408 2560 sunt

388 2582 502 2629 ficut
531 2591 635 2624 astes
667 2591 774 2639 quae
806 2575 1008 2623 volitant.
1036 2578 1210 2624 circum
1250 2577 1455 2634 cadaver,
1493 2593 1597 2625 nam
1623 2577 1731 2624 talis
1746 2577 1866 2625 fides
1883 2578 1946 2624 est
1969 2581 2094 2635 avis,
2119 2581 2176 2626 &⁷
2210 2580 2402 2627 cadaver
2415 2578 2421 2600 ²

385 2647 450 2698 est
485 2646 630 2693 homo
666 2640 830 2704 absque
863 2641 1099 2697 charitate·‚
1136 2643 1196 2689 fic
1234 2644 1371 2690 etiam
1410 2655 1677 2707 comparant
1704 2643 1786 2690 fibi
1824 2643 2021 2706 spuriam
2059 2644 2421 2703 conscientiam,..

389 2713 516 2780 quod
539 2712 695 2757 vivere
720 2710 888 2772 possint
911 2708 1025 2756 ficut
1050 2708 1237 2765 diaboli,
1272 2709 1382 2755 odio
1403 2708 1563 2756 habere
1578 2710 1629 2756 ὅτ
1652 2708 1855 2772 persequi
1871 2712 2160 2772 proximum,
2196 2712 2398 2759 in‘adul-
2419 2727 2423 2731 ·

389 2781 508 2830 teriis
533 2793 664 2841 agere
689 2788 835 2824 totam
858 2777 1021 2832 vitam,
1053 2776 1104 2823 &
1143 2774 1284 2838 usque
1308 2773 1480 2831 salvari,
1519 2775 1633 2822 ficut
1658 2777 1939 2822 notissimum
1977 2777 2041 2823 est
2064 2779 2112 2824 in
2135 2778 2244 2826 orbe
2267 2779 2402 2826 Chri-
2418 2782 2423 2796 ⁷

391 2848 564 2900 stian03
617 2843 731 2907 quid
779 2841 958 2889 dulcius
992 2841 1139 2906 potest
1181 2842 1263 2888 esse
1308 2840 1503 2897 homini,
1539 2857 1679 2904 quam
1717 2841 1868 2888 audire
1894 2842 1943 2890 &
1967 2843 2237 2905 persuaderi,
2273 2847 2402 2908 quod

390 2914 543 2962 salvari
565 2912 713 2974 possit,
749 2909 783 2957 fi
805 2908 880 2956 vel
903 2910 1029 2955 viv‘at
1050 2921 1103 2957 ut
1132 2908 1344 2955 immanis
1368 2906 1462 2954 fera
1483 2928 1497 2963 3
1534 2907 1614 2971 ipsi
1639 2907 1846 2955 Gentiles
1865 2910 2127 2974 percipiunt
2158 2911 2286 2974 quod
2311 2912 2398 2960 hoc

390 2979 551 3029 falsum
582 2977 652 3032 sit,
688 2991 887 3038 quorum
935 2975 1071 3022 multi
1109 2976 1218 3038 quia
1244 2975 1387 3021 vitam
1411 2973 1771 3023 Christianorum
1803 2974 1983 3032 vident,
2033 2976 2286 3024 doctrinam
2323 2978 2402 3027 ab·

388 3049 572 3103 horrent
595 3064 609 3098 3
641 3041 823 3088 constat.
836 3057 1022 3104 quoque
1055 3042 1182 3099 inde,
1212 3041 1341 3106 quod
1370 3039 1590 3106 nusquam
1612 3040 1778 3088 alicubi
1801 3039 2102 3091 detestabilior
2125 3045 2217 3091 vita
2249 3045 2403 3103 detur,

390 3127 529 3179 quam
554 3110 601 3155 in
623 3107 730 3153 orbe
746 3107 1013 3158 Christiano.
1950 3132 1953 3134 -

461 3193 570 3244 917-
609 3172 755 3233 Quod
779 3172 1037 3220 secundum
1066 3172 1259 3221 familias
1303 3174 1405 3222 suas
1438 3174 1692 3238 significent
1716 3175 1856 3238 paria,
1893 3175 2066 3223 constat
2096 3193 2152 3225 ex
2175 3177 2261 3224 illis
2294 3194 2425 3240 quae-

390 3248 516 3313 prius
548 3241 666 3288 dieta
690 3237 807 3294 sunt,
843 3254 1008 3302 nempe
1030 3240 1157 3302 quod
1195 3239 1371 3303 septena
1392 3242 1441 3290 δι
1466 3242 1645 3304 septena
1679 3258 1736 3288 ex
1759 3241 1962 3299 mundis,
2008 3243 2058 3290 &
2083 3244 2185 3291 bina
2218 3246 2265 3289 &
2294 3243 2410 3288 bina-

389 3329 449 3363 ex
488 3305 738 3359 immundis
786 3305 1073 3373 intraverint,
1124 3306 1253 3370 Cap:
1300 3323 1452 3372 praec:
1502 3324 1581 3355 vn
1606 3326 1616 3356 :
1663 3307 1784 3356 vers:
1812 3326 1859 3367 2,
1915 3326 1962 3373 3,
2004 3326 2078 3373 15.
2129 3310 2204 3356 hic
2242 3320 2412 3353 autem<>

1875 3385 1881 3389 ·
2268 3373 2412 3437 quod,
