2788 3736
620 303 626 309 „
679 285 1081 353 CAPUT
1175 285 2035 353 DuoussclMUM.
2257 311 2391 379 471

389 443 499 480 mm
521 425 573 476 δε
595 424 827 483 infernale,
863 427 910 473 in
928 411 1030 489 *quo
1053 425 1103 472 &
1126 440 1184 472 ex
1196 440 1292 487 quo
1313 422 1554 488 proprium
1579 438 1757 481 eorum,
1794 424 1843 472 δε
1876 423 1965 472 hoc
1989 439 2047 472 ex
2068 421 2351 473 haereditario
2373 440 2401 473 a

384 509 535 561 patre,
581 494 711 558 quod
756 494 904 541 cuivis
935 505 1101 540 notum
1134 490 1199 539 est
1225 513 1239 545 ς
1273 505 1411 553 quare
1448 489 1532 536 nifi
1557 505 1734 537 novum
1775 490 1944 549 semen,
1979 491 2030 539 ὅτ
2071 505 2249 540 novum
2285 509 2396 557 pro-

383 565 556 628 prium,
592 563 680 609 hoc
703 560 784 616 est,
821 575 990 608 novam
1012 558 1317 618 voluntatem,
1351 556 1402 603 &
1427 571 1604 620 novum
1630 556 1925 615 intellectum,
1963 559 2193 622 accipiunt
2229 576 2255 606 a
2292 561 2395 608 Do*

384 631 537 686 mino,
568 645 663 676 non
684 627 866 691 poffunt
895 626 1030 674 aliter·
1044 624 1307 689 quam-‘effe
1329 622 1487 670 devoti
1510 620 1686 669 inferno
1707 645 1721 677 ;
1759 639 1785 670 a
1806 640 1902 687 quo
1924 626 2084 673 o'mnes
2123 638 2219 673 tarn
2241 624 2404 676 homi-r

385 713 480 754 nes,
517 711 657 760 quam
681 695 878 759 spiritus,
902 694 954 742 &
968 692 1136 756 angeli,
1185 690 1498 747 extrahuntur,
1534 689 1584 737 ὅτ
1608 690 1823 737 continue
1846 691 2104 739 detinentur
2126 710 2152 740 a
2172 693 2405 742 Domino,

460 781 602 827 1439.
639 760 777 810 Vers:
816 763 860 809 6.
896 759 1183 818 Ettranstvit
1205 758 1370 806 Abram
1385 759 1468 819 per
1490 767 1652 804 terram
1681 756 1805 820 usque
1827 757 1888 805 ad
1906 758 2037 806 locum
2060 760 2296 819 ¹Schechem,
2321 761 2393 823 uf-

384 847 464 897 que
486 831 547 879 ad
571 839 807 895 quercetum
829 827 989 875 March
1007 845 1022 874 :
1060 825 1116 874 &³
1139 826 1384 873 Canaanita
1420 834 1522 871 tunc
1564 825 1612 870 in
1647 833 1781 870 terra.
1851 823 2082 872 Tranfivit
2104 825 2283 874 Abram
2312 843 2394 891 per

383 912 551 945 terram
586 895 726 959 usque
764 893 822 942 ad
858 893 1014 941 locum
1038 891 1306 948 Schechem,
1339 890 1565 955 fignificat
1603 889 1793 937 alterurn
1831 888 1999 937 statum
2034 893 2258 950 Domini,
2280 910 2398 941 cum-

382 964 584 1012 coelestia
621 962 788 1010 amoris
819 961 910 1024 Ipfi
938 969 1226 1024 apparerent,
1253 973 1362 1021 quae
1385 957 1698 1020 significantur
1733 972 1815 1020 per
1831 956 2111 1006 Schechem:
2149 957 2287 1023 usque
2331 961 2390 1008 ad

379 1043 652 1095 quercetum
685 1027 874 1085 Moreh,
907 1027 1132 1091 fignificat
1160 1026 1346 1072 ter-tium
1370 1023 1555 1079 statum,
1590 1039 1756 1087 nempe
1796 1024 1994 1087 primam
2032 1029 2399 1089 perceptionem,-

382 1094 494 1161 quae
512 1098 576 1146 est
614 1107 880 1160 quercetum
904 1091 1102 1140 Moreh:
1138 1092 1189 1139 ὅτ
1209 1091 1458 1139 Canaanita
1492 1102 1604 1138 tunc
1650 1091 1704 1139 in
1736 1102 1874 1148 terra,
1905 1091 2136 1155 fignificat·
2149 1092 2389 1141 haeredita-

377 1167 503 1212 tium
521 1181 553 1212 a
574 1175 717 1211 matre
739 1159 915 1208 maium
939 1160 987 1206 in
1009 1170 1198 1206 externo
1219 1156 1364 1222 Ipfius
1392 1157 1593 1205 homine.
1678 1161 1684 1166 ’

453 1247 595 1291 1440.
621 1227 856 1276 Tranfivit
879 1225 1057 1274 Abram
1081 1241 1163 1290 per
1183 1237 1350 1272 terram
1374 1224 1514 1288 usque
1537 1224 1594 1272 ad
1618 1224 1776 1272 locum
1799 1224 2070 1283 Schechem‚
2094 1226 2224 1290 quod
2249 1226 2386 1291 figni-

376 1297 486 1346 fi'cet
521 1297 714 1344 alterum
752 1293 919 1344 stanam
940 1293 1154 1349 Domini,
1189 1307 1300 1339 cum
1322 1290 1522 1338 coelestia
1550 1293 1716 1340 amoris
1738 1291 1828 1355 Ips1
1867 1291 2158 1356 apparerent,
2185 1295 2390 1347 constare

375 1363 524 1428 potest
548 1363 606 1410 ab
644 1362 732 1409 illis
769 1376 877 1425 quae
915 1359 1200 1424 praecedunt,
1233 1359 1286 1406 δε
1315 1373 1372 1405 ex
1410 1358 1570 1405 ordine
1590 1359 1839 1414 omnium;
1875 1375 1933 1405 ex
1962 1359 2048 1406 illis
2086 1375 2194 1424 quae
2214 1356 2390 1425 praec'es

299 1427 304 1432 “
374 1430 512 1487 dunt,
548 1429 675 1494 quod
696 1438 904 1492 pergeret
925 1427 983 1474 ad
1007 1423 1206 1474 coelestia
1227 1425 1412 1482 amoris»,
1447 1425 1499 1472 δε
1521 1425 1654 1488 quod·
1671 1425 1929 1489 pervenerit
1951 1426 2009 1472 ad
2041 1426 2131 1484 illa,
2167 1444 2275 1491 quae
2296 1428 2388 1492 fig.-

378 1498 559 1545 nificata
581 1496 681 1543 sunt
704 1510 786 1559 per
819 1499 859 1535 ‘9
877 1493 1006 1557 quod
1045 1492 1288 1540 exiverunt
1316 1491 1374 1538 ad
1405 1491 1608 1539 eundum
1657 1493 1704 1538 in
1744 1503 1910 1538 terram
1933 1493 2147 1550 Canaan;
2182 1495 2233 1542 δε
2256 1495 2385 1558 quod

375 1568 413 1590 “
450 1574 669 1611 venerunt
691 1563 740 1609 in
762 1573 928 1608 terram
946 1561 1131 1608 Canaan
1147 1561 1195 1616 ·,”
1216 1575 1275 1606 ex
1297 1558 1457 1606 ordine
1480 1559 1710 1616 omnium,
1746 1558 1890 1622 quod,
1915 1559 2158 1623 postquam
2181 1576 2386 1624 perrexe-

375 1632 436 1677 rit
459 1631 518 1678 ad
539 1627 740 1677 coelestia
762 1628 812 1676 δε
835 1627 1091 1691 pervenerit
1128 1626 1187 1672 ad
1218 1624 1310 1681 illa,
1346 1636 1457 1672 tunc
1480 1627 1768 1690 apparuerint
1789 1625 1879 1689 Ipsi
1900 1648 1915 1682 ς
1967 1627 2014 1674 in
2038 1627 2295 1676 coelestibus
2319 1628 2394 1681 est-

373 1696 468 1760 ipsa
490 1696 778 1753 luxanimae,
813 1695 922 1758 quia
946 1694 994 1740 in
1018 1693 1104 1740 illis
1126 1691 1191 1739 est
1214 1690 1370 1754 ipsum
1393 1692 1640 1748 Divinum,
1675 1691 1763 1740 hoc
1799 1691 1880 1748 est,
1931 1692 2030 1756 Ipse
2051 1694 2295 1754 Jehovah·,
2333 1698 2384 1744 &

372 1761 483 1827 quia
504 1764 744 1811 Dominus·
777 1759 1075 1823 conjungeret
1109 1759 1382 1806 Humanam
1403 1758 1652 1806 Effentiam
1687 1758 1894 1817 Divinae,
1951 1775 2062 1807 cum
2091 1760 2149 1807 ad
2172 1760 2385 1815 coelestia,

372 1818 598 1893 pervenit,
634 1845 727 1876 non
750 1828 904 1891 potuit
924 1827 1068 1882 aliter,
1102 1840 1243 1888 quam
1265 1824 1393 1888 quod
1417 1825 1625 1886 Jehovah
1647 1824 1737 1888 Ips1
1759 1838 2007 1888 appareret.

447 1913 589 1957 1441.
625 1895 773 1957 Quod
810 1894 909 1942 haec
949 1892 1262 1956 significentur
1297 1907 1379 1955 per
1399 1891 1665 1948 Schechem,
1702 1891 1900 1939 constane
1922 1906 2108 1958 quoque
2131 1893 2280 1958 potest
2324 1907 2390 1943 ex·-

370 1978 444 2019 eo,
480 1963 609 2026 quod
630 1961 881 2009 Schechem
904 1960 959 2007 fit
982 1960 1130 2023 prima
1150 1959 1275 2023 quafi
1307 1957 1438 2006 statio
1461 1960 1507 2005 in
1541 1971 1657 2006 terra
1678 1959 1900 2016 Canaane,
1937 1976 2034 2022 quo
2065 1963 2329 2023 pervenitur
2355 1979 2382 2010 a

370 2030 515 2092 Syria,
551 2029 626 2076 seu
649 2045 675 2076 a
696 2028 901 2076 Chai-ane
919 2050 935 2083 ·,
970 2028 1021 2074 δε
1066 2027 1175 2090 quia
1215 2041 1298 2089 per
1339 2038 1504 2074 terram
1538 2026 1794 2073 Canaanem
1835 2025 2145 2089 significantur
2182 2027 2390 2077 coelestia¹

369 2097 554 2152 amoris,
589 2094 761 2143 constat
784 2094 912 2158 quod
934 2110 1016 2157 per
1038 2092 1370 2141 Schechemum
1386 2092 1664 2157 significetur
1679 2093 1827 2156 prima
1849 2095 2068 2156 apparitio
2085 2094 2342 2142 coelestium
2362 2118 2390 2152 3,

340 2199 344 2204 ,
371 2162 573 2224 Jacobus
598 2177 706 2210 cum
729 2177 789 2208 ex
814 2161 1015 2209 Charane
1042 2162 1088 2207 in
1117 2172 1286 2207 terram
1310 2161 1569 2207 Canaanem
1593 2159 1745 2216 rediit,
1780 2161 1948 2223 pariter
1962 2161 2019 2207 ad
2044 2160 2379 2210 Schechemum

368 2231 511 2286 venit,
546 2242 599 2277 ut
622 2244 680 2277 ex
705 2229 773 2276 his
803 2226 1002 2276 constare
1024 2226 1188 2291 potest,
1227 2231 1261 2253 ‘⁴
1285 2226 1431 2289 Jacob
1447 2224 1674 2291 profectus
1702 2226 1767 2274 est
1799 2228 1846 2274 in
1871 2228 2064 2284 Succoth,
2102 2229 2151 2275 δι
2177 2228 2375 2278 aedifica·

370 2292 406 2324 α
441 2298 511 2343 vit
533 2296 615 2343 fibi
638 2297 853 2352 domum,
889 2296 938 2342 ὅτ
969 2295 1122 2358 pecori
1145 2291 1362 2341 suofecit
1378 2296 1586 2351 tentoria,
1611 2294 1715 2342 ideo
1737 2294 1922 2341 vocavit
1954 2310 2125 2342 nomen
2147 2294 2237 2342 loci
2260 2296 2383 2343 Suc--

371 2366 406 2389 “
441 2362 585 2418 coth3
619 2363 671 2410 δε
710 2363 838 2408 venit
869 2360 1015 2422 Jacob
1050 2361 1276 2416 Schalem,
1311 2360 1472 2408 urbem
1506 2361 1757 2417 Schechemt',
1810 2377 1916 2424 quae
1945 2362 1990 2408 in
2034 2374 2150 2409 terra
2174 2363 2374 2419 Canaan,

370 2433 406 2456 “
441 2444 550 2476 cum
570 2429 696 2476 venit
718 2427 792 2474 ille
823 2443 880 2474 ex
901 2427 1107 2475 Paddam
1131 2430 1297 2485 Aram,
1330 2428 1381 2476 &
1397 2427 1726 2476 castrametatus
1748 2427 1814 2475 est
1828 2439 1930 2474 ante
1953 2427 2133 2486 urbem,
2159 2430 2208 2475 δε
2233 2431 2385 2476 erexit*

366 2499 409 2523 “’
440 2495 503 2542 ibi
535 2492 719 2551 altare,’'
753 2492 931 2541 Genes:
967 2502 1134 2542 x'xxul
1155 2511 1179 2542 ε·
1211 2509 1289 2558 17,
1329 2499 1405 2551 18,
1449 2512 1524 2558 19,
1563 2512 1640 2544 20.
1677 2493 1756 2541 ubi
1795 2511 1979 2558 quoque
2008 2511 2091 2558 per
2120 2494 2370 2543 Schechem

252 2548 255 2551 ’
342 2568 346 2572 “
365 2562 571 2626 primum
590 2562 703 2608 lucis
725 2560 1017 2624 significatum
1087 2561 1233 2623 Apud
1257 2561 1514 2618 Davidem,
1546 2566 1579 2588 “
1601 2562 1730 2607 Deus
1749 2561 1966 2622 loquutus
1989 2561 2053 2608 est
2076 2563 2122 2608 in
2146 2562 2370 2609 sanctitate

367 2634 403 2656 “
438 2628 527 2687 sua,
562 2627 792 2683 exultabO,
827 2628 991 2690 partiar
1014 2625 1315 2682 Schechemum,
1340 2626 1391 2673 δε
1412 2626 1579 2674 vallem
1603 2627 1782 2673 Succoth
1804 2626 2030 2683 dimetiar,
2055 2626 2181 2674 Mihi
2204 2622 2377 2675 Gilead'

363 2699 402 2724 “
434 2696 485 2743 δε
509 2695 634 2743 Mihi
663 2694 912 2751 Menaffeh,
947 2694 1003 2740 &⁷
1033 2692 1256 2756 Ephraim
1279 2691 1419 2739 robur
1439 2693 1598 2756 capitis
1631 2693 1740 2748 mei,
1776 2692 1955 2753 Jehuda
1976 2693 2198 2756 legissator
2221 2710 2364 2743 meus.

365 2766 402 2790 ‘⁴
437 2761 639 2810 Moabus
661 2761 815 2825 pelvis*
827 2760 1010 2808 lotionis
1033 2773 1181 2816 meae„
1204 2759 1335 2823 super
1356 2758 1597 2807 Edomum
1632 2759 1816 2806 mittam
1847 2759 2049 2806 calceum
2079 2776 2257 2818 meum,
2293 2759 2364 2808 su-

365 2827 764 2891 “uper'Philistaea
795 2827 1067 2892 clangamss’⁴
1111 2826 1294 2874 Psalm:
1332 2842 1423 2874 Lx:
1463 2830 1509 2882 8,
1543 2843 1590 2889 9,
1624 2842 1695 2873 10.
1749 2824 1834 2874 Ps:
1874 2840 2038 2873 cvm:
2093 2831 2150 2884 8,-
2193 2844 2243 2891 9,
2285 2845 2361 2878 10.

362 2892 442 2941 ubi
477 2910 559 2957 per
579 2895 915 2944 Schechemum
959 2908 1144 2957 quoque
1179 2893 1326 2940 ‘simile
1358 2892 1474 2956 quid
1497 2892 1804 2956 fignificatur:
1855 2893 1983 2956 quod
2022 2894 2208 2941 nomina
2246 2894 2372 2942 nihil-

362 2960 484 3009 aliud
506 2960 760 3023 significent
781 2977 922 3025 quam
955 2977 1050 3017 res,
1076 2962 1138 3008 i'ta
1159 2962 1295 3007 etiam
1319 2959 1584 3016 Sehechem,
1621 2956 1852 3006 manifeste
1873 2975 1932 3006 ex
1954 2959 2022 3006 his
2040 2961 2231 3018 Davidis
2251 2978 2371 3024 pro--

361 3026 550 3092 phetieis
570 3026 768 3075 constare
790 3028 954 3090 potest,
1002 3022 1214 3091 alioquin
1236 3028 1317 3075 vix
1358 3026 1436 3073 nisi
1463 3027 1706 3074 nominum
1729 3028 1972 3090 congeries,
1996 3025 2154 3074 forent.
2208 3027 2366 3091 Qod

363 3093 582 3140 Schechem
604 3090 727 3140 facta*
740 3093 847 3140 urbs
869 3093 1052 3159 refugii,
1088 3094 1196 3155 Jos:
1222 3106 1287 3141 xx
1305 3108 1327 3143 ε’
1355 3109 1398 3159 7.
1434 3093 1486 3142 &
1529 3108 1715 3158 quoque
1761 3092 1872 3140 urbs·
1905 3092 2206 3151 sacerdotum,
2241 3093 2352 3155 Jos:

358 3176 488 3221 xxr:
526 3176 602 3208 21.
637 3159 839 3222 &quod
861 3159 923 3206 ibi
943 3157 1115 3223 foedus,
1151 3159 1260 3222 Jos:
1295 3174 1451 3222 xxlvq
1490 3179 1531 3218 1,
1569 3175 1646 3224 25.
1682 3159 1826 3207 fimile
1846 3161 1982 3207 etiarn
1999 3161 2208 3207 involvit.

381 3248 389 3261 ,-
435 3242 574 3286 1442.
609 3224 770 3288 Usque
790 3225 844 3272 ad
870 3234 1137 3288 quercetum
1160 3227 1356 3284 Moreh,
1380 3228 1508 3292 quod
1538 3226 1760 3292 fignificet
1775 3227 1973 3291 primam
1997 3227 2366 3288 perceptionem,

360 3292 561 3373 constare
583 3307 767 3358 quoque
790 3290 938 3357 potest
975 3291 1037 3340 ab,
1054 3292 1247 3353 ‘ordine5
1276 3304 1335 3343 ut
1367 3294 1806 3360 primumjehovah
1845 3293 2055 3359 apparuit
2074 3291 2374 3420 Domipssfi'g
