2788 3736
400 277 547 361 42⁸,
778 233 1859 375 ·GENESJ'S.

405 419 443 444 ⁸‘
476 413 611 462 firma
633 408 917 458 munimenta
932 421 1027 466 tua,
1061 407 1180 456 intra
1197 406 1244 455 in
1269 422 1480 474 coenum,
1513 408 1563 457 &
1580 408 1702 457 calca
1725 408 1892 467 lutum,
1925 424 2078 479 repara
2094 414 2315 478 fornacem
2337 419 2411 468 Ias

402 485 438 509 ⁸‘
474 481 710 534 teritiam3
746 475 810 523 ibi
823 475 1033 523 comedet
1057 485 1104 523 te
1127 475 1262 539 ignis,
1297 476 1347 523 &
1378 474 1606 523 exscindet
1628 488 1672 523 te
1696 475 1925 539 gladius,”
1969 493 2067 525 111:
2108 499 2182 542 14,
2226 503 2297 547 15.
2340 487 2418 534 ibi

400 546 566 593 calcare
608 543 759 591 lutum
784 558 871 607 pro
884 540 1021 598 falfis,
1056 557 1253 606 reparare
1273 540 1503 589 fornacem
1520 541 1755 590 lateritiam
1770 558 1856 605 pro
1873 542 1999 590 cultu
2023 544 2127 593 inde
2145 569 2162 603 ς
2196 550 2314 612 ignis
2338 552 2403 600 est

398 626 539 677 paena
562 609 882 674 cupiditatum,
893 608 1073 673 gladius
1089 607 1154 656 est
1168 625 1310 673 poena
1331 606 1587 656 falfitatum.
1636 608 1782 672 Apud
1793 608 2101 667 Ezechielem,
2118 616 2153 640 “
2168 614 2307 664 Sume
2321 617 2412 665 tibi

402 683 448 730 “,
472 678 687 732 Laterem‚
723 677 773 724 ὅτ
796 691 915 739 pone
949 690 1057 722 eum
1089 687 1189 723 ante
1229 686 1291 732 te,
1327 676 1377 722 ὅτ
1424 674 1574 739 sculpe
1620 674 1750 739 super
1788 691 1896 722 eum
1936 674 2097 722 urbem
2136 678 2402 746 Hierosoly-

406 748 441 771 “
476 744 652 799 mam,'’
679 757 766 789 1v:
810 759 848 788 1.
885 741 949 789 ibi
966 742 1233 789 mandatum
1251 753 1304 788 ut
1323 757 1423 788 eam
1447 741 1683 798 obsideret,
1719 744 1766 788 in
1798 757 1893 804 quo
1916 741 2183 805 prophetico
2204 746 2404 796 involvi-

401 820 492 866 tur,
544 808 671 872 quod
710 807 858 856 cultus
879 805 1146 855 falfificatus.
1217 807 1364 872 Qod
1403 807 1511 856 later
1538 807 1761 871 significet
1793 805 1973 863 falsum,
2009 807 2156 858 adhuc
2197 811 2396 863 constare

403 874 552 940 potest
584 892 608 922 a
638 874 963 938 significatione
987 874 1196 938 Lapidis,
1232 873 1359 937 quod
1384 873 1439 921 fit
1460 889 1642 930 verum,
1690 873 1746 921 de
1768 889 1864 936 quo
1887 874 1933 927 in
1952 889 2067 921 mox
2081 873 2382 939 sequentibus.

478 956 616 1005 1297.
655 940 995 988 Etvaduramus
1018 941 1065 986 in
1089 939 1316 997 adustum,
1353 940 1481 1003 quod
1514 940 1737 1003 significet
1761 938 1879 986 mala
1906 955 1959 986 ex
1997 956 2150 988 amore
2172 942 2255 1000 sui,
2293 961 2410 993 con-

404 1007 488 1054 stat
525 1010 549 1053 a
571 1005 896 1069 fignificat-ione
939 1006 1082 1063 aduri,
1119 1004 1380 1062 adustionis,
1417 1007 1556 1069 ignis,
1594 1006 1832 1069 sulphuris,
1869 1005 2121 1064 bituminis,
2158 1009 2205 1055 in
2228 1011 2400 1070 Verbo,

405 1089 511 1137 quae
529 1073 833 1136 praedicantur
867 1072 924 1118 de
948 1071 1287 1135 cupiditatibus,
1324 1072 1595 1137 cumprimis
1620 1072 1677 1118 de
1701 1073 1769 1127 iis,
1806 1087 1913 1133 quae
1931 1070 2032 1119 sunt
2049 1075 2214 1122 amoris
2228 1075 2324 1132 sui3
2349 1091 2414 1126 utss

378 1138 528 1203 'apud
550 1138 743 1194 Esaiam,
795 1142 830 1164 “
863 1139 1050 1185 Domus·
1086 1138 1322 1184 sanctitatis
1345 1137 1508 1199 nqstra,
1545 1138 1594 1185 &
1630 1137 1767 1184 decus
1807 1136 2028 1194 nostrum,
2065 1138 2147 1186 ubi
2191 1142 2401 1199 laudave-

407 1211 442 1234 “
470 1203 585 1252 ⁴runt
606 1205 678 1250 Te
701 1214 845 1266 patres
871 1203 1026 1259 nostri,
1062 1202 1175 1249 fasta
1198 1203 1260 1250 est
1285 1204 1332 1249 in
1355 1203 1661 1262 combustionem
1684 1204 1812 1264 ignis,
1849 1203 1898 1248 &
1921 1204 2076 1250 omnia
2097 1203 2415 1257 desiderabilia-

407 1276 443 1300 “
477 1269 624 1318 nostra
653 1269 766 1315 facita
788 1267 958 1315 suntin
983 1267 1283 1324 vastitatem,'’
1318 1282 1464 1314 Lxxv:
1510 1284 1612 1316 10..
1653 1267 1800 1330 Apud
1823 1267 2056 1325 Eundem,
2094 1273 2128 1297 “
2161 1273 2414 1338 Concipite-

409 1342 443 1366 “
478 1334 751 1399 quisquilias,
787 1336 927 1397 parite
971 1333 1202 1396 stipulam,
1237 1345 1400 1380 ventus
1440 1332 1599 1398 vester,
1634 1334 1746 1395 ignis
1790 1332 2001 1379 comedet
2037 1349 2140 1391 VOS,
2175 1339 2239 1386 ita
2267 1340 2414 1388 erunt*

410 1408 444 1430 ‘⁴
478 1400 638 1465 populi
664 1400 949 1460 combustiones
965 1399 1128 1454 calcis,
1164 1398 1305 1462 spinae
1327 1397 1487 1446 excisae
1507 1401 1603 1460 igne
1614 1398 1964 1460 succendentur”,
1990 1413 2184 1449 xxxm:
2226 1421 2413 1462 11,..12.,

409 1480 574 1533 praeter
597 1466 708 1513 alibi.
718 1466 976 1515 multoties:
1012 1464 1222 1513 comburi
1240 1466 1288 1513 δε
1312 1465 1430 1528 ignis
1453 1463 1725 1528 praedicatur
1748 1465 1806 1512 de
1838 1463 2180 1528 cupiditatibus,
2215 1471 2323 1533 quia
2344 1471 2416 1518 fi-,.

409 1534 583 1582 militer·
598 1531 640 1580 se
663 1532 840 1580 habent.
2212 1553 2217 1557 ’
2482 1581 2485 1586 .

483 1603 620 1665 1298.
641 1599 786 1663 Qod
802 1597 888 1645 fuit
911 1598 965 1646 iis
981 1598 1091 1646 later
1106 1615 1192 1662 pro
1215 1598 1379 1662 lapide,
1397 1597 1618 1661 significet
1640 1595 1943 1662 quodfalsum
1967 1596 2021 1645 iis
2043 1599 2148 1648 esset
2170 1616 2255 1664 pro
2265 1618 2397 1661 vero,

409 1665 580 1715 constat
602 1681 626 1711 a
647 1664 970 1728 significatione
993 1664 1155 1721 lateris,
1191 1664 1248 1711 de
1269 1679 1361 1727 qua
1385 1679 1496 1724 mox
1517 1663 1646 1727 supra
1667 1644 1792 1727 quod
1818 1663 1872 1710 sit
1891 1660 2051 1712 falsum
2073 1687 2088 1720 ς
2124 1678 2227 1715 tum
2239 1685 2296 1716 ex
2308 1669 2414 1734 fig«
2452 1678 2454 1681 ’

410 1733 664 1779 nificatione
710 1731 898 1794 Lapidis
938 1731 1065 1793 quod
1111 1730 1167 1778 sit
1204 1731 1251 1777 in
1297 1729 1389 1778 lato
1411 1729 1533 1777 sensu
1566 1745 1747 1787 verum,
1781 1728 1839 1776 de
1873 1744 1969 1791 quo
2013 1731 2156 1792 prius,
2191 1750 2250 1782 n:
2287 1736 2398 1800 643.

409 1797 556 1862 Qod
579 1797 778 1859 Lapides
809 1796 1163 1860 significaverint
1185 1812 1366 1854 verum,
1400 1795 1529 1845 causa
1549 1793 1653 1855 fuit,
1687 1795 1817 1859 quod
1854 1796 2036 1842 termini
2075 1798 2417 1861 antiquissimo--

411 1879 515 1911 rum
541 1863 874 1926 designarentur
907 1879 988 1926 per
1002 1863 1216 1926 Lapides,
1252 1864 1301 1912 δε
1316 1863 1444 1927 quod
1460 1864 1682 1926 erigerent
1704 1862 1903 1926 Lapides
1944 1862 1991 1907 in
2013 1862 2157 1922 testeS,
2192 1866 2317 1928 quod
2341 1868 2418 1916 ital

409 1928 484 1975 seu
507 1929 636 1992 quod
658 1945 837 1986 verum,
872 1942 926 1977 ut
949 1928 1121 1976 constat
1137 1946 1193 1976 ex
1214 1929 1396 1993 Lapide
1412 1944 1553 1992 quem
1576 1928 1725 1994 posuit
1748 1926 1946 1991 Jacobus
1966 1927 2014 1974 in
2034 1927 2242 1988 statuam,
2267 1932 2372 1980 Gen
2388 1952 2417 1982 :-

412 2010 606 2042 xxvm:
646 2013 723 2044 22.
757 1996 856 2057 Cap
876 2014 886 2043 :
906 2006 1079 2043 'xxxvz
1125 2012 1183 2056 14
1208 1997 1257 2043 &
1298 2011 1355 2043 ex
1391 1995 1533 2043 statua
1554 1995 1760 2060 lapidum
1785 1992 2155 2043 inter'Labanem
2179 1997 2229 2043 &
2264 1998 2415 2058 Jaco--
2503 2014 2510 2020 ·

412 2060 544 2118 bum,
580 2060 753 2108 Genes:
789 2077 941 2109 xxxx:
977 2062 1060 2122 46,
1096 2076 1178 2125 47,
1217 2078 1301 2124 52:
1331 2063 1379 2109 &
1404 2077 1462 2109 ex
1487 2061 1611 2109 altari
1633 2061 1763 2126 quod
1786 2059 2101 2110 exstruxerunt
2123 2060 2206 2108 filii
2243 2063 2402 2112 Rube-

343 2125 345 2127 ’
413 2128 498 2183 nis,
534 2126 675 2174 Gadis
712 2127 761 2174 &
795 2128 1007 2174 Menassis
1030 2125 1164 2189 juxta
1185 2128 1433 2188 Jordanem
1459 2128 1506 2175 in
1550 2127 1725 2185 testem,
1760 2127 1869 2188 Jos:
1905 2139 2046 2173 xxu:
2090 2143 2164 2182 10,
2201 2131 2290 2185 28,
2319 2146 2411 2193 34..

412 2193 516 2240 inde
539 2194 585 2239 in
600 2192 755 2239 Verbo
778 2208 859 2255 per
881 2193 1050 2257 lapides
1072 2193 1379 2257 significantur
1401 2210 1522 2250 vera,
1546 2191 1686 2255 usque
1710 2192 1841 2248 adeo,
1866 2203 1918 2238 ut
1943 2205 2034 2237 non
2060 2190 2208 2239 solum
2230 2209 2312 2256 per
2333 2195 2399 2243 la·

411 2259 541 2320 pides
563 2258 723 2315 altaris,
749 2258 821 2305 sed
845 2261 978 2306 etiam
1003 2275 1082 2322 per
1103 2259 1270 2321 lapides
1293 2257 1507 2322 pretiosos
1522 2256 1653 2320 super
1671 2258 1870 2305 humeris
1893 2256 2062 2323 ephodi
2085 2257 2328 2316 Aharonis,
2347 2262 2396 2308 δε

414 2323 542 2386 super
558 2323 767 2384 pectorali
777 2322 955 2386 judicii,
990 2325 1237 2386 significata
1258 2324 1344 2371 sint
1366 2323 1508 2370 saneta
1527 2339 1648 2380 vera,
1684 2339 1790 2387 quae
1806 2323 1907 2371 sunt
1929 2323 2094 2372 amoris
2115 2342 2124 2370 ε
2160 2325 2289 2387 quod
2310 2325 2416 2374 Al·-

399 2400 503 2435 -tare
522 2392 694 2446 attinet,
729 2405 838 2436 cum
862 2390 1012 2436 cultus
1036 2391 1239 2453 inceptus
1256 2388 1571 2437 sacrificiorum
1598 2388 1729 2454 super
1751 2389 1978 2446 altaribus,
1997 2399 2107 2436 tunc
2137 2389 2294 2438 Altare
2310 2391 2415 2455 fig-.
2470 2442 2476 2446 „
2556 2447 2558 2452 y

413 2454 621 2502 nificabat
644 2455 818 2502 cultum
865 2454 1277 2519 repraesentativum
1311 2456 1504 2503 Domini
1542 2456 1588 2502 in
1621 2457 1877 2514 communi,
1913 2455 1994 2522 ipsi
2024 2466 2176 2503 autem
2200 2456 2402 2520 Lapides

415 2520 559 2568 samita
575 2537 677 2568 vera
693 2520 811 2569 illius
834 2522 1012 2577 cultus;
1049 2538 1185 2584 quare
1210 2522 1478 2571 mandatum
1502 2533 1554 2568 ut
1583 2521 1881 2570 exstrueretur
1914 2520 2072 2571 Altare
2094 2538 2158 2583 ex.
2173 2521 2413 2586 lapidibus

412 2586 506 2633 inte
543 2587 616 2643 ris,
637 2603 727 2634 non
746 2587 842 2634 caes]
850 2589 945 2644 S,&
962 2587 1244 2651 prohibitum
1258 2604 1314 2635 ne
1333 2585 1503 2635 ferrum
1521 2599 1779 2636 moveretur
1792 2588 1923 2652 super.
1937 2587 2045 2643 illis,
2058 2588 2206 2636 De‘ut:
2232 2603 2398 2637 xxvn:

416 2668 464 2715 5,
501 2602 547 2708 ἔ,
586 2669 634 2716 7.,
666 2651 749 2713 Jos
763 2672 775 2702 z
811 2669 941 2701 vul:
981 2668 1056 2716 31.
1092 2670 1149 2701 ex
1171 2652 1310 2711 causa,
1345 2653 1473 2718 quod
1493 2654 1693 2717 Lapides
1709 2655 1830 2712 caefi,
1865 2654 2063 2717 &super
2091 2669 2205 2716 quos
2226 2651 2398 2701 ferrum

416 2729 614 2776 motum,
634 2719 931 2785 significarent
951 2719 1207 2777 artificialia,
1243 2721 1292 2768 &
1317 2720 1377 2767 fic
1392 2720 1547 2767 fictitia
1570 2720 1735 2776 cultus,
1771 2719 1858 2771 hoc
1880 2720 1960 2778 est,
1994 2734 2100 2782 quae
2115 2734 2170 2765 ex
2192 2721 2396 2782 proprio,

416 2781 487 2830 seu
511 2800 567 2830 ex
591 2785 816 2846 figmento
830 2786 1112 2848 cogitationis
1138 2788 1185 2833 δε
1211 2785 1359 2833 cordis
1377 2785 1594 2843 hominiS,
1623 2786 1750 2845 quod
1781 2797 1873 2833 erat
1893 2784 2171 2848 prophanare
2200 2784 2402 2845 cultum,-

416 2859 468 2895 ut
504 2848 732 2897 manifeste
755 2852 923 2899 dicitur
945 2851 1106 2899 Exod:
1132 2868 1195 2899 xx
1215 2871 1226 2901 ;
1252 2869 1327 2915 25.
1346 2867 1401 2899 ex
1421 2851 1580 2898 eadem
1596 2851 1720 2898 causa
1741 2866 1823 2898 nec
1836 2849 1927 2898 ⁴fuit⁴
1938 2848 2111 2897 ferrum
2127 2861 2307 2898 motum
2326 2851 2397 2899 su-

415 2928 493 2977 per
509 2914 675 2977 lapides
690 2916 902 2978 Templi,
915 2933 933 2963 1
948 2918 1055 2980 Reg
1073 2935 1084 2965 t
1110 2934 1164 2964 vx
1186 2937 1197 2965 :
1238 2933 1280 2981 7.
1307 2917 1452 2979 Qod
1473 2916 1670 2979 Lapides
1683 2915 1859 2978 pretiofi
1878 2914 2007 2979 super
2021 2914 2220 2964 humeris
2229 2916 2397 2980 ephodi

417 2979 659 3038 AharoniS,
694 2981 745 3027 &
769 2982 815 3027 in
829 2983 1042 3043 pediorali
1058 2981 1238 3045 judicii,
1263 2982 1466 3029 {imiliter
1497 2980 1846 3056 fignificayerint
1867 2980 2011 3028 sandia
2033 2996 2153 3041 vera,
2177 2983 2303 3046 prius
2336 2999 2367 3030 n
2382 3001 2412 3031 εΔ

419 3044 1041 3168 fsiazfffflssfssassssaffig?
1058 3045 2031 3177 aaazat-teafldffbsssiffaghfiffe
2047 3047 2398 3178 {550233222235

417 3181 450 3203 “
485 3192 650 3241 ropum
674 3175 782 3224 soles
805 3187 907 3224 tuos
930 3175 1195 3236 (fenestras),
1230 3179 1284 3229 ὅτ,
1303 3188 1455 3241 portas
1487 3187 1583 3225 tuas
1604 3167 1650 3225 in
1669 3179 1854 3240 Lapides
1875 3194 2110 3243 gemmae,.
2128 3180 2179 3227 &
2203 3195 2394 3231 omnem

415 3246 452 3295 .“
485 3243 625 3292 finem
648 3255 782 3296 tuum
807 3243 854 3292 in
876 3243 1062 3309 Lapides
1084 3242 1322 3306 desiderii3
1356 3245 1407 3298 &
1423 3258 1583 3297 omnes
1606 3243 1688 3296 filii
1705 3246 1771 3296 tui
1789 3245 1910 3297 docti
1927 3245 2134 3310 Jehovae,
2167 3245 2219 3295 &
2252 3245 2399 3297 multa

1397 3312 1401 3314 ’
2231 3315 2271 3363 ἕ“
2302 3326 2400 3377 Pax
