2788 3736
370 324 1891 418 324-*G'ENE515L

368 467 538 516 etiamsi
561 465 848 515 crediderunt
864 481 969 529 quae
994 481 1085 513 non
1107 481 1214 514 vera
1236 463 1353 523 sunt,
1391 480 1498 513 nam
1523 465 1569 512 in
1591 465 1747 516 Verbo
1771 468 2018 531 loquutum
2041 467 2104 517 est
2128 467 2378 518 secundum

372 534 664 598 apparentias,
701 534 758 581 de
780 532 943 596 quibus
959 532 1181 589 videatur,
1214 549 1269 579 n:
1297 537 1406 597 589.

445 617 583 665 1009.
619 596 761 647 Vers:
790 599 833 645 6
872 597 1103 661 Effundens
1114 597 1365 660 sanguinem
1392 601 1436 645 in
1453 598 1631 653 homine,
1661 598 1841 662 sanguis
1867 600 1955 662 ejus
1978 598 2245 676 effundetur,
2280 606 2381 666 quia

369 671 415 714 in
439 668 658 729 imaginem
685 667 772 713 Dei
783 665 891 727 fecit
918 666 1131 712 hominem.
1204 664 1454 712 Effundere
1482 665 1745 729 sanguinem
1773 664 2005 712 hominis'
1995 682 2041 713 1n
2065 667 2264 725 homine,
2293 669 2382 731 fig-

376 733 529 779 nificat
550 732 831 796 exstinguere
855 732 1150 787 charitatem,
1188 733 1233 778 in
1257 731 1440 779 homine
1474 731 1536 778 est
1577 731 1700 808 apud
1740 732 2005 780 hominem.
2061 732 2257 796 sanguis
2285 750 2379 793 elus

370 798 645 853 effundetur,
681 798 902 862 fignificat
926 798 1354 846 condemnationem
1379 796 1503 874 ejus:
1542 800 1648 861 quia
1688 798 1734 844 in
1766 799 2016 862 imaginem
2038 800 2127 847 Dei
2161 798 2268 847 fecit
2297 800 2387 853 h0-,
2440 828 2445 830 -

372 866 563 922 minem,
599 865 820 929 fignificat
845 865 1123 920 charitatem,
1159 881 1265 928 quae
1300 864 1399 912 est
1389 880 1543 928 imago
1566 865 1669 912 Dei.

446 949 584 980 1010.
614 931 858 979 Effundere
882 931 1141 994 sanguinem
1168 931 1399 979 hominis
1389 947 1436 977 1n
1460 932 1662 988 homine,
1698 931 1826 994 quod
1850 931 2073 995 significet
2096 929 2380 996 exstinguere

370 995 648 1054 charitatem,
687 999 770 1045 ὅτ
761 1015 807 1045 ιη
824 997 1014 1045 homine
1031 998 1084 1044 sit
1108 998 1230 1060 apud
1249 997 1500 1053 hominem,
1527 997 1697 1045 constat
1715 1013 1770 1044 ex
1787 997 2111 1062 significatione
2134 997 2380 1062 sanguinis,

371 1062 429 1109 de
453 1080 546 1141 qua
565 1066 705 1128 prius,
742 1063 869 1128 quod
892 1064 945 1111 fit
969 1063 1168 1111 sanctum
1195 1063 1436 1119 charitatiS,
1474 1065 1522 1110 δε
1561 1080 1616 1110 ex
1647 1079 1704 1110 eo
1726 1065 1855 1127 quod
1879 1064 2054 1111 dicatur
2094 1063 2270 1127 sanguis
2295 1065 2377 1112 ho-

374 1130 510 1178 minis
534 1132 581 1177 in
605 1130 805 1186 homine,
843 1130 928 1177 hoc
952 1130 1031 1186 est,
1059 1132 1231 1176 interna
1253 1128 1347 1193 ejus
1370 1131 1479 1186 vita,
1505 1145 1611 1193 quae
1635 1145 1727 1176 non
1751 1130 1847 1176 est
1838 1147 1883 1176 in
1906 1147 1977 1186 eo,
2006 1129 2082 1177 sed
2106 1131 2226 1194 apud
2252 1144 2399 1190 eum,

371 1211 479 1243 nam
504 1199 597 1244 vita
620 1196 796 1243 domini
821 1195 889 1242 est
907 1196 1108 1252 charitas,
1145 1212 1250 1258 quae
1277 1212 1367 1244 non
1392 1194 1488 1243 est
1478 1212 1524 1242 in
1548 1196 1750 1252 homine,
1786 1197 1893 1259 quia
1933 1196 2075 1244 homo
2108 1196 2171 1243 est
2195 1196 2381 1260 spurcus

375 1262 425 1309 &
449 1263 728 1327 prophanuS,
765 1261 839 1308 sed
862 1262 983 1325 apud
1008 1262 1273 1308 hominem.
1311 1261 1438 1325 quod
1463 1260 1693 1308 effundere
1718 1261 1995 1338 sanguinem,
2031 1262 2086 1310 fit
2115 1263 2379 1312 violentiam

373 1327 588 1375 Charitati
629 1326 805 1385 inferre,
855 1327 1026 1375 constat
1061 1344 1087 1375 a
1125 1326 1236 1374 locis
1261 1327 1418 1384 Verbi,
1454 1327 1503 1374 &
1551 1327 1638 1374 illis
1675 1343 1781 1390 quae
1822 1330 1947 1391 prius
1985 1345 2044 1376 n:
2074 1343 2169 1390 374
2192 1329 2242 1376 &
2268 1332 2376 1395 376.

370 1394 499 1441 allata
521 1394 638 1451 sunt,
675 1394 755 1441 ubi
779 1393 1021 1470 ostensum,
1057 1394 1185 1457 quod
1210 1394 1424 1441 violentia
1463 1393 1582 1441 illata
1606 1393 1806 1441 charitati
1831 1394 2006 1443 dicatur
2028 1393 2222 1458 sanguis.
2292 1395 2379 1444 Ef-

371 1458 559 1508 fundere
583 1460 847 1524 sanguinem
875 1463 922 1507 in
958 1459 1082 1507 sensu
1107 1461 1248 1507 literae
1282 1460 1345 1506 est
1369 1459 1589 1517 occidere,
1626 1460 1733 1507 sed
1723 1477 1768 1508 m
1793 1459 1916 1507 sensu
1939 1461 2115 1508 interno
2137 1461 2200 1508 est
2222 1462 2383 1510 odium

371 1525 532 1574 habere
556 1539 714 1575 contra
736 1527 1022 1590 proximum,
1059 1538 1111 1573 ut
1131 1526 1363 1574 Dominus
1403 1527 1555 1584 docet,
1593 1526 1715 1590 apud
1743 1527 2038 1584 Matthaeum,
2077 1532 2111 1554 “
2129 1527 2384 1576 Audivistis

374 1598 407 1619 ‘⁶
442 1593 568 1656 quod
590 1593 814 1641 veteribus
842 1593 1017 1640 dictum
1053 1591 1122 1649 sit,
1160 1608 1252 1640 non
1286 1593 1472 1650 Occides,
1509 1592 1974 1656 quisquisncciderit,
2015 1592 2251 1652 ,obnoxius
2295 1597 2378 1643 erit

376 1664 411 1685 ‘⁶
438 1656 647 1722 judicio:
700 1660 808 1722 Ego
830 1675 940 1707 vero
965 1659 1070 1706 dico
1091 1658 1240 1714 vobis,
1275 1660 1404 1722 quod
1427 1658 1627 1722 quisquis
1667 1660 1870 1721 irascitur
1909 1658 2032 1706 fratri
2073 1658 2152 1706 suo
2190 1672 2376 1720 temere,

383 1730 417 1751 “
454 1724 678 1773 obnoxius
702 1727 784 1773 erit
803 1723 1030 1787 judicio,”
1065 1741 1127 1773 v:
1163 1742 1241 1780 21,
1279 1742 1354 1773 22.
1376 1725 1513 1772 'irasci
1535 1724 1607 1772 hic
1637 1725 1857 1788 fignificat
1880 1725 2083 1772 recedere
2104 1742 2131 1772 a
2153 1726 2379 1786 charitate,

375 1790 433 1838 de
457 1807 553 1854 quo
576 1792 782 1839 videatur
805 1794 929 1855 prius
953 1807 1010 1839 n:
1038 1807 1150 1855 357,
1187 1790 1378 1855 proinde
1400 1791 1463 1839 est
1485 1791 1674 1846 odium;
1710 1793 1789 1854 qui
1815 1793 1860 1838 in
1883 1791 1991 1838 odio
2014 1790 2092 1848 est,
2117 1807 2208 1839 non
2233 1792 2378 1842 solum

374 1857 546 1905 nullam
571 1858 830 1906 charitatem
853 1857 1000 1914 habet,
1036 1857 1110 1904 sed
1133 1859 1268 1904 etiam
1300 1858 1564 1906 violentiam
1589 1855 1721 1905 infert
1744 1857 1962 1915 charitati,
1999 1857 2085 1904 hoc
2115 1859 2195 1916 est,
2233 1859 2380 1907 effun-

374 1923 443 1970 dit
467 1922 761 1987 sanguinem·,
798 1926 843 1972 in
868 1924 978 1971 odio
1000 1923 1064 1971 est
1088 1923 1177 1987 ipsa
1201 1924 1364 1971 occifio
1387 1925 1600 1981 hominiS,
1636 1924 1762 1986 quod
1785 1941 1840 1970 ex
1862 1941 1916 1973 eo
1939 1921 2169 1971 manifeste
2190 1925 2378 1983 constat,

377 1990 522 2051 quod,
546 1992 626 2053 qui
650 1992 696 2037 in
719 1991 829 2038 odio
848 1989 930 2047 est,
951 1989 1060 2036 nihil
1084 1990 1187 2053 plus
1209 2003 1354 2055 optet,
1379 2007 1517 2055 quam
1542 2003 1594 2038 ut
1616 1989 1725 2038 alter
1746 1991 2012 2045 occidatur·,
2049 1991 2095 2036 δι
2123 1991 2206 2037 nisi
2219 1993 2379 2039 vincu-

376 2054 418 2101 la
441 2068 622 2102 externa
645 2057 935 2119 impedirent,
971 2057 1228 2112 occideret;
1265 2073 1400 2120 quare
1436 2057 1600 2104 occifio
1639 2058 1784 2103 fratris
1822 2057 1872 2103 &
1905 2026 2062 2103 effusio
2086 2054 2309 2119 sanguinis
2332 2074 2377 2104 e-

370 2118 449 2183 jus
473 2121 536 2167 est
560 2123 738 2178 odium,
773 2123 824 2170 ὅτ
848 2138 955 2169 cum
978 2122 1154 2178 odium,
1190 2122 1253 2169 est
1276 2122 1433 2170 talem
1474 2124 1717 2186 unaquavis
1758 2122 1857 2168 idea
1895 2119 2006 2183 ejus,
2059 2134 2214 2168 contra
2253 2139 2375 2170 eum.

383 2187 605 2235 Similiter
628 2187 669 2235 se
688 2205 754 2235 res
778 2188 910 2236 habet
933 2204 1040 2235 cum
1065 2188 1432 2251 prophanatione,
1469 2192 1549 2252 qui
1574 2187 1825 2251 prophanat
1862 2186 2073 2242 verbum,
2108 2199 2160 2234 ut
2183 2188 2376 2246 dietum,

382 2254 418 2298 is
452 2256 688 2302 veritatem
713 2271 804 2302 non
830 2254 977 2302 solum
1000 2254 1109 2301 odio
1131 2254 1278 2310 habet,
1306 2254 1379 2300 sed
1404 2257 1540 2301 etiam
1565 2253 1809 2316 exstinguit
1833 2251 1905 2299 seu
1930 2265 2089 2308 necat,
2126 2254 2251 2316 quod
2283 2271 2378 2303 ma-

379 2317 532 2368 nifeste
557 2320 728 2368 constat
750 2321 837 2371 ab
827 2322 895 2377 iis,
932 2321 1011 2383 qui
1039 2320 1391 2383 prophanarunt,
1429 2322 1475 2366 in
1497 2320 1630 2367 altera
1652 2322 1763 2372 vita,
1799 2331 2029 2382 utcunque
2078 2333 2259 2367 externa
2282 2319 2377 2379 forss
2417 2351 2421 2355 -

380 2401 455 2432 ma
477 2399 778 2449 apparuerunt
802 2386 989 2441 honesti,
1026 2385 1256 2448 sapientes,
1282 2385 1453 2442 devoti,
1480 2402 1589 2433 cum
1611 2387 1824 2432 vixerunt
1847 2387 1893 2431 in
1927 2401 2136 2448 corpore,
2174 2387 2220 2433 in
2246 2386 2378 2435 altera

381 2452 474 2498 vita
490 2453 765 2499 interneciuo
785 2453 893 2499 odio
915 2451 1079 2499 habent
1100 2452 1378 2508 Dominum,
1415 2453 1463 2499 &
1482 2454 1635 2499 omnia
1657 2451 1777 2498 bona
1799 2453 1964 2498 amoris
1981 2452 2029 2498 ὅτ
2057 2467 2158 2497 vera
2174 2452 2377 2510 fidei,e·x

381 2516 521 2574 causa,
556 2521 663 2581 quia
686 2519 902 2566 contraria
925 2517 1026 2564 sunt
1050 2533 1210 2564 eorum
1234 2518 1447 2565 intestinis
1474 2519 1605 2572 odiis,
1631 2519 1794 2581 rapinis
1816 2518 1866 2565 &
1888 2517 2131 2573 adulteriis,
2164 2534 2269 2581 quae
2295 2519 2376 2566 ob

380 2584 585 2631 velarunt
606 2584 765 2648 specie
789 2583 941 2641 sanni,
976 2585 1059 2632 &
1047 2600 1096 2630 in
1119 2583 1184 2630 sui
1207 2581 1411 2633 favorem
1436 2584 1822 2632 adulteraverunt.
1857 2583 1984 2646 quod
2001 2583 2297 2658 prophanatio
2320 2585 2375 2632 sit

382 2649 576 2713 sanguis,
613 2664 776 2713 praeter
799 2651 853 2697 ab
877 2650 962 2698 illis
986 2649 1113 2702 locis,
1149 2666 1254 2713 quae
1279 2651 1402 2714 prius
1426 2668 1456 2697 n
1483 2666 1578 2715 374
1603 2650 1794 2697 adducta
1817 2648 1933 2706 sunt,
1969 2650 2102 2695 etiam
2137 2649 2193 2696 ab
2221 2649 2309 2697 hoc
2330 2667 2375 2698 a-

384 2718 481 2777 pud
510 2717 669 2764 Mosen
693 2717 880 2774 constat,
935 2721 969 2743 “
1049 2715 1212 2778 uisquis
1246 2733 1270 2762 e
1306 2716 1449 2764 domo
1473 2716 1654 2772 IsraeliS,
1687 2717 1770 2778 qui
1794 2715 2054 2761 mactaverit
2083 2714 2263 2772 bovem,
2300 2730 2377 2764 aut

386 2787 419 2807 “
455 2799 642 2845 agnum,
669 2796 745 2830 aut
769 2799 966 2846 capram,
1003 2783 1048 2828 in
1072 2781 1237 2851 castris,
1274 2795 1350 2828 aut
1368 2784 1449 2846 qui
1475 2783 1738 2830 mastaverit
1759 2793 1886 2827 extra
1907 2777 2059 2830 castra
2093 2779 2143 2826 δε
2180 2781 2237 2827 ad
2271 2782 2375 2829 osti-

385 2852 417 2872 “
454 2863 535 2893 um
555 2850 764 2895 Tentorii
788 2861 1036 2896 conventus
1059 2864 1152 2894 non
1178 2848 1415 2895 adduxerit
1455 2849 1569 2895 illud
1593 2847 1648 2893 ad
1670 2845 1950 2893 offerendum
1987 2860 2152 2891 munus
2187 2846 2379 2907 Jehovae

388 2918 422 2938 “
456 2929 607 2959 coram
626 2914 905 2961 Habitaculo
928 2915 1136 2975 Jehovae,
1173 2916 1353 2975 Sanguis
1376 2913 1653 2976 reputabitur
1675 2914 1776 2957 viro
1799 2910 1885 2967 isti,
1927 2912 2175 2972 Sanguinem
2207 2913 2375 2975 effudit,

388 2981 423 3004 “
459 2980 508 3025 &
537 2978 816 3026 exscindetur
850 2982 918 3026 vir
951 2980 1028 3026 iste
1063 2996 1088 3025 e
1127 2979 1280 3025 medio
1302 2979 1460 3041 populi
1483 2978 1596 3034 sui,”
1619 2977 1749 3023 Lev:
1776 2992 1916 3022 xvu:
1954 2994 2000 3039 3,
2026 2996 2072 3036 4.
2109 2976 2377 3030 sanctificare

386 3043 490 3090 alibi
525 3059 661 3105 quam
680 3043 809 3106 super
825 3045 964 3100 altari,
998 3042 1157 3107 quod
1140 3056 1271 3104 Juxta
1289 3045 1551 3098 tentorium,
1576 3040 1916 3104 repraesentabat
1938 3042 2370 3106 prophanationem·
2359 3070 2375 3104 ;

384 3126 490 3157 nam
514 3109 752 3156 sacrificare
782 3122 873 3156 erat
889 3109 1113 3164 sanctum,
1149 3120 1194 3157 at
1215 3110 1260 3155 in
1278 3125 1343 3155 ca
1349 3111 1425 3155 tris
1457 3110 1531 3155 &-
1526 3121 1661 3154 extra
1690 3108 1826 3156 castra
1858 3108 2157 3172 prophanum.
2412 3170 2415 3173 .

456 3193 540 3224 101
556 3194 591 3223 1.
645 3176 836 3238 Sanguis
887 3173 982 3236 ejus
1027 3173 1299 3230 effundetur,
1351 3174 1478 3236 quod
1532 3173 1750 3237 significet
1799 3174 2224 3230 condemnationem
2259 3173 2374 3238 ejus,

385 3242 558 3289 constat
579 3257 635 3288 ex
657 3243 708 3288 iis
730 3257 837 3304 quse
862 3240 984 3298 dieta
1004 3238 1131 3286 sunt:
1167 3255 1222 3286 ex
1246 3239 1367 3287 sensu
1391 3242 1531 3288 literae
1565 3240 1645 3297 est,
1681 3240 1807 3304 quod
1846 3239 2011 3287 effusor
2046 3239 2267 3304 sanguinis
2303 3239 2375 3289 seu

382 3308 550 3356 occisor
574 3320 719 3356 morte
742 3296 1025 3371 puniendus,
1062 3307 1108 3353 in
1133 3304 1254 3354 sensu
1309 3319 1457 3356 autem
1497 3308 1689 3365 interno,
1739 3308 1819 3372 qui
1855 3306 2016 3357 odium
2056 3306 2188 3355 habet
2221 3319 2378 3357 contra

2115 3371 2380 3436 proximum
