2788 3736
408 272 534 314 120
893 237 1866 320 GENESIS:

421 490 2393 608 &QQQQQQQQQQQQQQQQQQQQQQQ

402 681 696 770 Exempla
745 676 1022 767 quaedam
1079 701 1116 740 a
1170 675 1483 764 spiritibus,
1533 676 1684 764 quid
1730 680 2124 764 cogitaverint
2178 680 2250 747 in*
2274 685 2396 764 vita

871 780 1152 865 corporis,
1212 775 1288 840 de
1322 779 1526 840 anima
1559 793 1666 841 aut
1710 775 1935 864 spin'tu.

406 985 533 1037 443.
576 963 723 1068 IN
749 960 906 1017 altera
941 958 1054 1011 vita
1079 956 1318 1027 manifeste
1346 958 1597 1028 percipere
1619 956 1784 1021 datur,
1822 978 1943 1032 quas.
1971 979 1996 1012 o
2026 962 2202 1014 iniones
2222 962 2416 1017 habuc-⁷

437 1070 443 1076 ν
663 1035 796 1096 rint,
834 1052 938 1086 cum
977 1032 1210 1083 vixerunt
1249 1030 1304 1082 in
1326 1043 1532 1101 corpore,
1569 1030 1627 1083 de
1648 1031 1828 1096 anima,
1867 1033 1923 1085 de
2019 1034 2029 1045 '
2057 1036 2149 1097 itu,
2167 1071 2172 1076 ,
2187 1035 2244 1088 de
2286 1038 2399 1089 vita

397 1113 498 1185 post
535 1121 760 1178 mortem3
799 1125 909 1158 nam
948 1123 1052 1158 cum
1084 1114 1305 1166 tenentur
1352 1104 1406 1156 in
1413 1104 1578 1172 statu,
1616 1106 1747 1176 qucfi
1780 1106 1915 1178 ffnt
1950 1108 2005 1159 in
2041 1120 2245 1179 corpore,
2283 1119 2399 1164 tunc

389 1185 620 1257 stmiliter
644 1182 871 1251 cogitant,
909 1179 966 1231 ἔθ’
997 1176 1221 1248 cogitatio
1244 1187 1345 1229 tam
1361 1177 1606 1249 perspicue
1641 1179 2028 1244 communicatur,
2066 1200 2126 1234 ac
2145 1183 2204 1251 st
2235 1193 2399 1252 aperte

406 1260 704 1330 loquerentur
725 1275 742 1306 .·
795 1273 828 1305 a
858 1250 1067 1324 quodam,
1130 1250 1213 1321 qui
1255 1260 1367 1302 ante
1399 1262 1610 1321 paucum
1657 1263 1837 1322 tempus
1873 1252 2135 1326 decefferat‚
2182 1257 2395 1326 percepi,

407 1331 530 1405 quod
557 1330 701 1382 etiam
727 1324 904 1398 fcffcs,
957 1323 1079 1395 quod
1084 1388 1091 1395 .
1110 1322 1295 1395 quidem
1337 1323 1599 1376 crediderit
1619 1324 1874 1396 spiritum,
1896 1325 1992 1396 sed
2018 1327 2140 1398 quod
2177 1327 2400 1381 victurus

409 1406 566 1458 vitam
602 1401 856 1473 obscuram,
895 1418 953 1450 ex
995 1397 1153 1468 calda,
1171 1396 1227 1466 fi
1259 1396 1612 1467 affraheretur
1630 1399 1636 1404 ’
1657 1398 1770 1451 vita
1806 1399 2027 1470 corporis,
2079 1399 2202 1472 quod
2239 1421 2399 1455 rema-

409 1488 541 1531 neret
579 1475 815 1545 obscurum
838 1471 959 1544 quid
967 1493 986 1534 ς
1017 1470 1174 1549 poluit
1206 1470 1330 1523 enim
1354 1471 1408 1523 in
1430 1481 1622 1542 corpore
1655 1471 1846 1536 vitam,
1882 1491 2031 1543 quare
2053 1472 2223 1526 habuit
2245 1474 2401 1528 ideam

410 1552 466 1604 de
487 1550 695 1621 spiritu,
719 1548 846 1618 sicut
889 1544 944 1597 de
988 1545 1166 1606 larva}
1187 1543 1331 1614 seque
1373 1544 1678 1614 confirmavit
1716 1564 1788 1597 ex»
1799 1564 1862 1608 eo,
1901 1545 2023 1617 quod
2039 1545 2227 1602 viderit
2250 1547 2399 1601 bruta

410 1642 579 1696 quoque
626 1622 783 1673 vitam
830 1617 1016 1680 habere,
1045 1628 1184 1687 peene
1207 1617 1339 1686 sicut
1380 1617 1587 1670 homines·
1598 1644 1615 1681 ς
1658 1619 1864 1670 miratus
1896 1637 2025 1670 nunc.
2053 1619 2175 1691 quod
2186 1621 2400 1691 spiritus

411 1699 467 1750 &²
511 1695 670 1765 angeli
704 1694 757 1744 in
763 1691 957 1761 stimma
1005 1690 1105 1743 luce
1146 1690 1342 1752 vivant,
1381 1690 1434 1741 in
1456 1690 1648 1759 summa
1692 1690 2034 1760 intelligentia,
2047 1692 2298 1763 sapientia
2339 1695 2398 1747 ἐξ

393 1769 659 1840 felicitate,
697 1785 802 1818 cum
843 1763 937 1815 tali
969 1762 1278 1832 perceptione,
1317 1773 1372 1814 ut
1414 1764 1507 1815 vix
1547 1762 1749 1833 describi
1785 1773 1959 1835 queat,
1997 1765 2074 1816 ita
2117 1765 2309 1820 minime
2346 1768 2400 1821 in

411 1843 526 1896 vita
557 1840 764 1914 obscura,
786 1836 881 1908 sed
899 1836 952 1886 in
977 1836 1114 1887 clara
1137 1833 1194 1888 &³
1219 1834 1570 1905 distinolifflma.
2415 1839 2418 1842 ’

488 1932 614 1983 444.
650 1915 894 1983 Loquutus
917 1927 1023 1961 cum
1047 1907 1256 1979 quodam,
1295 1909 1377 1980 qui
1413 1908 1524 1960 dum
1562 1909 1698 1961 vixit
1737 1909 1791 1960 in
1834 1909 2017 1974 mundo,
2055 1911 2265 1964 credidit
2285 1908 2399 1984 spiss

413 1989 564 2041 ritum
599 2005 687 2038 non
719 1984 799 2056 effe
841 1981 1091 2051 extensum,
1146 2001 1204 2033 ex
1246 2000 1332 2052 quo
1359 1980 1603 2051 principio
1645 2000 1730 2034 nec
1766 1982 1910 2034 ullam
1953 2001 2109 2035 vocem
2147 1983 2401 2042 admittere

410 2061 578 2123 voluit,
616 2078 720 2130 quae
754 2054 1019 2108 involveret
1055 2053 1305 2123 extensum,
1343 2054 1552 2125 quaestvi,
1597 2054 1716 2125 quid
1748 2053 1873 2106 nunc
1898 2056 2088 2125 sentiat
2124 2056 2180 2109 de
2205 2058 2279 2128 se,
2317 2059 2401 2131 qui

414 2135 474 2205 est
507 2116 684 2187 anima⁰
695 2141 781 2183 aut
800 2127 1028 2199 spiritus,
1066 2126 1187 2198 quod
1205 2126 1359 2198 vistim
1382 2126 1569 2190 habeat,
1607 2127 1729 2198 quod
1745 2127 1980 2191 auditum,
2018 2129 2136 2200 quod
2157 2130 2400 2200 offacium,

343 2206 345 2209 ’
413 2208 534 2279 quod
564 2208 745 2259 tactum
783 2201 1087 2273 exquisitum,
1108 2198 1227 2271 quod
1255 2198 1554 2270 cupiditates,
1591 2199 1714 2271 quod
1730 2200 2074 2270 cogitationem,
2111 2203 2248 2275 usque
2269 2204 2399 2270 adeo,

414 2293 468 2333 ut
500 2281 558 2351 β’
591 2267 728 2350 putet
757 2273 952 2346 prorsus
990 2274 1120 2344 quali
1154 2273 1207 2324 in
1247 2284 1435 2343 corpore
1456 2293 1474 2323 .-
1513 2271 1764 2325 tenebatur
1806 2273 1860 2324 in
1900 2273 2025 2338 idea,
2065 2276 2120 2328 in
2143 2294 2239 2348 qua
2260 2279 2420 2347 suit,

414 2373 519 2406 cum
557 2354 632 2404 ita
676 2348 911 2420 cogitavit
934 2347 987 2398 in
1011 2345 1194 2408 mundO,
1231 2358 1345 2398 tunc
1369 2345 1514 2408 dixit,
1552 2345 1674 2416 quod
1694 2346 1908 2416 spiritus
1930 2349 2005 2418 stt
2028 2349 2254 2419 cogitatio
2272 2378 2288 2415 3
2309 2352 2407 2423 fid

416 2427 461 2479 ei
485 2423 748 2497 respondere
773 2420 982 2474 dabatur
1005 2420 1136 2489 ficut
1160 2418 1352 2490 vixff’t
1374 2419 1428 2471 in
1461 2419 1644 2481 mundo,
1681 2438 1803 2472 anne
1807 2420 1961 2490 stiat,
2000 2423 2123 2494 quod
2139 2423 2271 2493 visus
2292 2444 2400 2478 cor-

408 2511 576 2570 poreus
619 2517 706 2548 non
747 2494 878 2565 poffi't
911 2492 1101 2560 existere
1144 2490 1310 2563 abspue
1346 2511 1521 2562 organo
1563 2491 1693 2562 visus
1718 2493 1810 2562 seu
1851 2494 1990 2558 oculo,
2029 2496 2239 2567 quomodo
2271 2498 2423 2568 ‘vistis'

417 2574 630 2636 internus
654 2569 743 2640 seu
781 2567 1020 2637 cogitatiO,
1058 2567 1210 2617 annon
1253 2566 1299 2616 ei
1316 2564 1585 2634 substantia
1609 2567 1854 2636 organica,
1892 2586 1952 2619 ex
1987 2572 2086 2638 *qua
2104 2590 2123 2621 .-
2160 2565 2420 2642 tuncfgg-

322 2666 328 2672 ·
419 2646 568 2707 novit,
630 2642 751 2714 quod
784 2642 836 2693 in
875 2639 987 2692 vita
1026 2639 1230 2710 corporis
1258 2637 1513 2709 phantafia
1551 2658 1607 2699 ea
1645 2639 1958 2703 laboraverit,
1995 2641 2119 2712 quod
2139 2644 2401 2712 putaverit

403 2718 639 2791 spiritum
683 2714 806 2767 modo
843 2712 922 2785 ‘ff’
947 2712 1282 2782 Cogitationem
1321 2711 1487 2782 abspue
1519 2712 1644 2764 omni
1680 2713 1918 2782 organico,
1938 2714 2031 2784 seu
2053 2710 2231 2784 eittenss
2250 2715 2282 2766 .·’
2306 2709 2420 2770 'ad-'

420 2790 636 2851 debatur,
654 2790 709 2857 st
729 2787 913 2839 Anima
940 2785 1030 2856 seu
1056 2785 1268 2857 spiritus
1312 2785 1550 2854 Cogitatio
1591 2784 1717 2837 modo
1755 2784 1873 2855 effit,
1930 2785 2053 2856 quod
2089 2805 2178 2838 non
2220 2787 2398 2842 homini

420 2875 526 2932 opus
565 2872 697 2913 tanto
735 2858 948 2920 Cerebro‚
987 2877 1091 2910 cum
1121 2869 1275 2921 totum„
1292 2856 1546 2910 cerebrum
1559 2858 1633 2927 sit
1656 2857 1932 2926 organicum
1956 2858 2176 2929 sensuum
2220 2861 2398 2915 interi-

421 2954 554 2988 orum
574 2961 589 2997 3
607 2934 663 3002 st
696 2933 775 2984 hoc
799 2950 886 2982 non
911 2931 1069 3000 foret,
1098 2929 1314 3002 potuiffi’t
1349 2929 1568 2982 cranium
1611 2928 1691 3000 effi
1733 2941 2034 2994 excavatum,
2073 2933 2130 2984 &³
2175 2935 2401 3004 cogitatio

421 3009 556 3079 idque
597 3004 720 3059 inibi
762 3022 903 3073 agere
929 3003 1202 3074 spiritum,
1251 3022 1310 3054 ex
1330 3001 1428 3073 filo
1465 3002 1562 3064 hoc,
1599 3013 1702 3053 tum
1748 3021 1808 3054 ex
1845 3005 2108 3073 operatione
2130 3008 2307 3061 animae
2331 3010 2399 3062 -in

420 3080 651 3152 musculos,
695 3077 829 3149 usque
871 3087 926 3127 ut
950 3087 1095 3129 motus
1134 3075 1266 3127 tanti
1307 3074 1526 3145 existant,
1546 3073 1766 3150 ¹corylare
1789 3077 1835 3128 ei
1857 3087 2102 3148 potuerat,
2141 3081 2264 3152 quod
2283 3082 2397 3153 spi.

564 3175 567 3176 ’
1972 3161 1980 3165 ‘
2272 3155 2399 3207 ritus
