<?xml version="1.0" encoding="UTF-8"?>
<!DOCTYPE html PUBLIC "-//W3C//DTD XHTML 1.0 Transitional//EN"
    "http://www.w3.org/TR/xhtml1/DTD/xhtml1-transitional.dtd">
<html xmlns="http://www.w3.org/1999/xhtml" xml:lang="en" lang="en">
 <head>
  <title>
</title>
<meta http-equiv="Content-Type" content="text/html;charset=utf-8" />
  <meta name='ocr-system' content='tesseract 3.04.00' />
  <meta name='ocr-capabilities' content='ocr_page ocr_carea ocr_par ocr_line ocrx_word'/>
</head>
<body>
  <div class='ocr_page' id='page_1' title='image "arcanacaelestiaq01sweduoft_0608.png"; bbox 0 0 2788 3736; ppageno 0'>
   <div class='ocr_carea' id='block_1_1' title="bbox 412 220 1989 351">
    <p class='ocr_par' dir='ltr' id='par_1_1' title="bbox 412 220 1989 351">
     <span class='ocr_line' id='line_1_1' title="bbox 412 220 1989 351; baseline -0.001 -22"><span class='ocrx_word' id='word_1_1' title='bbox 412 220 606 351; x_wconf 34' lang='lat'>‘398</span> <span class='ocrx_word' id='word_1_2' title='bbox 1014 255 1077 326; x_wconf 78' lang='lat' dir='ltr'><em>G</em></span> <span class='ocrx_word' id='word_1_3' title='bbox 1169 253 1234 325; x_wconf 82' lang='lat' dir='ltr'><em>E</em></span> <span class='ocrx_word' id='word_1_4' title='bbox 1324 252 1410 326; x_wconf 80' lang='lat' dir='ltr'><em>N</em></span> <span class='ocrx_word' id='word_1_5' title='bbox 1492 252 1573 325; x_wconf 76' lang='lat' dir='ltr'>E*</span> <span class='ocrx_word' id='word_1_6' title='bbox 1626 254 1989 334; x_wconf 52' lang='lat' dir='ltr'>ts-‘Jza</span> 
     </span>
    </p>
   </div>
   <div class='ocr_carea' id='block_1_2' title="bbox 421 380 2555 3368">
    <p class='ocr_par' dir='ltr' id='par_1_2' title="bbox 471 380 2482 474">
     <span class='ocr_line' id='line_1_2' title="bbox 471 380 2482 474; baseline -0.001 -19"><span class='ocrx_word' id='word_1_7' title='bbox 471 380 657 474; x_wconf 67' lang='lat' dir='ltr'>pioprie</span> <span class='ocrx_word' id='word_1_8' title='bbox 681 418 772 455; x_wconf 88' lang='lat' dir='ltr'>non</span> <span class='ocrx_word' id='word_1_9' title='bbox 795 402 859 452; x_wconf 83' lang='lat' dir='ltr'>est</span> <span class='ocrx_word' id='word_1_10' title='bbox 880 403 1004 451; x_wconf 82' lang='lat' dir='ltr'>aliud</span> <span class='ocrx_word' id='word_1_11' title='bbox 1027 416 1168 467; x_wconf 85' lang='lat' dir='ltr'>quam</span> <span class='ocrx_word' id='word_1_12' title='bbox 1183 402 1313 451; x_wconf 79' lang='lat' dir='ltr'>&#39;visus</span> <span class='ocrx_word' id='word_1_13' title='bbox 1335 402 1471 467; x_wconf 77' lang='lat' dir='ltr'>ipsius</span> <span class='ocrx_word' id='word_1_14' title='bbox 1495 401 1673 467; x_wconf 86' lang='lat' dir='ltr'>spiritus</span> <span class='ocrx_word' id='word_1_15' title='bbox 1707 401 1896 450; x_wconf 63' lang='lat' dir='ltr'>eduffihis</span> <span class='ocrx_word' id='word_1_16' title='bbox 1932 395 2068 461; x_wconf 80' lang='lat' dir='ltr'>foraS,</span> <span class='ocrx_word' id='word_1_17' title='bbox 2103 403 2152 453; x_wconf 69' lang='grc' dir='ltr'>ἃ</span> <span class='ocrx_word' id='word_1_18' title='bbox 2187 404 2376 470; x_wconf 77' lang='lat' dir='ltr'>&#39;quidem</span> <span class='ocrx_word' id='word_1_19' title='bbox 2417 406 2482 458; x_wconf 88' lang='lat' dir='ltr'>ob</span> 
     </span>
    </p>

    <p class='ocr_par' dir='ltr' id='par_1_3' title="bbox 421 469 2483 735">
     <span class='ocr_line' id='line_1_3' title="bbox 421 469 2477 538; baseline -0 -15"><span class='ocrx_word' id='word_1_20' title='bbox 421 472 434 479; x_wconf 66' lang='grc'><strong>”</strong></span> <span class='ocrx_word' id='word_1_21' title='bbox 472 475 616 523; x_wconf 77' lang='lat' dir='ltr'>finem</span> <span class='ocrx_word' id='word_1_22' title='bbox 658 472 900 537; x_wconf 88' lang='lat' dir='ltr'>imprimis,</span> <span class='ocrx_word' id='word_1_23' title='bbox 936 482 989 517; x_wconf 89' lang='lat' dir='ltr'>ut</span> <span class='ocrx_word' id='word_1_24' title='bbox 1028 470 1084 517; x_wconf 90' lang='lat' dir='ltr'>ab</span> <span class='ocrx_word' id='word_1_25' title='bbox 1107 470 1299 517; x_wconf 87' lang='lat' dir='ltr'>externis</span> <span class='ocrx_word' id='word_1_26' title='bbox 1331 471 1483 517; x_wconf 86' lang='lat' dir='ltr'>videat</span> <span class='ocrx_word' id='word_1_27' title='bbox 1524 471 1712 527; x_wconf 87' lang='lat' dir='ltr'>interna,</span> <span class='ocrx_word' id='word_1_28' title='bbox 1748 469 1837 517; x_wconf 86' lang='lat' dir='ltr'>hoc</span> <span class='ocrx_word' id='word_1_29' title='bbox 1876 469 1955 527; x_wconf 92' lang='lat' dir='ltr'>est,</span> <span class='ocrx_word' id='word_1_30' title='bbox 2008 470 2060 518; x_wconf 84' lang='lat' dir='ltr'>ut</span> <span class='ocrx_word' id='word_1_31' title='bbox 2105 470 2162 518; x_wconf 90' lang='lat' dir='ltr'>ab</span> <span class='ocrx_word' id='word_1_32' title='bbox 2200 473 2388 538; x_wconf 64' lang='lat' dir='ltr'>objectis</span> <span class='ocrx_word' id='word_1_33' title='bbox 2429 476 2477 523; x_wconf 92' lang='lat' dir='ltr'>in</span> 
     </span>
     <span class='ocr_line' id='line_1_4' title="bbox 479 534 2480 603; baseline 0.001 -15"><span class='ocrx_word' id='word_1_34' title='bbox 479 541 655 595; x_wconf 88' lang='lat' dir='ltr'>mundo</span> <span class='ocrx_word' id='word_1_35' title='bbox 671 539 846 603; x_wconf 88' lang='lat' dir='ltr'>jugiter</span> <span class='ocrx_word' id='word_1_36' title='bbox 885 534 1080 585; x_wconf 66' lang='lat' dir='ltr'>reflectat</span> <span class='ocrx_word' id='word_1_37' title='bbox 1117 536 1247 602; x_wconf 87' lang='lat' dir='ltr'>super</span> <span class='ocrx_word' id='word_1_38' title='bbox 1283 535 1372 593; x_wconf 88' lang='lat' dir='ltr'>illa,</span> <span class='ocrx_word' id='word_1_39' title='bbox 1408 552 1514 600; x_wconf 84' lang='lat' dir='ltr'>quae</span> <span class='ocrx_word' id='word_1_40' title='bbox 1553 536 1655 584; x_wconf 86' lang='lat' dir='ltr'>sunt</span> <span class='ocrx_word' id='word_1_41' title='bbox 1695 538 1742 583; x_wconf 86' lang='lat' dir='ltr'>in</span> <span class='ocrx_word' id='word_1_42' title='bbox 1778 536 1913 583; x_wconf 88' lang='lat' dir='ltr'>altera</span> <span class='ocrx_word' id='word_1_43' title='bbox 1950 538 2059 594; x_wconf 89' lang='lat' dir='ltr'>vita,</span> <span class='ocrx_word' id='word_1_44' title='bbox 2112 553 2220 585; x_wconf 90' lang='lat' dir='ltr'>nam</span> <span class='ocrx_word' id='word_1_45' title='bbox 2256 540 2354 589; x_wconf 85' lang='lat' dir='ltr'>haec</span> <span class='ocrx_word' id='word_1_46' title='bbox 2384 544 2480 590; x_wconf 81' lang='lat' dir='ltr'>vita</span> 
     </span>
     <span class='ocr_line' id='line_1_5' title="bbox 477 601 2483 671; baseline 0.001 -17"><span class='ocrx_word' id='word_1_47' title='bbox 477 607 557 664; x_wconf 90' lang='lat' dir='ltr'>est,</span> <span class='ocrx_word' id='word_1_48' title='bbox 594 619 779 671; x_wconf 87' lang='lat' dir='ltr'>propter</span> <span class='ocrx_word' id='word_1_49' title='bbox 812 620 950 668; x_wconf 89' lang='lat' dir='ltr'>quarn</span> <span class='ocrx_word' id='word_1_50' title='bbox 975 605 1092 652; x_wconf 87' lang='lat' dir='ltr'>vivit</span> <span class='ocrx_word' id='word_1_51' title='bbox 1130 604 1176 651; x_wconf 89' lang='lat' dir='ltr'>in</span> <span class='ocrx_word' id='word_1_52' title='bbox 1216 603 1424 667; x_wconf 58' lang='lat' dir='ltr'>mundo,</span> <span class='ocrx_word' id='word_1_53' title='bbox 1477 601 1575 650; x_wconf 86' lang='lat' dir='ltr'>talis</span> <span class='ocrx_word' id='word_1_54' title='bbox 1603 601 1691 651; x_wconf 89' lang='lat' dir='ltr'>fuit</span> <span class='ocrx_word' id='word_1_55' title='bbox 1711 602 1846 650; x_wconf 89' lang='lat' dir='ltr'>Visus</span> <span class='ocrx_word' id='word_1_56' title='bbox 1869 604 2210 667; x_wconf 86' lang='lat' dir='ltr'>Antiquiffimae</span> <span class='ocrx_word' id='word_1_57' title='bbox 2241 605 2483 665; x_wconf 83' lang='lat' dir='ltr'>Ecclefiae·,</span> 
     </span>
     <span class='ocr_line' id='line_1_6' title="bbox 478 667 2283 735; baseline -0.001 -16"><span class='ocrx_word' id='word_1_58' title='bbox 478 673 579 721; x_wconf 70' lang='lat' dir='ltr'>,talis</span> <span class='ocrx_word' id='word_1_59' title='bbox 615 673 678 721; x_wconf 91' lang='lat' dir='ltr'>est</span> <span class='ocrx_word' id='word_1_60' title='bbox 700 671 834 720; x_wconf 88' lang='lat' dir='ltr'>Visus</span> <span class='ocrx_word' id='word_1_61' title='bbox 859 670 1150 734; x_wconf 85' lang='lat' dir='ltr'><strong>Angelorum</strong></span> <span class='ocrx_word' id='word_1_62' title='bbox 1175 669 1297 734; x_wconf 84' lang='lat' dir='ltr'>apud</span> <span class='ocrx_word' id='word_1_63' title='bbox 1321 669 1588 735; x_wconf 84' lang='lat' dir='ltr'>hominem;</span> <span class='ocrx_word' id='word_1_64' title='bbox 1613 668 1662 718; x_wconf 86' lang='lat'>&amp;</span> <span class='ocrx_word' id='word_1_65' title='bbox 1687 667 1786 716; x_wconf 85' lang='lat' dir='ltr'>talis</span> <span class='ocrx_word' id='word_1_66' title='bbox 1809 668 1897 717; x_wconf 79' lang='lat' dir='ltr'>fuit</span> <span class='ocrx_word' id='word_1_67' title='bbox 1919 668 2052 717; x_wconf 84' lang='lat' dir='ltr'>Visus</span> <span class='ocrx_word' id='word_1_68' title='bbox 2075 671 2283 719; x_wconf 85' lang='lat' dir='ltr'><strong>Domini.</strong></span> 
     </span>
    </p>

    <p class='ocr_par' dir='ltr' id='par_1_4' title="bbox 482 735 2495 1468">
     <span class='ocr_line' id='line_1_7' title="bbox 556 735 2486 802; baseline -0.001 -14"><span class='ocrx_word' id='word_1_69' title='bbox 556 746 695 802; x_wconf 85' lang='lat'>1807.</span> <span class='ocrx_word' id='word_1_70' title='bbox 733 738 797 787; x_wconf 88' lang='lat' dir='ltr'>Et</span> <span class='ocrx_word' id='word_1_71' title='bbox 818 738 949 794; x_wconf 86' lang='lat' dir='ltr'><strong>dixit,</strong></span> <span class='ocrx_word' id='word_1_72' title='bbox 987 737 1131 800; x_wconf 61' lang='lat' dir='ltr'>speeta</span> <span class='ocrx_word' id='word_1_73' title='bbox 1162 736 1316 800; x_wconf 87' lang='lat' dir='ltr'>quaeso</span> <span class='ocrx_word' id='word_1_74' title='bbox 1338 735 1489 784; x_wconf 87' lang='lat' dir='ltr'>versus</span> <span class='ocrx_word' id='word_1_75' title='bbox 1522 735 1715 794; x_wconf 89' lang='lat' dir='ltr'>coelum,</span> <span class='ocrx_word' id='word_1_76' title='bbox 1767 736 1895 801; x_wconf 87' lang='lat' dir='ltr'>quod</span> <span class='ocrx_word' id='word_1_77' title='bbox 1934 736 2158 801; x_wconf 75' lang='lat' dir='ltr'>significet</span> <span class='ocrx_word' id='word_1_78' title='bbox 2197 737 2486 802; x_wconf 81' lang='lat' dir='ltr'>repraesenta-</span> 
     </span>
     <span class='ocr_line' id='line_1_8' title="bbox 482 800 2487 869; baseline -0.001 -15"><span class='ocrx_word' id='word_1_79' title='bbox 482 806 657 855; x_wconf 83' lang='lat' dir='ltr'>tionem</span> <span class='ocrx_word' id='word_1_80' title='bbox 678 806 833 869; x_wconf 86' lang='lat' dir='ltr'>Regni</span> <span class='ocrx_word' id='word_1_81' title='bbox 857 803 1049 858; x_wconf 87' lang='lat' dir='ltr'>Domini</span> <span class='ocrx_word' id='word_1_82' title='bbox 1073 804 1120 850; x_wconf 92' lang='lat' dir='ltr'>in</span> <span class='ocrx_word' id='word_1_83' title='bbox 1141 803 1335 851; x_wconf 77' lang='lat' dir='ltr'>universi</span> <span class='ocrx_word' id='word_1_84' title='bbox 1375 805 1631 863; x_wconf 80' lang='lat' dir='ltr'>intuitione,</span> <span class='ocrx_word' id='word_1_85' title='bbox 1668 802 1844 851; x_wconf 87' lang='lat' dir='ltr'>constat</span> <span class='ocrx_word' id='word_1_86' title='bbox 1880 818 1938 850; x_wconf 88' lang='lat' dir='ltr'>ex</span> <span class='ocrx_word' id='word_1_87' title='bbox 1979 800 2302 868; x_wconf 78' lang='lat' dir='ltr'>significatione</span> <span class='ocrx_word' id='word_1_88' title='bbox 2338 805 2448 852; x_wconf 84' lang='lat' dir='ltr'>coeli</span> <span class='ocrx_word' id='word_1_89' title='bbox 2459 801 2487 863; x_wconf 56' lang='grc' dir='ltr'>ὲ,</span> 
     </span>
     <span class='ocr_line' id='line_1_9' title="bbox 483 869 2487 936; baseline -0.001 -15"><span class='ocrx_word' id='word_1_90' title='bbox 483 872 674 921; x_wconf 87' lang='lat' dir='ltr'>Coelum</span> <span class='ocrx_word' id='word_1_91' title='bbox 699 874 746 919; x_wconf 90' lang='lat' dir='ltr'>in</span> <span class='ocrx_word' id='word_1_92' title='bbox 768 870 941 928; x_wconf 72' lang='lat' dir='ltr'>Verbo,</span> <span class='ocrx_word' id='word_1_93' title='bbox 977 872 1025 919; x_wconf 91' lang='lat' dir='ltr'>in</span> <span class='ocrx_word' id='word_1_94' title='bbox 1048 869 1170 918; x_wconf 89' lang='lat' dir='ltr'>sensu</span> <span class='ocrx_word' id='word_1_95' title='bbox 1195 871 1386 927; x_wconf 90' lang='lat' dir='ltr'>interno,</span> <span class='ocrx_word' id='word_1_96' title='bbox 1423 886 1515 917; x_wconf 88' lang='lat' dir='ltr'>non</span> <span class='ocrx_word' id='word_1_97' title='bbox 1541 869 1761 934; x_wconf 79' lang='lat' dir='ltr'>significat</span> <span class='ocrx_word' id='word_1_98' title='bbox 1783 869 1977 928; x_wconf 89' lang='lat' dir='ltr'>coelum,</span> <span class='ocrx_word' id='word_1_99' title='bbox 2016 870 2146 935; x_wconf 92' lang='lat' dir='ltr'>quod</span> <span class='ocrx_word' id='word_1_100' title='bbox 2170 871 2312 919; x_wconf 92' lang='lat' dir='ltr'>oculis</span> <span class='ocrx_word' id='word_1_101' title='bbox 2350 875 2487 936; x_wconf 76' lang='lat' dir='ltr'>appa-</span> 
     </span>
     <span class='ocr_line' id='line_1_10' title="bbox 484 935 2486 1002; baseline -0 -15"><span class='ocrx_word' id='word_1_102' title='bbox 484 952 569 996; x_wconf 90' lang='lat' dir='ltr'>ret,</span> <span class='ocrx_word' id='word_1_103' title='bbox 606 938 678 988; x_wconf 82' lang='lat' dir='ltr'>sed</span> <span class='ocrx_word' id='word_1_104' title='bbox 702 939 923 1002; x_wconf 84' lang='lat' dir='ltr'>Regnum</span> <span class='ocrx_word' id='word_1_105' title='bbox 946 936 1140 985; x_wconf 86' lang='lat' dir='ltr'>Domini</span> <span class='ocrx_word' id='word_1_106' title='bbox 1164 937 1211 984; x_wconf 92' lang='lat' dir='ltr'>in</span> <span class='ocrx_word' id='word_1_107' title='bbox 1234 935 1535 985; x_wconf 86' lang='lat' dir='ltr'>universali&amp;</span> <span class='ocrx_word' id='word_1_108' title='bbox 1553 936 1766 1001; x_wconf 78' lang='lat' dir='ltr'>singulari</span> <span class='ocrx_word' id='word_1_109' title='bbox 1788 959 1802 993; x_wconf 77' lang='lat'><em>3</em></span> <span class='ocrx_word' id='word_1_110' title='bbox 1837 937 1918 1001; x_wconf 88' lang='lat' dir='ltr'>qui</span> <span class='ocrx_word' id='word_1_111' title='bbox 1944 935 2109 1001; x_wconf 63' lang='lat' dir='ltr'>spectat</span> <span class='ocrx_word' id='word_1_112' title='bbox 2132 938 2307 987; x_wconf 89' lang='lat' dir='ltr'>interna</span> <span class='ocrx_word' id='word_1_113' title='bbox 2330 937 2385 985; x_wconf 88' lang='lat' dir='ltr'>ab</span> <span class='ocrx_word' id='word_1_114' title='bbox 2408 955 2486 986; x_wconf 86' lang='lat' dir='ltr'>ex-</span> 
     </span>
     <span class='ocr_line' id='line_1_11' title="bbox 482 1001 2488 1066; baseline 0 -13"><span class='ocrx_word' id='word_1_115' title='bbox 482 1006 638 1063; x_wconf 86' lang='lat' dir='ltr'>ternis,</span> <span class='ocrx_word' id='word_1_116' title='bbox 675 1020 784 1053; x_wconf 89' lang='lat' dir='ltr'>cum</span> <span class='ocrx_word' id='word_1_117' title='bbox 809 1002 936 1061; x_wconf 74' lang='lat' dir='ltr'>videt</span> <span class='ocrx_word' id='word_1_118' title='bbox 958 1003 1150 1061; x_wconf 87' lang='lat' dir='ltr'>coelum,</span> <span class='ocrx_word' id='word_1_119' title='bbox 1187 1020 1243 1051; x_wconf 91' lang='lat' dir='ltr'>ne</span> <span class='ocrx_word' id='word_1_120' title='bbox 1273 1002 1419 1051; x_wconf 87' lang='lat' dir='ltr'>hilum</span> <span class='ocrx_word' id='word_1_121' title='bbox 1446 1005 1617 1066; x_wconf 87' lang='lat' dir='ltr'>cogitat</span> <span class='ocrx_word' id='word_1_122' title='bbox 1656 1003 1713 1051; x_wconf 87' lang='lat' dir='ltr'>de</span> <span class='ocrx_word' id='word_1_123' title='bbox 1757 1002 1882 1051; x_wconf 85' lang='lat' dir='ltr'>coelo</span> <span class='ocrx_word' id='word_1_124' title='bbox 1914 1001 2140 1060; x_wconf 86' lang='lat' dir='ltr'>stellifero,</span> <span class='ocrx_word' id='word_1_125' title='bbox 2176 1001 2251 1051; x_wconf 87' lang='lat' dir='ltr'>sed</span> <span class='ocrx_word' id='word_1_126' title='bbox 2284 1005 2341 1052; x_wconf 88' lang='lat' dir='ltr'>de</span> <span class='ocrx_word' id='word_1_127' title='bbox 2364 1005 2488 1053; x_wconf 89' lang='lat' dir='ltr'>coelo</span> 
     </span>
     <span class='ocr_line' id='line_1_12' title="bbox 485 1066 2491 1136; baseline -0.001 -15"><span class='ocrx_word' id='word_1_128' title='bbox 485 1073 728 1136; x_wconf 87' lang='lat' dir='ltr'>angelic0;</span> <span class='ocrx_word' id='word_1_129' title='bbox 762 1085 963 1133; x_wconf 86' lang='lat' dir='ltr'>cumque</span> <span class='ocrx_word' id='word_1_130' title='bbox 1001 1070 1130 1117; x_wconf 87' lang='lat' dir='ltr'>videt</span> <span class='ocrx_word' id='word_1_131' title='bbox 1170 1069 1326 1126; x_wconf 88' lang='lat' dir='ltr'>solem,</span> <span class='ocrx_word' id='word_1_132' title='bbox 1364 1082 1455 1116; x_wconf 92' lang='lat' dir='ltr'>non</span> <span class='ocrx_word' id='word_1_133' title='bbox 1481 1071 1652 1133; x_wconf 84' lang='lat' dir='ltr'>cogitat</span> <span class='ocrx_word' id='word_1_134' title='bbox 1676 1069 1734 1116; x_wconf 85' lang='lat' dir='ltr'>de</span> <span class='ocrx_word' id='word_1_135' title='bbox 1757 1069 1863 1125; x_wconf 90' lang='lat' dir='ltr'>sole,</span> <span class='ocrx_word' id='word_1_136' title='bbox 1901 1069 1975 1118; x_wconf 88' lang='lat' dir='ltr'>sed</span> <span class='ocrx_word' id='word_1_137' title='bbox 2014 1069 2070 1117; x_wconf 85' lang='lat' dir='ltr'>de</span> <span class='ocrx_word' id='word_1_138' title='bbox 2101 1066 2326 1128; x_wconf 82' lang='lat' dir='ltr'>Domino,</span> <span class='ocrx_word' id='word_1_139' title='bbox 2361 1072 2491 1135; x_wconf 90' lang='lat' dir='ltr'>quod</span> 
     </span>
     <span class='ocr_line' id='line_1_13' title="bbox 488 1135 2492 1199; baseline -0.002 -12"><span class='ocrx_word' id='word_1_140' title='bbox 488 1138 648 1188; x_wconf 85' lang='lat' dir='ltr'>fit&#39;Sol</span> <span class='ocrx_word' id='word_1_141' title='bbox 677 1135 784 1185; x_wconf 90' lang='lat' dir='ltr'>coeli</span> <span class='ocrx_word' id='word_1_142' title='bbox 809 1159 823 1192; x_wconf 85' lang='lat'>;</span> <span class='ocrx_word' id='word_1_143' title='bbox 858 1136 1061 1183; x_wconf 72' lang='lat' dir='ltr'>similiter</span> <span class='ocrx_word' id='word_1_144' title='bbox 1082 1153 1194 1184; x_wconf 91' lang='lat' dir='ltr'>cum</span> <span class='ocrx_word' id='word_1_145' title='bbox 1224 1136 1351 1182; x_wconf 89' lang='lat' dir='ltr'>videt</span> <span class='ocrx_word' id='word_1_146' title='bbox 1375 1136 1548 1192; x_wconf 88' lang='lat' dir='ltr'>lunam,</span> <span class='ocrx_word' id='word_1_147' title='bbox 1584 1148 1688 1183; x_wconf 85' lang='lat' dir='ltr'>tum</span> <span class='ocrx_word' id='word_1_148' title='bbox 1719 1144 1902 1199; x_wconf 84' lang='lat' dir='ltr'>quoque</span> <span class='ocrx_word' id='word_1_149' title='bbox 1926 1135 2101 1192; x_wconf 90' lang='lat' dir='ltr'>stellas·,</span> <span class='ocrx_word' id='word_1_150' title='bbox 2138 1138 2236 1185; x_wconf 88' lang='lat' dir='ltr'>imo</span> <span class='ocrx_word' id='word_1_151' title='bbox 2274 1153 2383 1185; x_wconf 90' lang='lat' dir='ltr'>cum</span> <span class='ocrx_word' id='word_1_152' title='bbox 2419 1139 2492 1195; x_wconf 79' lang='lat' dir='ltr'>vi·</span> 
     </span>
     <span class='ocr_line' id='line_1_14' title="bbox 485 1199 2495 1264; baseline -0.001 -10"><span class='ocrx_word' id='word_1_153' title='bbox 485 1204 567 1254; x_wconf 86' lang='lat' dir='ltr'>det</span> <span class='ocrx_word' id='word_1_154' title='bbox 604 1202 951 1259; x_wconf 75' lang='lat' dir='ltr'>immensitatem</span> <span class='ocrx_word' id='word_1_155' title='bbox 975 1202 1103 1258; x_wconf 86' lang='lat' dir='ltr'>coeli,</span> <span class='ocrx_word' id='word_1_156' title='bbox 1140 1217 1232 1247; x_wconf 92' lang='lat' dir='ltr'>non</span> <span class='ocrx_word' id='word_1_157' title='bbox 1271 1203 1443 1263; x_wconf 87' lang='lat' dir='ltr'>cogitat</span> <span class='ocrx_word' id='word_1_158' title='bbox 1480 1201 1538 1247; x_wconf 91' lang='lat' dir='ltr'>de</span> <span class='ocrx_word' id='word_1_159' title='bbox 1578 1202 1875 1248; x_wconf 69' lang='lat' dir='ltr'>immensitate</span> <span class='ocrx_word' id='word_1_160' title='bbox 1915 1199 2025 1264; x_wconf 89' lang='lat' dir='ltr'>ejus,</span> <span class='ocrx_word' id='word_1_161' title='bbox 2061 1201 2137 1250; x_wconf 87' lang='lat' dir='ltr'>sed</span> <span class='ocrx_word' id='word_1_162' title='bbox 2182 1203 2239 1250; x_wconf 88' lang='lat' dir='ltr'>de</span> <span class='ocrx_word' id='word_1_163' title='bbox 2277 1203 2495 1253; x_wconf 88' lang='lat' dir='ltr'>immensa</span> 
     </span>
     <span class='ocr_line' id='line_1_15' title="bbox 485 1267 2495 1335; baseline -0 -16"><span class='ocrx_word' id='word_1_164' title='bbox 485 1273 538 1320; x_wconf 75' lang='grc' dir='ltr'>ὅτ</span> <span class='ocrx_word' id='word_1_165' title='bbox 563 1271 736 1318; x_wconf 89' lang='lat' dir='ltr'>infinita</span> <span class='ocrx_word' id='word_1_166' title='bbox 758 1269 960 1332; x_wconf 85' lang='lat' dir='ltr'>potentia</span> <span class='ocrx_word' id='word_1_167' title='bbox 981 1267 1198 1322; x_wconf 89' lang='lat' dir='ltr'>Domini;</span> <span class='ocrx_word' id='word_1_168' title='bbox 1233 1267 1293 1313; x_wconf 87' lang='lat' dir='ltr'>ita</span> <span class='ocrx_word' id='word_1_169' title='bbox 1316 1280 1502 1330; x_wconf 83' lang='lat' dir='ltr'>quoque</span> <span class='ocrx_word' id='word_1_170' title='bbox 1526 1282 1636 1314; x_wconf 85' lang='lat' dir='ltr'>cum</span> <span class='ocrx_word' id='word_1_171' title='bbox 1660 1279 1838 1324; x_wconf 83' lang='lat' dir='ltr'>caetera,</span> <span class='ocrx_word' id='word_1_172' title='bbox 1875 1281 1981 1314; x_wconf 92' lang='lat' dir='ltr'>narn</span> <span class='ocrx_word' id='word_1_173' title='bbox 2002 1267 2114 1315; x_wconf 84' lang='lat' dir='ltr'>nihil</span> <span class='ocrx_word' id='word_1_174' title='bbox 2132 1284 2222 1317; x_wconf 91' lang='lat' dir='ltr'>non</span> <span class='ocrx_word' id='word_1_175' title='bbox 2242 1269 2306 1316; x_wconf 89' lang='lat' dir='ltr'>est</span> <span class='ocrx_word' id='word_1_176' title='bbox 2327 1285 2495 1335; x_wconf 86' lang='lat' dir='ltr'>reprae-</span> 
     </span>
     <span class='ocr_line' id='line_1_16' title="bbox 490 1331 2493 1398; baseline -0 -13"><span class='ocrx_word' id='word_1_177' title='bbox 490 1337 762 1386; x_wconf 86' lang='lat' dir='ltr'>sentativum</span> <span class='ocrx_word' id='word_1_178' title='bbox 783 1357 797 1390; x_wconf 64' lang='grc' dir='ltr'>ς</span> <span class='ocrx_word' id='word_1_179' title='bbox 834 1333 1039 1381; x_wconf 77' lang='lat' dir='ltr'>{imiliter</span> <span class='ocrx_word' id='word_1_180' title='bbox 1061 1347 1166 1398; x_wconf 82' lang='lat' dir='ltr'>quae</span> <span class='ocrx_word' id='word_1_181' title='bbox 1191 1334 1238 1380; x_wconf 89' lang='lat' dir='ltr'>in</span> <span class='ocrx_word' id='word_1_182' title='bbox 1261 1335 1389 1380; x_wconf 87' lang='lat' dir='ltr'>terris</span> <span class='ocrx_word' id='word_1_183' title='bbox 1414 1332 1531 1390; x_wconf 89' lang='lat' dir='ltr'>sunt,</span> <span class='ocrx_word' id='word_1_184' title='bbox 1567 1344 1621 1380; x_wconf 86' lang='lat' dir='ltr'>ut</span> <span class='ocrx_word' id='word_1_185' title='bbox 1644 1347 1752 1381; x_wconf 88' lang='lat' dir='ltr'>curn</span> <span class='ocrx_word' id='word_1_186' title='bbox 1775 1331 1905 1384; x_wconf 80' lang='lat' dir='ltr'>‚videt</span> <span class='ocrx_word' id='word_1_187' title='bbox 1927 1347 2132 1381; x_wconf 86' lang='lat' dir='ltr'>auroram</span> <span class='ocrx_word' id='word_1_188' title='bbox 2157 1334 2263 1397; x_wconf 86' lang='lat' dir='ltr'>diei,</span> <span class='ocrx_word' id='word_1_189' title='bbox 2299 1350 2390 1383; x_wconf 89' lang='lat' dir='ltr'>non</span> <span class='ocrx_word' id='word_1_190' title='bbox 2415 1352 2493 1384; x_wconf 91' lang='lat' dir='ltr'>co-</span> 
     </span>
     <span class='ocr_line' id='line_1_17' title="bbox 488 1399 2493 1468; baseline 0 -18"><span class='ocrx_word' id='word_1_191' title='bbox 488 1399 605 1468; x_wconf 75' lang='lat' dir='ltr'>gitat</span> <span class='ocrx_word' id='word_1_192' title='bbox 637 1402 694 1449; x_wconf 89' lang='lat' dir='ltr'>de</span> <span class='ocrx_word' id='word_1_193' title='bbox 715 1417 872 1449; x_wconf 90' lang='lat' dir='ltr'>aurora</span> <span class='ocrx_word' id='word_1_194' title='bbox 896 1399 970 1448; x_wconf 90' lang='lat' dir='ltr'>sed</span> <span class='ocrx_word' id='word_1_195' title='bbox 987 1400 1044 1447; x_wconf 92' lang='lat' dir='ltr'>de</span> <span class='ocrx_word' id='word_1_196' title='bbox 1066 1401 1278 1448; x_wconf 88' lang='lat' dir='ltr'>omnium</span> <span class='ocrx_word' id='word_1_197' title='bbox 1304 1410 1407 1447; x_wconf 88' lang='lat' dir='ltr'>ortu</span> <span class='ocrx_word' id='word_1_198' title='bbox 1431 1415 1456 1446; x_wconf 88' lang='lat' dir='ltr'>a</span> <span class='ocrx_word' id='word_1_199' title='bbox 1478 1401 1704 1456; x_wconf 90' lang='lat' dir='ltr'>Domino,</span> <span class='ocrx_word' id='word_1_200' title='bbox 1742 1405 1793 1452; x_wconf 87' lang='lat'>&amp;</span> <span class='ocrx_word' id='word_1_201' title='bbox 1825 1401 2127 1464; x_wconf 87' lang='lat' dir='ltr'>progreffione</span> <span class='ocrx_word' id='word_1_202' title='bbox 2162 1401 2209 1448; x_wconf 90' lang='lat' dir='ltr'>in</span> <span class='ocrx_word' id='word_1_203' title='bbox 2233 1399 2355 1448; x_wconf 87' lang='lat' dir='ltr'>diem</span> <span class='ocrx_word' id='word_1_204' title='bbox 2379 1400 2493 1466; x_wconf 87' lang='lat' dir='ltr'>sapi-</span> 
     </span>
    </p>

    <p class='ocr_par' dir='ltr' id='par_1_5' title="bbox 443 1464 2501 2195">
     <span class='ocr_line' id='line_1_18' title="bbox 443 1464 2498 1527; baseline -0.001 -9"><span class='ocrx_word' id='word_1_205' title='bbox 443 1490 446 1493; x_wconf 50' lang='lat'>*</span> <span class='ocrx_word' id='word_1_206' title='bbox 488 1469 659 1524; x_wconf 80' lang='lat' dir='ltr'>entiae3</span> <span class='ocrx_word' id='word_1_207' title='bbox 696 1466 899 1515; x_wconf 78' lang='lat' dir='ltr'>similiter</span> <span class='ocrx_word' id='word_1_208' title='bbox 923 1482 1032 1514; x_wconf 90' lang='lat' dir='ltr'>cum</span> <span class='ocrx_word' id='word_1_209' title='bbox 1056 1466 1183 1513; x_wconf 87' lang='lat' dir='ltr'>videt</span> <span class='ocrx_word' id='word_1_210' title='bbox 1205 1464 1377 1523; x_wconf 88' lang='lat' dir='ltr'>hortos,</span> <span class='ocrx_word' id='word_1_211' title='bbox 1414 1464 1616 1513; x_wconf 86' lang='lat' dir='ltr'>arboreta</span> <span class='ocrx_word' id='word_1_212' title='bbox 1653 1467 1704 1514; x_wconf 78' lang='grc' dir='ltr'>δῑ</span> <span class='ocrx_word' id='word_1_213' title='bbox 1739 1467 1911 1523; x_wconf 90' lang='lat' dir='ltr'>floreta,</span> <span class='ocrx_word' id='word_1_214' title='bbox 1948 1483 2039 1513; x_wconf 91' lang='lat' dir='ltr'>non</span> <span class='ocrx_word' id='word_1_215' title='bbox 2078 1467 2217 1514; x_wconf 88' lang='lat' dir='ltr'>haeret</span> <span class='ocrx_word' id='word_1_216' title='bbox 2255 1467 2414 1527; x_wconf 77' lang='lat' dir='ltr'>oculus</span> <span class='ocrx_word' id='word_1_217' title='bbox 2448 1471 2498 1516; x_wconf 93' lang='lat' dir='ltr'>in</span> 
     </span>
     <span class='ocr_line' id='line_1_19' title="bbox 491 1528 2493 1600; baseline -0.001 -16"><span class='ocrx_word' id='word_1_218' title='bbox 491 1536 640 1600; x_wconf 84' lang='lat' dir='ltr'>aliqua</span> <span class='ocrx_word' id='word_1_219' title='bbox 672 1534 843 1590; x_wconf 89' lang='lat' dir='ltr'>arbore,</span> <span class='ocrx_word' id='word_1_220' title='bbox 879 1531 974 1598; x_wconf 92' lang='lat' dir='ltr'>ejus</span> <span class='ocrx_word' id='word_1_221' title='bbox 999 1534 1123 1589; x_wconf 86' lang='lat' dir='ltr'>flore,</span> <span class='ocrx_word' id='word_1_222' title='bbox 1159 1531 1272 1580; x_wconf 83' lang='lat' dir='ltr'>folio</span> <span class='ocrx_word' id='word_1_223' title='bbox 1296 1533 1353 1579; x_wconf 76' lang='grc' dir='ltr'>ὅτ·</span> <span class='ocrx_word' id='word_1_224' title='bbox 1369 1530 1541 1588; x_wconf 63' lang='lat' dir='ltr'>fruel-u,</span> <span class='ocrx_word' id='word_1_225' title='bbox 1578 1528 1653 1579; x_wconf 90' lang='lat' dir='ltr'>sed</span> <span class='ocrx_word' id='word_1_226' title='bbox 1677 1534 1723 1579; x_wconf 91' lang='lat' dir='ltr'>in</span> <span class='ocrx_word' id='word_1_227' title='bbox 1746 1531 2004 1580; x_wconf 75' lang='lat' dir='ltr'>coelestibus</span> <span class='ocrx_word' id='word_1_228' title='bbox 2028 1548 2133 1596; x_wconf 83' lang='lat' dir='ltr'>quae</span> <span class='ocrx_word' id='word_1_229' title='bbox 2157 1533 2493 1597; x_wconf 82' lang='lat' dir='ltr'>repraesentant,</span> 
     </span>
     <span class='ocr_line' id='line_1_20' title="bbox 492 1597 2498 1664; baseline -0.001 -15"><span class='ocrx_word' id='word_1_230' title='bbox 492 1618 574 1650; x_wconf 89' lang='lat' dir='ltr'>nec</span> <span class='ocrx_word' id='word_1_231' title='bbox 598 1604 645 1648; x_wconf 91' lang='lat' dir='ltr'>in</span> <span class='ocrx_word' id='word_1_232' title='bbox 669 1601 819 1664; x_wconf 90' lang='lat' dir='ltr'>aliquo</span> <span class='ocrx_word' id='word_1_233' title='bbox 843 1600 967 1656; x_wconf 85' lang='lat' dir='ltr'>flore,</span> <span class='ocrx_word' id='word_1_234' title='bbox 1004 1597 1186 1663; x_wconf 87' lang='lat' dir='ltr'>ejusque</span> <span class='ocrx_word' id='word_1_235' title='bbox 1208 1597 1483 1646; x_wconf 76' lang='lat' dir='ltr'>formositate</span> <span class='ocrx_word' id='word_1_236' title='bbox 1505 1599 1555 1644; x_wconf 86' lang='lat'>&amp;</span> <span class='ocrx_word' id='word_1_237' title='bbox 1573 1599 1850 1655; x_wconf 83' lang='lat' dir='ltr'>amoenitate,</span> <span class='ocrx_word' id='word_1_238' title='bbox 1887 1597 1960 1645; x_wconf 92' lang='lat' dir='ltr'>sed</span> <span class='ocrx_word' id='word_1_239' title='bbox 2000 1600 2047 1645; x_wconf 92' lang='lat' dir='ltr'>in</span> <span class='ocrx_word' id='word_1_240' title='bbox 2086 1597 2172 1647; x_wconf 88' lang='lat' dir='ltr'>illis</span> <span class='ocrx_word' id='word_1_241' title='bbox 2204 1615 2310 1663; x_wconf 84' lang='lat' dir='ltr'>quae</span> <span class='ocrx_word' id='word_1_242' title='bbox 2333 1615 2498 1664; x_wconf 85' lang='lat' dir='ltr'>reprae-</span> 
     </span>
     <span class='ocr_line' id='line_1_21' title="bbox 494 1663 2497 1731; baseline -0.001 -15"><span class='ocrx_word' id='word_1_243' title='bbox 494 1667 666 1716; x_wconf 79' lang='lat' dir='ltr'>sentam:</span> <span class='ocrx_word' id='word_1_244' title='bbox 699 1668 745 1714; x_wconf 94' lang='lat' dir='ltr'>in</span> <span class='ocrx_word' id='word_1_245' title='bbox 770 1666 903 1714; x_wconf 89' lang='lat' dir='ltr'>altera</span> <span class='ocrx_word' id='word_1_246' title='bbox 924 1667 1050 1720; x_wconf 70' lang='lat' dir='ltr'>vita,</span> <span class='ocrx_word' id='word_1_247' title='bbox 1103 1681 1208 1713; x_wconf 86' lang='lat' dir='ltr'>nam</span> <span class='ocrx_word' id='word_1_248' title='bbox 1249 1665 1360 1712; x_wconf 89' lang='lat' dir='ltr'>nihil</span> <span class='ocrx_word' id='word_1_249' title='bbox 1397 1663 1584 1728; x_wconf 84' lang='lat' dir='ltr'>usquam</span> <span class='ocrx_word' id='word_1_250' title='bbox 1625 1665 1760 1712; x_wconf 84' lang='lat' dir='ltr'>datur</span> <span class='ocrx_word' id='word_1_251' title='bbox 1805 1666 1851 1711; x_wconf 86' lang='lat' dir='ltr'>in</span> <span class='ocrx_word' id='word_1_252' title='bbox 1891 1664 2020 1712; x_wconf 86' lang='lat' dir='ltr'>coelis</span> <span class='ocrx_word' id='word_1_253' title='bbox 2052 1665 2102 1713; x_wconf 86' lang='lat'>&amp;</span> <span class='ocrx_word' id='word_1_254' title='bbox 2135 1666 2187 1712; x_wconf 78' lang='lat' dir='ltr'>in&#39;</span> <span class='ocrx_word' id='word_1_255' title='bbox 2214 1666 2356 1722; x_wconf 88' lang='lat' dir='ltr'>terris,</span> <span class='ocrx_word' id='word_1_256' title='bbox 2388 1666 2497 1731; x_wconf 72' lang='lat' dir='ltr'>,pul-</span> 
     </span>
     <span class='ocr_line' id='line_1_22' title="bbox 491 1730 2496 1796; baseline -0.001 -14"><span class='ocrx_word' id='word_1_257' title='bbox 491 1731 656 1783; x_wconf 80' lang='lat' dir='ltr'>chrum</span> <span class='ocrx_word' id='word_1_258' title='bbox 681 1732 730 1781; x_wconf 76' lang='grc' dir='ltr'>ὅτ</span> <span class='ocrx_word' id='word_1_259' title='bbox 748 1731 1028 1795; x_wconf 90' lang='lat' dir='ltr'>jucundum,</span> <span class='ocrx_word' id='word_1_260' title='bbox 1064 1731 1192 1796; x_wconf 84' lang='lat' dir='ltr'>quod</span> <span class='ocrx_word' id='word_1_261' title='bbox 1214 1747 1307 1785; x_wconf 87' lang='lat' dir='ltr'>non</span> <span class='ocrx_word' id='word_1_262' title='bbox 1328 1731 1475 1796; x_wconf 89' lang='lat' dir='ltr'>aliqua</span> <span class='ocrx_word' id='word_1_263' title='bbox 1498 1734 1666 1779; x_wconf 86' lang='lat' dir='ltr'>ratione</span> <span class='ocrx_word' id='word_1_264' title='bbox 1689 1730 1752 1778; x_wconf 90' lang='lat' dir='ltr'>est</span> <span class='ocrx_word' id='word_1_265' title='bbox 1781 1730 2195 1795; x_wconf 83' lang='lat' dir='ltr'>repraesentativum</span> <span class='ocrx_word' id='word_1_266' title='bbox 2221 1733 2375 1796; x_wconf 88' lang='lat' dir='ltr'>Regni</span> <span class='ocrx_word' id='word_1_267' title='bbox 2397 1734 2496 1781; x_wconf 94' lang='lat' dir='ltr'>Do-</span> 
     </span>
     <span class='ocr_line' id='line_1_23' title="bbox 494 1789 2498 1863; baseline -0.001 -14"><span class='ocrx_word' id='word_1_268' title='bbox 494 1802 628 1858; x_wconf 88' lang='lat' dir='ltr'>mini,</span> <span class='ocrx_word' id='word_1_269' title='bbox 664 1798 723 1847; x_wconf 91' lang='lat' dir='ltr'>de</span> <span class='ocrx_word' id='word_1_270' title='bbox 754 1815 848 1863; x_wconf 86' lang='lat' dir='ltr'>quo</span> <span class='ocrx_word' id='word_1_271' title='bbox 877 1798 1083 1845; x_wconf 88' lang='lat' dir='ltr'>videatur</span> <span class='ocrx_word' id='word_1_272' title='bbox 1107 1797 1230 1862; x_wconf 91' lang='lat' dir='ltr'>quod</span> <span class='ocrx_word' id='word_1_273' title='bbox 1258 1799 1434 1845; x_wconf 57' lang='lat' dir='ltr'>dicium</span> <span class='ocrx_word' id='word_1_274' title='bbox 1467 1814 1524 1845; x_wconf 92' lang='lat' dir='ltr'>n:</span> <span class='ocrx_word' id='word_1_275' title='bbox 1575 1799 1715 1862; x_wconf 85' lang='lat'>1632,</span> <span class='ocrx_word' id='word_1_276' title='bbox 1752 1797 1852 1846; x_wconf 75' lang='lat' dir='ltr'>haec</span> <span class='ocrx_word' id='word_1_277' title='bbox 1877 1797 1978 1845; x_wconf 88' lang='lat' dir='ltr'>sunt</span> <span class='ocrx_word' id='word_1_278' title='bbox 2012 1789 2204 1862; x_wconf 52' lang='lat' dir='ltr'>speetare</span> <span class='ocrx_word' id='word_1_279' title='bbox 2230 1798 2378 1847; x_wconf 84' lang='lat' dir='ltr'>versus</span> <span class='ocrx_word' id='word_1_280' title='bbox 2401 1815 2498 1860; x_wconf 87' lang='lat' dir='ltr'>coe-</span> 
     </span>
     <span class='ocr_line' id='line_1_24' title="bbox 495 1864 2497 1931; baseline -0 -17"><span class='ocrx_word' id='word_1_281' title='bbox 495 1866 612 1923; x_wconf 87' lang='lat' dir='ltr'>lum,</span> <span class='ocrx_word' id='word_1_282' title='bbox 647 1881 743 1931; x_wconf 91' lang='lat' dir='ltr'>quo</span> <span class='ocrx_word' id='word_1_283' title='bbox 781 1864 1058 1929; x_wconf 75' lang='lat' dir='ltr'>significatur</span> <span class='ocrx_word' id='word_1_284' title='bbox 1091 1864 1422 1929; x_wconf 75' lang='lat' dir='ltr'>repraesentatio</span> <span class='ocrx_word' id='word_1_285' title='bbox 1464 1865 1621 1929; x_wconf 87' lang='lat' dir='ltr'>Regni</span> <span class='ocrx_word' id='word_1_286' title='bbox 1666 1865 1861 1911; x_wconf 87' lang='lat' dir='ltr'>Domini</span> <span class='ocrx_word' id='word_1_287' title='bbox 1904 1865 1952 1912; x_wconf 89' lang='lat' dir='ltr'>in</span> <span class='ocrx_word' id='word_1_288' title='bbox 1991 1864 2206 1928; x_wconf 12' lang='lat' dir='ltr'>univerfi,</span> <span class='ocrx_word' id='word_1_289' title='bbox 2234 1865 2497 1929; x_wconf 83' lang='lat' dir='ltr'>intuitione;</span> 
     </span>
     <span class='ocr_line' id='line_1_25' title="bbox 470 1930 2497 1997; baseline -0.001 -15"><span class='ocrx_word' id='word_1_290' title='bbox 470 1945 472 1947; x_wconf 74' lang='grc'><strong><em>’</em></strong></span> <span class='ocrx_word' id='word_1_291' title='bbox 495 1931 623 1982; x_wconf 87' lang='lat' dir='ltr'>causa</span> <span class='ocrx_word' id='word_1_292' title='bbox 645 1932 772 1997; x_wconf 83' lang='lat' dir='ltr'>quod</span> <span class='ocrx_word' id='word_1_293' title='bbox 795 1930 1156 1996; x_wconf 72' lang='lat' dir='ltr'>repraesentativa</span> <span class='ocrx_word' id='word_1_294' title='bbox 1179 1932 1264 1979; x_wconf 82' lang='lat' dir='ltr'>{int</span> <span class='ocrx_word' id='word_1_295' title='bbox 1287 1933 1441 1979; x_wconf 90' lang='lat' dir='ltr'>omnia</span> <span class='ocrx_word' id='word_1_296' title='bbox 1464 1931 1514 1979; x_wconf 88' lang='lat'>&amp;</span> <span class='ocrx_word' id='word_1_297' title='bbox 1536 1930 1707 1996; x_wconf 78' lang='lat' dir='ltr'>lingula</span> <span class='ocrx_word' id='word_1_298' title='bbox 1730 1946 1837 1995; x_wconf 79' lang='lat' dir='ltr'>quae</span> <span class='ocrx_word' id='word_1_299' title='bbox 1860 1932 1908 1979; x_wconf 90' lang='lat' dir='ltr'>in</span> <span class='ocrx_word' id='word_1_300' title='bbox 1931 1931 2053 1979; x_wconf 87' lang='lat' dir='ltr'>coelo</span> <span class='ocrx_word' id='word_1_301' title='bbox 2091 1931 2141 1979; x_wconf 70' lang='grc' dir='ltr'><strong><em>ἃ</em></strong></span> <span class='ocrx_word' id='word_1_302' title='bbox 2182 1933 2229 1979; x_wconf 90' lang='lat' dir='ltr'>in</span> <span class='ocrx_word' id='word_1_303' title='bbox 2252 1944 2382 1996; x_wconf 81' lang='lat' dir='ltr'>terra,</span> <span class='ocrx_word' id='word_1_304' title='bbox 2417 1931 2497 1989; x_wconf 91' lang='lat' dir='ltr'>est,</span> 
     </span>
     <span class='ocr_line' id='line_1_26' title="bbox 496 1996 2501 2065; baseline -0.001 -19"><span class='ocrx_word' id='word_1_305' title='bbox 496 2001 603 2065; x_wconf 87' lang='lat' dir='ltr'>quia</span> <span class='ocrx_word' id='word_1_306' title='bbox 626 1998 904 2055; x_wconf 84' lang='lat' dir='ltr'>exstiterunt,</span> <span class='ocrx_word' id='word_1_307' title='bbox 939 1999 989 2046; x_wconf 75' lang='grc' dir='ltr'>ὅτ</span> <span class='ocrx_word' id='word_1_308' title='bbox 1013 1999 1228 2046; x_wconf 87' lang='lat' dir='ltr'>continue</span> <span class='ocrx_word' id='word_1_309' title='bbox 1251 1998 1464 2055; x_wconf 85' lang='lat' dir='ltr'>existunt,</span> <span class='ocrx_word' id='word_1_310' title='bbox 1501 1997 1588 2046; x_wconf 91' lang='lat' dir='ltr'>hoc</span> <span class='ocrx_word' id='word_1_311' title='bbox 1611 1997 1691 2056; x_wconf 89' lang='lat' dir='ltr'>est,</span> <span class='ocrx_word' id='word_1_312' title='bbox 1727 1996 1983 2056; x_wconf 84' lang='lat' dir='ltr'>subsistunt,</span> <span class='ocrx_word' id='word_1_313' title='bbox 2019 1997 2076 2046; x_wconf 89' lang='lat' dir='ltr'>ab</span> <span class='ocrx_word' id='word_1_314' title='bbox 2108 1998 2281 2046; x_wconf 86' lang='lat' dir='ltr'>influxu</span> <span class='ocrx_word' id='word_1_315' title='bbox 2306 1998 2501 2046; x_wconf 87' lang='lat' dir='ltr'>Domini</span> 
     </span>
     <span class='ocr_line' id='line_1_27' title="bbox 497 2062 2501 2131; baseline -0.001 -18"><span class='ocrx_word' id='word_1_316' title='bbox 497 2080 580 2131; x_wconf 86' lang='lat' dir='ltr'>per</span> <span class='ocrx_word' id='word_1_317' title='bbox 616 2065 822 2113; x_wconf 87' lang='lat' dir='ltr'>coelum:</span> <span class='ocrx_word' id='word_1_318' title='bbox 873 2064 915 2112; x_wconf 90' lang='lat' dir='ltr'>se</span> <span class='ocrx_word' id='word_1_319' title='bbox 961 2064 1128 2113; x_wconf 89' lang='lat' dir='ltr'>habent</span> <span class='ocrx_word' id='word_1_320' title='bbox 1168 2066 1244 2112; x_wconf 84' lang='lat' dir='ltr'>illa</span> <span class='ocrx_word' id='word_1_321' title='bbox 1288 2065 1401 2113; x_wconf 90' lang='lat' dir='ltr'>ficut</span> <span class='ocrx_word' id='word_1_322' title='bbox 1447 2065 1701 2112; x_wconf 87' lang='lat' dir='ltr'>humanum</span> <span class='ocrx_word' id='word_1_323' title='bbox 1740 2080 1924 2131; x_wconf 86' lang='lat' dir='ltr'>corpus,</span> <span class='ocrx_word' id='word_1_324' title='bbox 1975 2065 2104 2129; x_wconf 90' lang='lat' dir='ltr'>quod</span> <span class='ocrx_word' id='word_1_325' title='bbox 2136 2062 2283 2112; x_wconf 82' lang='lat' dir='ltr'>existit</span> <span class='ocrx_word' id='word_1_326' title='bbox 2321 2065 2371 2115; x_wconf 83' lang='lat'>&amp;</span> <span class='ocrx_word' id='word_1_327' title='bbox 2400 2063 2501 2111; x_wconf 89' lang='lat' dir='ltr'>sub-</span> 
     </span>
     <span class='ocr_line' id='line_1_28' title="bbox 501 2129 2500 2195; baseline -0.001 -17"><span class='ocrx_word' id='word_1_328' title='bbox 501 2132 612 2191; x_wconf 78' lang='lat' dir='ltr'>fistit</span> <span class='ocrx_word' id='word_1_329' title='bbox 644 2147 726 2195; x_wconf 88' lang='lat' dir='ltr'>per</span> <span class='ocrx_word' id='word_1_330' title='bbox 763 2130 856 2195; x_wconf 88' lang='lat' dir='ltr'>ejus</span> <span class='ocrx_word' id='word_1_331' title='bbox 886 2132 1102 2188; x_wconf 89' lang='lat' dir='ltr'>animam,</span> <span class='ocrx_word' id='word_1_332' title='bbox 1139 2148 1273 2195; x_wconf 89' lang='lat' dir='ltr'>quare</span> <span class='ocrx_word' id='word_1_333' title='bbox 1312 2133 1359 2179; x_wconf 90' lang='lat' dir='ltr'>in</span> <span class='ocrx_word' id='word_1_334' title='bbox 1393 2139 1581 2195; x_wconf 87' lang='lat' dir='ltr'>corpore</span> <span class='ocrx_word' id='word_1_335' title='bbox 1621 2131 1777 2179; x_wconf 87' lang='lat' dir='ltr'>omnia</span> <span class='ocrx_word' id='word_1_336' title='bbox 1815 2134 1866 2179; x_wconf 84' lang='lat'>&amp;</span> <span class='ocrx_word' id='word_1_337' title='bbox 1902 2130 2078 2194; x_wconf 81' lang='lat' dir='ltr'>lingula</span> <span class='ocrx_word' id='word_1_338' title='bbox 2123 2130 2226 2177; x_wconf 88' lang='lat' dir='ltr'>sunt</span> <span class='ocrx_word' id='word_1_339' title='bbox 2261 2129 2500 2194; x_wconf 86' lang='lat' dir='ltr'>repraesen-</span> 
     </span>
    </p>

    <p class='ocr_par' dir='ltr' id='par_1_6' title="bbox 421 2195 2555 2908">
     <span class='ocr_line' id='line_1_29' title="bbox 421 2195 2502 2262; baseline -0.002 -16"><span class='ocrx_word' id='word_1_340' title='bbox 421 2228 425 2231; x_wconf 95' lang='lat'>-</span> <span class='ocrx_word' id='word_1_341' title='bbox 471 2212 473 2214; x_wconf 83' lang='lat'>·</span> <span class='ocrx_word' id='word_1_342' title='bbox 502 2200 642 2246; x_wconf 88' lang='lat' dir='ltr'>tativa</span> <span class='ocrx_word' id='word_1_343' title='bbox 674 2196 768 2262; x_wconf 88' lang='lat' dir='ltr'>ejus</span> <span class='ocrx_word' id='word_1_344' title='bbox 797 2199 997 2254; x_wconf 87' lang='lat' dir='ltr'>animae·‚</span> <span class='ocrx_word' id='word_1_345' title='bbox 1034 2198 1132 2246; x_wconf 84' lang='lat' dir='ltr'>haec</span> <span class='ocrx_word' id='word_1_346' title='bbox 1166 2201 1212 2246; x_wconf 91' lang='lat' dir='ltr'>in</span> <span class='ocrx_word' id='word_1_347' title='bbox 1244 2197 1326 2246; x_wconf 90' lang='lat' dir='ltr'>usu</span> <span class='ocrx_word' id='word_1_348' title='bbox 1363 2199 1413 2246; x_wconf 72' lang='grc' dir='ltr'>δε</span> <span class='ocrx_word' id='word_1_349' title='bbox 1448 2199 1539 2245; x_wconf 90' lang='lat' dir='ltr'>fine</span> <span class='ocrx_word' id='word_1_350' title='bbox 1578 2197 1661 2254; x_wconf 82' lang='lat' dir='ltr'>est,</span> <span class='ocrx_word' id='word_1_351' title='bbox 1692 2210 1856 2260; x_wconf 89' lang='lat' dir='ltr'>corpus</span> <span class='ocrx_word' id='word_1_352' title='bbox 1891 2207 2045 2243; x_wconf 91' lang='lat' dir='ltr'>autem</span> <span class='ocrx_word' id='word_1_353' title='bbox 2084 2197 2130 2242; x_wconf 90' lang='lat' dir='ltr'>in</span> <span class='ocrx_word' id='word_1_354' title='bbox 2166 2195 2349 2243; x_wconf 87' lang='lat' dir='ltr'>illorum</span> <span class='ocrx_word' id='word_1_355' title='bbox 2373 2212 2502 2242; x_wconf 87' lang='lat' dir='ltr'>exer-</span> 
     </span>
     <span class='ocr_line' id='line_1_30' title="bbox 500 2260 2496 2329; baseline -0.002 -17"><span class='ocrx_word' id='word_1_356' title='bbox 500 2266 642 2313; x_wconf 86' lang='lat' dir='ltr'>citio:</span> <span class='ocrx_word' id='word_1_357' title='bbox 679 2280 837 2312; x_wconf 88' lang='lat' dir='ltr'>omnes</span> <span class='ocrx_word' id='word_1_358' title='bbox 875 2261 1074 2322; x_wconf 65' lang='lat' dir='ltr'>effectus,</span> <span class='ocrx_word' id='word_1_359' title='bbox 1134 2266 1361 2329; x_wconf 87' lang='lat' dir='ltr'>uicunque</span> <span class='ocrx_word' id='word_1_360' title='bbox 1407 2262 1526 2321; x_wconf 90' lang='lat' dir='ltr'>sunt,</span> <span class='ocrx_word' id='word_1_361' title='bbox 1558 2260 1770 2311; x_wconf 71' lang='lat' dir='ltr'>&#39;fimiliter</span> <span class='ocrx_word' id='word_1_362' title='bbox 1809 2261 1911 2309; x_wconf 90' lang='lat' dir='ltr'>sunt</span> <span class='ocrx_word' id='word_1_363' title='bbox 1934 2261 2294 2325; x_wconf 65' lang='lat' dir='ltr'>repraesentativa</span> <span class='ocrx_word' id='word_1_364' title='bbox 2331 2261 2496 2315; x_wconf 88' lang='lat' dir='ltr'>usuum</span> 
     </span>
     <span class='ocr_line' id='line_1_31' title="bbox 538 2326 2500 2393; baseline 0 -17"><span class='ocrx_word' id='word_1_365' title='bbox 538 2331 584 2377; x_wconf 91' lang='lat' dir='ltr'>ui</span> <span class='ocrx_word' id='word_1_366' title='bbox 629 2330 730 2377; x_wconf 89' lang='lat' dir='ltr'>sunt</span> <span class='ocrx_word' id='word_1_367' title='bbox 768 2330 926 2387; x_wconf 86' lang='lat' dir='ltr'>causae,</span> <span class='ocrx_word' id='word_1_368' title='bbox 977 2332 1026 2377; x_wconf 87' lang='lat'>&amp;</span> <span class='ocrx_word' id='word_1_369' title='bbox 1069 2347 1100 2377; x_wconf 91' lang='lat' dir='ltr'>u</span> <span class='ocrx_word' id='word_1_370' title='bbox 1121 2345 1173 2378; x_wconf 91' lang='lat' dir='ltr'>us</span> <span class='ocrx_word' id='word_1_371' title='bbox 1236 2329 1583 2393; x_wconf 63' lang='lat' dir='ltr'>repr-:esentativi</span> <span class='ocrx_word' id='word_1_372' title='bbox 1643 2329 1809 2376; x_wconf 89' lang='lat' dir='ltr'>finium</span> <span class='ocrx_word' id='word_1_373' title='bbox 1869 2329 1949 2393; x_wconf 86' lang='lat' dir='ltr'>qui</span> <span class='ocrx_word' id='word_1_374' title='bbox 2002 2328 2104 2376; x_wconf 88' lang='lat' dir='ltr'>sunt</span> <span class='ocrx_word' id='word_1_375' title='bbox 2153 2326 2500 2392; x_wconf 82' lang='lat' dir='ltr'>principiorum.</span> 
     </span>
     <span class='ocr_line' id='line_1_32' title="bbox 502 2346 2503 2508; baseline 0 -66"><span class='ocrx_word' id='word_1_376' title='bbox 502 2346 607 2508; x_wconf 43' lang='grc' dir='ltr'>ξύ</span> <span class='ocrx_word' id='word_1_377' title='bbox 648 2392 693 2442; x_wconf 85' lang='lat' dir='ltr'>in</span> <span class='ocrx_word' id='word_1_378' title='bbox 730 2396 911 2443; x_wconf 86' lang='lat' dir='ltr'>Divinis</span> <span class='ocrx_word' id='word_1_379' title='bbox 955 2396 1072 2442; x_wconf 87' lang='lat' dir='ltr'>Ideis</span> <span class='ocrx_word' id='word_1_380' title='bbox 1114 2395 1231 2453; x_wconf 90' lang='lat' dir='ltr'>sunt,</span> <span class='ocrx_word' id='word_1_381' title='bbox 1289 2394 1510 2458; x_wconf 91' lang='lat' dir='ltr'>nusquam</span> <span class='ocrx_word' id='word_1_382' title='bbox 1547 2394 1787 2443; x_wconf 83' lang='lat' dir='ltr'>subsistunt</span> <span class='ocrx_word' id='word_1_383' title='bbox 1827 2395 1874 2441; x_wconf 91' lang='lat' dir='ltr'>in</span> <span class='ocrx_word' id='word_1_384' title='bbox 1914 2392 2101 2458; x_wconf 70' lang='lat' dir='ltr'>objectis</span> <span class='ocrx_word' id='word_1_385' title='bbox 2147 2394 2268 2459; x_wconf 86' lang='lat' dir='ltr'>visus</span> <span class='ocrx_word' id='word_1_386' title='bbox 2314 2397 2503 2454; x_wconf 79' lang='lat' dir='ltr'>externi,</span> 
     </span>
     <span class='ocr_line' id='line_1_33' title="bbox 503 2459 2501 2526; baseline -0.001 -17"><span class='ocrx_word' id='word_1_387' title='bbox 503 2461 546 2509; x_wconf 83' lang='lat' dir='ltr'>se</span> <span class='ocrx_word' id='word_1_388' title='bbox 595 2459 768 2526; x_wconf 85' lang='lat' dir='ltr'>jugiter</span> <span class='ocrx_word' id='word_1_389' title='bbox 813 2478 870 2508; x_wconf 89' lang='lat' dir='ltr'>ex</span> <span class='ocrx_word' id='word_1_390' title='bbox 917 2462 1005 2508; x_wconf 84' lang='lat' dir='ltr'>illis</span> <span class='ocrx_word' id='word_1_391' title='bbox 1041 2463 1091 2508; x_wconf 74' lang='grc' dir='ltr'>ὅτ</span> <span class='ocrx_word' id='word_1_392' title='bbox 1132 2461 1309 2509; x_wconf 78' lang='lat' dir='ltr'>inillis</span> <span class='ocrx_word' id='word_1_393' title='bbox 1355 2462 1515 2510; x_wconf 89' lang='lat' dir='ltr'>vident</span> <span class='ocrx_word' id='word_1_394' title='bbox 1537 2463 1739 2516; x_wconf 89' lang='lat' dir='ltr'>interna·,</span> <span class='ocrx_word' id='word_1_395' title='bbox 1799 2460 2008 2525; x_wconf 86' lang='lat' dir='ltr'>ipfiffima</span> <span class='ocrx_word' id='word_1_396' title='bbox 2056 2462 2227 2508; x_wconf 83' lang='lat' dir='ltr'>interna</span> <span class='ocrx_word' id='word_1_397' title='bbox 2271 2460 2373 2509; x_wconf 90' lang='lat' dir='ltr'>sunt</span> <span class='ocrx_word' id='word_1_398' title='bbox 2411 2461 2501 2519; x_wconf 84' lang='lat' dir='ltr'>illa,</span> 
     </span>
     <span class='ocr_line' id='line_1_34' title="bbox 507 2526 2505 2592; baseline 0 -17"><span class='ocrx_word' id='word_1_399' title='bbox 507 2545 614 2592; x_wconf 87' lang='lat' dir='ltr'>quae</span> <span class='ocrx_word' id='word_1_400' title='bbox 668 2528 769 2575; x_wconf 86' lang='lat' dir='ltr'>sunt</span> <span class='ocrx_word' id='word_1_401' title='bbox 804 2528 956 2592; x_wconf 89' lang='lat' dir='ltr'>Regni</span> <span class='ocrx_word' id='word_1_402' title='bbox 996 2530 1215 2584; x_wconf 85' lang='lat' dir='ltr'>Domini,</span> <span class='ocrx_word' id='word_1_403' title='bbox 1273 2529 1333 2575; x_wconf 86' lang='lat' dir='ltr'>ita</span> <span class='ocrx_word' id='word_1_404' title='bbox 1381 2527 1483 2575; x_wconf 88' lang='lat' dir='ltr'>sunt</span> <span class='ocrx_word' id='word_1_405' title='bbox 1519 2530 1565 2574; x_wconf 91' lang='lat' dir='ltr'>in</span> <span class='ocrx_word' id='word_1_406' title='bbox 1605 2527 1820 2592; x_wconf 83' lang='lat' dir='ltr'>ipfiffimo</span> <span class='ocrx_word' id='word_1_407' title='bbox 1843 2527 1961 2575; x_wconf 82' lang='lat' dir='ltr'>fine.</span> <span class='ocrx_word' id='word_1_408' title='bbox 2032 2527 2249 2575; x_wconf 89' lang='lat' dir='ltr'>Similiter</span> <span class='ocrx_word' id='word_1_409' title='bbox 2292 2526 2335 2575; x_wconf 87' lang='lat' dir='ltr'>se</span> <span class='ocrx_word' id='word_1_410' title='bbox 2373 2527 2505 2575; x_wconf 87' lang='lat' dir='ltr'>habet</span> 
     </span>
     <span class='ocr_line' id='line_1_35' title="bbox 507 2593 2501 2658; baseline -0.001 -16"><span class='ocrx_word' id='word_1_411' title='bbox 507 2611 618 2642; x_wconf 91' lang='lat' dir='ltr'>cum</span> <span class='ocrx_word' id='word_1_412' title='bbox 673 2594 828 2642; x_wconf 87' lang='lat' dir='ltr'>Verbo</span> <span class='ocrx_word' id='word_1_413' title='bbox 867 2595 1094 2650; x_wconf 85' lang='lat' dir='ltr'>Domini;</span> <span class='ocrx_word' id='word_1_414' title='bbox 1146 2596 1225 2658; x_wconf 88' lang='lat' dir='ltr'>qui</span> <span class='ocrx_word' id='word_1_415' title='bbox 1254 2596 1320 2642; x_wconf 83' lang='lat' dir='ltr'>.in</span> <span class='ocrx_word' id='word_1_416' title='bbox 1359 2595 1539 2641; x_wconf 85' lang='lat' dir='ltr'>Divinis</span> <span class='ocrx_word' id='word_1_417' title='bbox 1575 2594 1655 2652; x_wconf 91' lang='lat' dir='ltr'>est,</span> <span class='ocrx_word' id='word_1_418' title='bbox 1708 2593 1928 2658; x_wconf 86' lang='lat' dir='ltr'>nusquam</span> <span class='ocrx_word' id='word_1_419' title='bbox 1964 2593 2131 2658; x_wconf 64' lang='lat' dir='ltr'>spectat</span> <span class='ocrx_word' id='word_1_420' title='bbox 2168 2593 2377 2642; x_wconf 86' lang='lat' dir='ltr'>Verbum</span> <span class='ocrx_word' id='word_1_421' title='bbox 2400 2595 2501 2641; x_wconf 90' lang='lat' dir='ltr'>Do-</span> 
     </span>
     <span class='ocr_line' id='line_1_36' title="bbox 512 2659 2506 2725; baseline -0.002 -16"><span class='ocrx_word' id='word_1_422' title='bbox 512 2662 626 2709; x_wconf 88' lang='lat' dir='ltr'>mini</span> <span class='ocrx_word' id='word_1_423' title='bbox 649 2676 705 2708; x_wconf 88' lang='lat' dir='ltr'>ex</span> <span class='ocrx_word' id='word_1_424' title='bbox 727 2660 867 2718; x_wconf 73' lang='lat' dir='ltr'>litera,</span> <span class='ocrx_word' id='word_1_425' title='bbox 903 2660 987 2708; x_wconf 81' lang='lat' dir='ltr'>fed</span> <span class='ocrx_word' id='word_1_426' title='bbox 1013 2661 1189 2714; x_wconf 81' lang='lat' dir='ltr'>literam</span> <span class='ocrx_word' id='word_1_427' title='bbox 1230 2659 1490 2708; x_wconf 79' lang='lat' dir='ltr'>&amp;sensum</span> <span class='ocrx_word' id='word_1_428' title='bbox 1531 2660 1747 2708; x_wconf 84' lang='lat' dir='ltr'>literalem</span> <span class='ocrx_word' id='word_1_429' title='bbox 1780 2674 1832 2708; x_wconf 86' lang='lat' dir='ltr'>ut</span> <span class='ocrx_word' id='word_1_430' title='bbox 1870 2660 2283 2725; x_wconf 77' lang='lat' dir='ltr'>repraesentativum</span> <span class='ocrx_word' id='word_1_431' title='bbox 2327 2661 2377 2708; x_wconf 76' lang='grc' dir='ltr'>δε</span> <span class='ocrx_word' id='word_1_432' title='bbox 2417 2659 2506 2723; x_wconf 85' lang='lat' dir='ltr'>fig-</span> 
     </span>
     <span class='ocr_line' id='line_1_37' title="bbox 512 2723 2509 2792; baseline 0 -19"><span class='ocrx_word' id='word_1_433' title='bbox 512 2728 799 2776; x_wconf 81' lang='lat' dir='ltr'>nificativum</span> <span class='ocrx_word' id='word_1_434' title='bbox 839 2727 1092 2776; x_wconf 89' lang='lat' dir='ltr'>coelestium</span> <span class='ocrx_word' id='word_1_435' title='bbox 1139 2728 1190 2774; x_wconf 84' lang='lat'>&amp;</span> <span class='ocrx_word' id='word_1_436' title='bbox 1235 2726 1534 2791; x_wconf 79' lang='lat' dir='ltr'>spiritualium</span> <span class='ocrx_word' id='word_1_437' title='bbox 1573 2727 1789 2775; x_wconf 87' lang='lat' dir='ltr'>Ecclefiae</span> <span class='ocrx_word' id='word_1_438' title='bbox 1834 2728 1883 2774; x_wconf 76' lang='grc' dir='ltr'>ὅτ</span> <span class='ocrx_word' id='word_1_439' title='bbox 1923 2727 2076 2792; x_wconf 88' lang='lat' dir='ltr'>Regni</span> <span class='ocrx_word' id='word_1_440' title='bbox 2114 2727 2326 2782; x_wconf 88' lang='lat' dir='ltr'>Domini,</span> <span class='ocrx_word' id='word_1_441' title='bbox 2362 2723 2509 2773; x_wconf 86' lang='lat' dir='ltr'>sensus</span> 
     </span>
     <span class='ocr_line' id='line_1_38' title="bbox 513 2790 2555 2858; baseline 0 -20"><span class='ocrx_word' id='word_1_442' title='bbox 513 2792 693 2839; x_wconf 87' lang='lat' dir='ltr'>literalis</span> <span class='ocrx_word' id='word_1_443' title='bbox 732 2793 794 2842; x_wconf 92' lang='lat' dir='ltr'>est</span> <span class='ocrx_word' id='word_1_444' title='bbox 842 2794 907 2842; x_wconf 87' lang='lat' dir='ltr'>illi</span> <span class='ocrx_word' id='word_1_445' title='bbox 951 2793 1096 2841; x_wconf 88' lang='lat' dir='ltr'>solum</span> <span class='ocrx_word' id='word_1_446' title='bbox 1132 2810 1217 2858; x_wconf 90' lang='lat' dir='ltr'>pro</span> <span class='ocrx_word' id='word_1_447' title='bbox 1274 2794 1430 2841; x_wconf 89' lang='lat' dir='ltr'>medio</span> <span class='ocrx_word' id='word_1_448' title='bbox 1473 2790 1812 2841; x_wconf 71' lang='lat' dir='ltr'>instrumentali&#39;</span> <span class='ocrx_word' id='word_1_449' title='bbox 1844 2794 2077 2858; x_wconf 89' lang='lat' dir='ltr'>cogitandi</span> <span class='ocrx_word' id='word_1_450' title='bbox 2116 2792 2174 2839; x_wconf 74' lang='lat' dir='ltr'>de</span> <span class='ocrx_word' id='word_1_451' title='bbox 2212 2791 2311 2838; x_wconf 90' lang='lat' dir='ltr'>illis.</span> <span class='ocrx_word' id='word_1_452' title='bbox 2383 2791 2510 2839; x_wconf 90' lang='lat' dir='ltr'>Talis</span> <span class='ocrx_word' id='word_1_453' title='bbox 2552 2848 2555 2851; x_wconf 23' lang='lat'><strong><em>¹</em></strong></span> 
     </span>
     <span class='ocr_line' id='line_1_39' title="bbox 515 2855 995 2908; baseline 0 -2"><span class='ocrx_word' id='word_1_454' title='bbox 515 2855 604 2906; x_wconf 87' lang='lat' dir='ltr'>fuit</span> <span class='ocrx_word' id='word_1_455' title='bbox 647 2860 763 2906; x_wconf 88' lang='lat' dir='ltr'>visus</span> <span class='ocrx_word' id='word_1_456' title='bbox 786 2862 995 2908; x_wconf 52' lang='lat' dir='ltr'>Domini,</span> 
     </span>
    </p>

    <p class='ocr_par' dir='ltr' id='par_1_7' title="bbox 517 2923 2516 3366">
     <span class='ocr_line' id='line_1_40' title="bbox 592 2923 2513 2991; baseline 0 -19"><span class='ocrx_word' id='word_1_457' title='bbox 592 2928 729 2972; x_wconf 90' lang='lat'>1808.</span> <span class='ocrx_word' id='word_1_458' title='bbox 766 2926 830 2971; x_wconf 89' lang='lat' dir='ltr'>Et</span> <span class='ocrx_word' id='word_1_459' title='bbox 869 2943 1059 2974; x_wconf 87' lang='lat' dir='ltr'>numera</span> <span class='ocrx_word' id='word_1_460' title='bbox 1090 2926 1261 2984; x_wconf 85' lang='lat' dir='ltr'>Stellas,</span> <span class='ocrx_word' id='word_1_461' title='bbox 1298 2927 1420 2991; x_wconf 85' lang='lat' dir='ltr'>quod</span> <span class='ocrx_word' id='word_1_462' title='bbox 1465 2926 1686 2991; x_wconf 80' lang='lat' dir='ltr'>significet</span> <span class='ocrx_word' id='word_1_463' title='bbox 1723 2924 2155 2991; x_wconf 67' lang='lat' dir='ltr'>repraesentationem</span> <span class='ocrx_word' id='word_1_464' title='bbox 2196 2923 2421 2972; x_wconf 91' lang='lat' dir='ltr'>bonorum</span> <span class='ocrx_word' id='word_1_465' title='bbox 2462 2925 2513 2972; x_wconf 76' lang='grc' dir='ltr'>δε</span> 
     </span>
     <span class='ocr_line' id='line_1_41' title="bbox 517 2989 2512 3054; baseline 0.001 -18"><span class='ocrx_word' id='word_1_466' title='bbox 517 3003 733 3037; x_wconf 74' lang='lat' dir='ltr'>verorum</span> <span class='ocrx_word' id='word_1_467' title='bbox 759 2991 804 3036; x_wconf 89' lang='lat' dir='ltr'>in</span> <span class='ocrx_word' id='word_1_468' title='bbox 829 2992 1022 3039; x_wconf 79' lang='lat' dir='ltr'>siderum</span> <span class='ocrx_word' id='word_1_469' title='bbox 1046 2994 1299 3050; x_wconf 87' lang='lat' dir='ltr'>intuitione,</span> <span class='ocrx_word' id='word_1_470' title='bbox 1336 2992 1508 3040; x_wconf 89' lang='lat' dir='ltr'>constat</span> <span class='ocrx_word' id='word_1_471' title='bbox 1530 2993 1586 3040; x_wconf 90' lang='lat' dir='ltr'>ab</span> <span class='ocrx_word' id='word_1_472' title='bbox 1626 2993 1711 3039; x_wconf 89' lang='lat' dir='ltr'>illis</span> <span class='ocrx_word' id='word_1_473' title='bbox 1750 3007 1857 3054; x_wconf 84' lang='lat' dir='ltr'>quae</span> <span class='ocrx_word' id='word_1_474' title='bbox 1898 3005 2019 3037; x_wconf 92' lang='lat' dir='ltr'>nunc</span> <span class='ocrx_word' id='word_1_475' title='bbox 2059 2990 2177 3037; x_wconf 59' lang='lat' dir='ltr'>dieta</span> <span class='ocrx_word' id='word_1_476' title='bbox 2209 2989 2326 3047; x_wconf 85' lang='lat' dir='ltr'>sunt,</span> <span class='ocrx_word' id='word_1_477' title='bbox 2363 3003 2464 3038; x_wconf 87' lang='lat' dir='ltr'>tum</span> <span class='ocrx_word' id='word_1_478' title='bbox 2487 3007 2512 3038; x_wconf 88' lang='lat' dir='ltr'>a</span> 
     </span>
     <span class='ocr_line' id='line_1_42' title="bbox 519 3055 2513 3121; baseline 0.001 -20"><span class='ocrx_word' id='word_1_479' title='bbox 519 3057 904 3119; x_wconf 68' lang='lat' dir='ltr'>repraesentatione</span> <span class='ocrx_word' id='word_1_480' title='bbox 928 3059 976 3104; x_wconf 76' lang='grc' dir='ltr'>ὅτ</span> <span class='ocrx_word' id='word_1_481' title='bbox 1000 3059 1320 3121; x_wconf 76' lang='lat' dir='ltr'>significatione</span> <span class='ocrx_word' id='word_1_482' title='bbox 1343 3058 1584 3114; x_wconf 87' lang='lat' dir='ltr'>stellarum,</span> <span class='ocrx_word' id='word_1_483' title='bbox 1620 3056 1747 3120; x_wconf 86' lang='lat' dir='ltr'>quod</span> <span class='ocrx_word' id='word_1_484' title='bbox 1783 3056 1869 3103; x_wconf 78' lang='lat' dir='ltr'>sint</span> <span class='ocrx_word' id='word_1_485' title='bbox 1891 3055 2010 3104; x_wconf 90' lang='lat' dir='ltr'>bona</span> <span class='ocrx_word' id='word_1_486' title='bbox 2032 3058 2082 3105; x_wconf 87' lang='lat'>&amp;</span> <span class='ocrx_word' id='word_1_487' title='bbox 2103 3072 2256 3112; x_wconf 18' lang='lat' dir='ltr'>,vera3</span> <span class='ocrx_word' id='word_1_488' title='bbox 2292 3057 2442 3104; x_wconf 82' lang='lat' dir='ltr'>Stellae</span> <span class='ocrx_word' id='word_1_489' title='bbox 2459 3058 2513 3116; x_wconf 12' lang='lat' dir='ltr'>*in</span> 
     </span>
     <span class='ocr_line' id='line_1_43' title="bbox 520 3120 2512 3186; baseline 0.002 -19"><span class='ocrx_word' id='word_1_490' title='bbox 520 3121 676 3168; x_wconf 85' lang='lat' dir='ltr'>Verbo</span> <span class='ocrx_word' id='word_1_491' title='bbox 699 3121 867 3184; x_wconf 87' lang='lat' dir='ltr'>pluries</span> <span class='ocrx_word' id='word_1_492' title='bbox 884 3120 1208 3183; x_wconf 85' lang='lat' dir='ltr'>memorantur,</span> <span class='ocrx_word' id='word_1_493' title='bbox 1247 3126 1297 3171; x_wconf 82' lang='lat'>&amp;</span> <span class='ocrx_word' id='word_1_494' title='bbox 1321 3124 1468 3180; x_wconf 84' lang='lat' dir='ltr'>ubivis</span> <span class='ocrx_word' id='word_1_495' title='bbox 1504 3123 1756 3186; x_wconf 80' lang='lat' dir='ltr'>significant</span> <span class='ocrx_word' id='word_1_496' title='bbox 1789 3122 1906 3170; x_wconf 90' lang='lat' dir='ltr'>bona</span> <span class='ocrx_word' id='word_1_497' title='bbox 1943 3124 1993 3170; x_wconf 86' lang='lat'>&amp;</span> <span class='ocrx_word' id='word_1_498' title='bbox 2015 3138 2135 3179; x_wconf 85' lang='lat' dir='ltr'>vera,</span> <span class='ocrx_word' id='word_1_499' title='bbox 2173 3125 2306 3170; x_wconf 86' lang='lat' dir='ltr'>etiam</span> <span class='ocrx_word' id='word_1_500' title='bbox 2332 3125 2379 3170; x_wconf 91' lang='lat' dir='ltr'>in</span> <span class='ocrx_word' id='word_1_501' title='bbox 2403 3139 2512 3170; x_wconf 89' lang='lat' dir='ltr'>con·</span> 
     </span>
     <span class='ocr_line' id='line_1_44' title="bbox 517 3186 2511 3252; baseline -0.001 -15"><span class='ocrx_word' id='word_1_502' title='bbox 517 3186 663 3237; x_wconf 64' lang='lat' dir='ltr'>trario&#39;</span> <span class='ocrx_word' id='word_1_503' title='bbox 678 3186 816 3246; x_wconf 90' lang='lat' dir='ltr'>sensu,</span> <span class='ocrx_word' id='word_1_504' title='bbox 852 3188 969 3236; x_wconf 84' lang='lat' dir='ltr'>mala</span> <span class='ocrx_word' id='word_1_505' title='bbox 984 3189 1034 3236; x_wconf 75' lang='grc' dir='ltr'>δε</span> <span class='ocrx_word' id='word_1_506' title='bbox 1055 3187 1186 3244; x_wconf 72' lang='lat' dir='ltr'>falsa,</span> <span class='ocrx_word' id='word_1_507' title='bbox 1214 3189 1435 3252; x_wconf 87' lang='lat' dir='ltr'>seu-quod</span> <span class='ocrx_word' id='word_1_508' title='bbox 1458 3188 1580 3235; x_wconf 88' lang='lat' dir='ltr'>idem</span> <span class='ocrx_word' id='word_1_509' title='bbox 1603 3190 1679 3246; x_wconf 82' lang='lat' dir='ltr'>est,</span> <span class='ocrx_word' id='word_1_510' title='bbox 1700 3190 1905 3252; x_wconf 88' lang='lat' dir='ltr'>Angelos</span> <span class='ocrx_word' id='word_1_511' title='bbox 1929 3188 2001 3236; x_wconf 87' lang='lat' dir='ltr'>seu</span> <span class='ocrx_word' id='word_1_512' title='bbox 2026 3189 2315 3251; x_wconf 87' lang='lat' dir='ltr'>Angelorum</span> <span class='ocrx_word' id='word_1_513' title='bbox 2333 3189 2511 3236; x_wconf 86' lang='lat' dir='ltr'>societa-</span> 
     </span>
     <span class='ocr_line' id='line_1_45' title="bbox 521 3253 2516 3366; baseline -0.002 -64"><span class='ocrx_word' id='word_1_514' title='bbox 521 3262 606 3312; x_wconf 80' lang='lat' dir='ltr'>tes,</span> <span class='ocrx_word' id='word_1_515' title='bbox 641 3266 745 3302; x_wconf 87' lang='lat' dir='ltr'>tum</span> <span class='ocrx_word' id='word_1_516' title='bbox 779 3256 826 3303; x_wconf 87' lang='lat' dir='ltr'>in</span> <span class='ocrx_word' id='word_1_517' title='bbox 848 3257 1071 3305; x_wconf 87' lang='lat' dir='ltr'>contrario</span> <span class='ocrx_word' id='word_1_518' title='bbox 1093 3254 1215 3303; x_wconf 87' lang='lat' dir='ltr'>sensu</span> <span class='ocrx_word' id='word_1_519' title='bbox 1248 3255 1426 3321; x_wconf 82' lang='lat' dir='ltr'>spiritus</span> <span class='ocrx_word' id='word_1_520' title='bbox 1451 3256 1592 3305; x_wconf 84' lang='lat' dir='ltr'>malos</span> <span class='ocrx_word' id='word_1_521' title='bbox 1617 3258 1666 3305; x_wconf 74' lang='grc' dir='ltr'>ὅτ</span> <span class='ocrx_word' id='word_1_522' title='bbox 1689 3272 1849 3306; x_wconf 90' lang='lat' dir='ltr'>eorum</span> <span class='ocrx_word' id='word_1_523' title='bbox 1873 3254 2093 3305; x_wconf 87' lang='lat' dir='ltr'>consortia</span> <span class='ocrx_word' id='word_1_524' title='bbox 2109 3262 2141 3312; x_wconf 72' lang='lat'>3⁶</span> <span class='ocrx_word' id='word_1_525' title='bbox 2160 3271 2269 3303; x_wconf 91' lang='lat' dir='ltr'>cum</span> <span class='ocrx_word' id='word_1_526' title='bbox 2309 3253 2516 3366; x_wconf 60' lang='lat' dir='ltr'>Ange}0⁵</span> 
     </span>
    </p>

    <p class='ocr_par' dir='ltr' id='par_1_8' title="bbox 750 3335 2523 3368">
     <span class='ocr_line' id='line_1_46' title="bbox 750 3335 2523 3368; baseline -0.001 1"><span class='ocrx_word' id='word_1_527' title='bbox 750 3354 753 3356; x_wconf 96' lang='lat'>-</span> <span class='ocrx_word' id='word_1_528' title='bbox 2469 3335 2523 3368; x_wconf 83' lang='lat' dir='ltr'>eu</span> 
     </span>
    </p>
   </div>
  </div>
 </body>
</html>
