2788 3736
415 312 501 374 66
638 320 645 325 ’
951 263 1915 372 ΘΕΝΕΒΊΒ.

486 462 597 511 247.
633 443 779 507 Qod
802 441 977 506 serpens
1001 440 1130 506 super
1153 453 1311 488 ventre
1340 439 1604 498 ambularet,
1640 441 1711 498 fit,
1731 439 1869 505 *quod
1895 430 2098 491 Sensuale
2121 458 2213 490 non
2237 442 2434 506 amplius

424 512 567 579 pofl‘et
605 510 794 574 spectare
833 506 1005 555 sursum
1029 507 1086 555 ad
1118 506 1331 564 coelestia,
1368 519 1419 554 ut
1439 508 1581 571 prius,
1624 505 2010 573 sed-deorsumad
2033 525 2247 572 corporea
2269 509 2319 556 δε
2343 521 2431 555 ter·-

429 577 592 633 restria,
649 573 819 622 constat
859 573 980 631 inde,
1033 573 1160 637 quod
1193 573 1441 635 antiquitus
1482 588 1567 636 per
1585 572 1806 620 Ventrem
1843 573 2094 636 fignificatae
2126 575 2213 622 sint
2244 590 2294 621 ea
2329 588 2436 637 quae

429 643 638 706 proxima
659 653 824 695 terrae,
858 655 939 704 per
962 640 1124 687 PeEtus
1145 656 1252 703 quae
1291 637 1420 702 supra
1450 650 1612 685 terram
1634 660 1648 693 ;
1683 639 1734 686 &
1757 652 1837 702 per
1858 639 2024 702 Caput,
2059 655 2167 702 quae
2188 639 2394 704 suprema
2415 661 2430 694 ;

426 708 488 755 ita
511 707 601 763 hic,
636 706 763 770 quod
789 704 1010 762 Sensuale,
1045 705 1171 769 quod
1196 706 1243 752 in
1265 702 1307 751 se
1327 704 1391 751 est
1410 704 1626 752 infimum
1657 703 1871 760 hominiS,
1923 705 2029 767 quia
2054 703 2105 751 se‘
2125 706 2348 752 convertit
2372 706 2431 752 ad

427 771 644 829 terrestre,
679 771 806 835 quod
829 771 1076 821 ambularet
1097 769 1226 834 super
1247 782 1436 824 ventre·,
1466 766 1558 816 'hoc
1581 785 1765 833 quoque
1788 770 1834 816 in
1860 769 2059 818 Ecclefia
2082 770 2274 831 Judaica
2293 771 2431 833 figni=

427 839 618 886 ficatum
658 837 722 884 est
757 853 838 902 per
877 838 1199 900 depressionem
1222 837 1392 882 ventris
1431 834 1570 898 usque
1593 835 1650 882 ad
1673 847 1854 892 terram,
1892 837 1941 885 δε
1965 851 2046 899 per
2078 833 2435 898 conspersionem

427 903 625 968 pulveris
649 902 962 967 supercaput3
998 903 1119 966 apud
1141 901 1369 949 Davidem
1404 902 1480 956 ita,
1532 905 1566 927 “
1601 901 1755 965 Qare
1778 899 1910 948 facies
1949 914 2048 948 tuas
2071 901 2286 958 occultaS,
2322 899 2435 947 obli-

430 975 464 998 “
498 968 676 1017 visceris
709 968 895 1016 miseriae
917 967 1096 1024 nostrae,
1132 969 1181 1015 &
1206 967 1495 1031 oppreffionis
1518 965 1698 1022 nostrae,
1733 968 1839 1031 quia
1875 965 2105 1014 incurvata
2124 964 2187 1014 est
2209 967 2265 1013 ad
2280 965 2436 1028 pulve-

440 1041 474 1063 “
509 1052 596 1095 rem
634 1036 784 1082 anima
822 1032 984 1090 nostra,
1019 1035 1069 1082 δε
1109 1033 1304 1081 adhaeret
1341 1043 1467 1080 terrae
1490 1034 1644 1080 Venter
1667 1031 1844 1089 noster3
1880 1032 2010 1096 surge
2033 1031 2254 1080 auxilium
2286 1030 2433 1088 nobis,

434 1105 470 1129 ‘⁶
504 1101 767 1163 &redime
805 1115 887 1148 nos
922 1098 1107 1163 propter
1127 1098 1492 1163 Misericordiam
1510 1099 1687 1155 tuam‚’'
1719 1104 1914 1147 xmvz‘2
1923 1115 1969 1161 5,
1997 1099 2076 1155 26,
2105 1115 2179 1162 27.
2217 1096 2296 1144 ubi
2318 1114 2436 1161 quo-

340 1203 347 1211 .
402 1228 404 1231 Ι
428 1183 518 1231 que
541 1165 735 1225 constat,
765 1181 873 1213 cum
907 1166 1066 1212 avertit
1090 1165 1231 1211 homo
1272 1162 1314 1210 se
1338 1180 1363 1211 a
1395 1162 1506 1211 facie
1538 1163 1747 1224 Jehovae,
1782 1163 1907 1228 quod
1942 1164 2209 1221 adhaerescat
2237 1163 2437 1227 Pulveri,

429 1233 479 1281 δε
514 1245 662 1289 terrae,
704 1243 874 1279 ventre.
928 1230 1091 1293 >Apud
1116 1231 1282 1290 Jonam
1319 1229 1454 1278 etiam
1477 1244 1558 1292 per
1579 1230 1799 1276 Ventrem
1832 1228 1962 1292 piscis
2003 1230 2175 1294 magni,
2211 1230 2258 1275 in
2294 1245 2435 1292 quem

433 1296 680 1362 conjectuS,
716 1297 1025 1361 signifi-cantur
1047 1293 1186 1342 infera
1213 1307 1360 1351 terrae,
1395 1306 1448 1342 ut
1472 1293 1643 1342 constat
1681 1311 1706 1343 a
1727 1294 1962 1358 prophetia
1996 1296 2118 1359 apud
2140 1295 2285 1351 Eum,
2323 1299 2357 1322 ‘⁶
2391 1295 2436 1342 E

429 1369 463 1391 “
498 1374 647 1411 ventre
671 1361 832 1410 inferni
865 1361 1074 1418 clamavi,
1111 1359 1320 1408 audivisti
1342 1375 1509 1408 vocem
1534 1361 1733 1419 meam,”
1757 1361 1876 1423 Jon:
1906 1377 1946 1408 11
1969 1379 1980 1409 :
2008 1378 2050 1424 3.
2089 1361 2169 1408 ubi
2203 1358 2433 1407 infernum

406 1427 410 1431 ⁴
431 1445 518 1494 pro
542 1442 656 1477 terra
678 1426 832 1477 infera.
1376 1485 1384 1492 .
1637 1432 1662 1444 ·’
1906 1428 1910 1432 ’

502 1501 610 1556 248.
648 1495 802 1559 Qare
825 1510 932 1543 curn
966 1493 1177 1559 speciaret
1205 1493 1347 1542 homo
1386 1492 1596 1551 coelestia,
1632 1493 1865 1542 dicebatur
1884 1492 2012 1557 quod
2041 1492 2211 1540 ereetus
2249 1493 2349 1549 iret,
2384 1491 2443 1540 &⁴

397 1619 402 1622 ‚
430 1562 558 1626 quod
580 1559 790 1625 spectaret
821 1560 1018 1618 sursum,
1043 1561 1117 1608 vel
1139 1559 1554 1624 antrorsum,‘quod
1590 1560 1748 1616 idem;
1785 1558 1844 1608 at'
1866 1575 1974 1607 cum
1991 1559 2203 1622 speC'taret
2224 1571 2438 1622 corporea

430 1629 479 1676 &
497 1625 725 1683 terrestria,
764 1625 888 1690 quod
913 1623 1172 1674 incurvatus
1196 1626 1299 1674 effet
1322 1626 1379 1673 ad
1402 1623 1582 1683 terram,
1619 1627 1669 1674 δτ
1692 1625 1907 1689 spectaret
1938 1623 2149 1673 deorsum
2171 1624 2245 1671 vel
2271 1636 2434 1671 retror-

394 1706 396 1708 ’
430 1694 560 1749 sum;
597 1704 648 1739 ut
672 1693 718 1739 in
739 1692 969 1748 Levitico,
1007 1698 1044 1719 ‘⁶
1075 1691 1184 1755 Ego
1205 1692 1410 1753 Jehovah
1430 1693 1558 1738 Deus
1576 1691 1733 1748 vester,
1770 1692 1870 1756 Qi
1892 1691 2029 1739 eduxi
2054 1706 2137 1737 vos
2160 1706 2185 1737 e
2208 1702 2323 1737 terra
2344 1689 2433 1737 ΖΕ·

433 1765 467 1787 “
500 1759 652 1823 gypti,
688 1770 744 1806 ne
769 1757 910 1805 effetis
934 1759 986 1804 iis
1009 1756 1137 1814 servi,
1172 1758 1221 1805 gc
1246 1756 1361 1820 fregi
1384 1756 1566 1804 vincula
1579 1755 1686 1820 jugi
1706 1755 1858 1814 vestri,
1882 1757 1932 1804 ὅτ
1955 1757 2018 1804 ire
2041 1755 2126 1802 feci
2149 1770 2233 1822 vos
2253 1756 2432 1812 ereetess’

400 1828 402 1830 ’
432 1839 580 1872 xxvi:
623 1839 694 1886 13.
750 1822 910 1887 'Apud
935 1821 1162 1880 Micham,
1200 1827 1234 1850 ‘⁶
1273 1821 1386 1870 Non
1408 1821 1643 1870 extrahetis
1673 1822 1777 1869 inde
1800 1821 1916 1870 colla
1936 1821 2097 1878 vestra,
2129 1821 2179 1868 ὅτ
2203 1834 2295 1869 non
2314 1821 2434 1869 ibitis

399 1890 403 1894 ’
433 1897 467 1918 “
503 1891 679 1946 erette,”
706 1904 775 1936 11:
804 1906 847 1953 3.
897 1889 1044 1953 Apud
1067 1887 1330 1950 Jeremiam,
1368 1893 1402 1915 “
1424 1888 1672 1936 Peccatum
1711 1888 1916 1951 peccavit
1944 1885 2280 1950 Hierosolyma,
2328 1903 2434 1951 pro-

436 1962 470 1983 “
503 1968 655 2019 pterea
678 1954 1014 2017 vilipenderunt
1045 1970 1162 2011 eam,
1197 1955 1303 2018 quia
1322 1953 1538 2000 viderunt
1561 1953 1811 2000 nuditatem
1844 1951 1955 2016 ejus,
1979 2003 1981 2005 .
2002 1954 2138 2000 etiam
2178 1950 2268 2015 ipsa
2307 1954 2434 2016 inge-

433 2027 467 2049 “
504 2021 638 2077 muit,
675 2020 724 2067 δε
748 2018 959 2067 conversa
981 2019 1046 2067 est
1075 2020 1318 2082 retrorsum.
1387 2019 1465 2066 Ex
1498 2018 1590 2066 alto
1620 2019 1740 2066 misit
1778 2019 1934 2082 ignem
1959 2019 2005 2065 in
2028 2018 2118 2066 offa
2143 2033 2256 2078 mea,
2291 2018 2341 2066 &
2364 2032 2433 2065 re·

436 2093 471 2115 “
506 2087 601 2134 dire
645 2101 718 2132 me
753 2084 861 2132 fecit
898 2086 1142 2149 retrorsum,
1192 2084 1317 2132 dedit
1355 2100 1430 2132 me
1453 2084 1741 2141 desolatam,’'
1773 2083 1960 2132 Thren:
1989 2100 2036 2132 1:
2066 2087 2110 2141 8,
2143 2101 2214 2147 13.
2284 2084 2433 2147 'Apud

434 2151 629 2209 Esaiam,
669 2156 703 2178 “
738 2151 943 2213 Jehovah
966 2150 1250 2215 Redemptor
1271 2163 1394 2208 t‘uUS,
1430 2163 1692 2198 convertens
1716 2149 1926 2214 sapientes
1942 2149 2186 2214 retrorfitm,
2221 2150 2270 2198 &
2296 2149 2431 2197 scien-

436 2224 470 2246 “
505 2219 613 2265 tiam
636 2233 794 2265 eorum
817 2214 1054 2274 infatuat,'’
1079 2233 1226 2265 xmv:
1255 2233 1341 2278 24,
1361 2233 1437 2280 25.
1831 2236 1834 2239 ·
1976 2224 1987 2229 ‘

497 2300 614 2349 249.
651 2282 796 2347 Qod
821 2299 900 2346 per
923 2283 1158 2347 pulverem
1181 2283 1416 2330 comedere
1439 2283 1651 2330 omnibus
1675 2282 1833 2330 diebus
1857 2283 1981 2339 vitae‚
2008 2281 2284 2345 significatur
2305 2283 2432 2345 quod

437 2348 637 2397 Sensuale
657 2349 718 2396 ita
737 2347 925 2406 factum,
961 2358 1013 2396 ut
1037 2364 1094 2396 ex
1115 2348 1202 2396 alio
1225 2365 1362 2412 quam
1386 2363 1444 2396 ex
1465 2361 1684 2413 corporeo
1704 2349 1754 2396 &
1777 2347 1966 2396 terrestri
1983 2347 2134 2396 vivere
2157 2364 2250 2404 non
2271 2347 2429 2412 postet,

434 2418 496 2465 ita
518 2413 741 2471 infernale,
778 2413 948 2463 constat
969 2430 1151 2478 quoque
1175 2431 1230 2461 ex
1252 2414 1576 2478 fignificatione
1598 2415 1798 2479 pulveris
1823 2417 1868 2462 in
1896 2414 2061 2471 Verbo,
2097 2426 2150 2461 ut
2181 2414 2302 2478 apud
2332 2414 2430 2460 Mi·-

434 2481 585 2537 cham,
623 2485 657 2507 “
691 2479 823 2529 Pasce
845 2480 1070 2544 populum
1097 2493 1231 2528 tuum
1253 2478 1387 2544 juxta
1409 2482 1502 2528 dies
1525 2480 1799 2538 aeternitatis,
1834 2479 2055 2527 videbunt
2078 2492 2233 2543 gentes
2256 2481 2305 2528 δι
2323 2492 2428 2526 ‘eru-

402 2551 407 2555 '
439 2552 472 2574 “
507 2544 684 2607 bescent
707 2545 762 2592 ab
794 2549 920 2593 omni
949 2548 1149 2610 potentia
1180 2546 1270 2603 sua,
1319 2546 1518 2594 lambent
1531 2547 1751 2609 pulverem
1774 2547 1887 2594 ficut
1908 2548 2095 2609 serpens,
2132 2546 2180 2593 ὅτ
2202 2546 2316 2603 ficut
2337 2546 2429 2612 ser·
2474 2563 2498 2577 ··

435 2618 466 2639 “
495 2622 641 2675 pentes
662 2624 792 2659 terrae
814 2613 1231 2659 commovebuntur
1250 2629 1274 2659 e
1296 2611 1504 2660 clausuris
1527 2611 1630 2670 suis,
1666 2628 1774 2660 vir:
1807 2630 1882 2673 14,
1915 2613 1988 2669 16,
2020 2626 2092 2676 17.
2126 2611 2219 2658 dies
2243 2611 2423 2658 aeterni-

438 2679 537 2725 tatis
561 2694 646 2741 pro
669 2679 966 2741 antiquiffima
988 2678 1203 2735 Ecclefia,
1239 2691 1396 2742 gentes
1425 2694 1510 2742 pro
1543 2680 1595 2725 iis
1633 2680 1716 2742 qui
1754 2678 1904 2725 fidunt
1939 2677 2141 2741 proprio,
2178 2677 2235 2723 de
2264 2674 2430 2738 quibus

438 2744 708 2806 praedicatur
732 2743 923 2790 lambere
946 2744 1177 2807 pulverem
1205 2744 1317 2791 ficut
1338 2743 1526 2807 serpens.
1575 2744 1743 2808 ,Apud
1764 2743 2010 2798 Davidem,
2063 2746 2099 2768 ‘⁸
2132 2742 2302 2788 Coram
2324 2742 2431 2790 Deo

438 2815 472 2836 ‘⁶
506 2808 870 2859 incurvabuntse
893 2808 1079 2867 barbari,
1121 2811 1171 2857 δε
1194 2809 1338 2857 hostes
1362 2810 1480 2856 illius
1508 2809 1728 2871 pulverem
1767 2808 2013 2864 lambent?
2046 2805 2224 2855 Psalm:
2263 2821 2428 2854 Lxxn:

437 2893 480 2938 9.
523 2874 700 2931 Barbari
722 2876 771 2922 ὅτ
795 2874 939 2922 hostes
962 2891 1046 2938 pro
1068 2877 1136 2932 iis,
1173 2877 1252 2939 qui
1275 2875 1421 2938 solum
1444 2874 1658 2922 terrestria
1677 2875 1728 2921 δι’
1752 2872 1979 2920 mundana
2001 2872 2211 2937 spectant.
2280 2873 2428 2937 Apud

437 2939 630 2995 Esaiam,
685 2945 719 2966 “
753 2942 965 3001 Serpentes
994 2941 1143 3003 pulvis
1165 2942 1341 3004 panis?
1365 2955 1488 2987 va:
1526 2956 1602 3002 25.
1689 2940 1813 3004 Qia
1845 2939 2007 3001 pulvis*
2027 2937 2302 3001 significabat
2331 2955 2424 2996 eos,

438 3008 518 3068 qui
543 3022 635 3052 non
653 3004 893 3070 spiritualas
913 3006 962 3052 δε
986 3006 1197 3063 coelestia,
1233 3004 1313 3052 sed¹
1339 3021 1553 3068 corporea
1573 3005 1624 3053 ὅτ
1647 3004 1862 3052 terrestria
1882 3003 2140 3067 spectarent,
2176 3019 2201 3051 a
2220 3004 2428 3052 Domino

436 3071 704 3119 mandatum
729 3070 972 3133 discipulis,
997 3084 1050 3118 ut
1072 3072 1105 3118 fi
1129 3071 1238 3118 urbs
1265 3083 1343 3117 aut
1365 3071 1530 3118 domus
1544 3086 1646 3123 ,non
1669 3071 1810 3133 digna
1830 3070 1950 3127 effer,
1986 3082 2242 3118 excuterent
2264 3070 2427 3133 pulve-

404 3135 410 3139 ’
435 3152 531 3183 rem
556 3136 728 3199 pedum
749 3136 949 3193 suorum,
986 3136 1169 3186 Matth:
1195 3152 1246 3184 x:
1278 3154 1350 3196 14.
1373 3150 1379 3158 ··
1403 3127 1722 3202 Qod.ptilvis
1745 3136 1966 3199 significet
1989 3137 2252 3184 damnatum
2271 3137 2320 3184 ὅτ
2353 3136 2421 3182 in-

404 3199 612 3258 '·fernale,
654 3202 891 3250 videantur
920 3201 1048 3265 plura
1071 3202 1127 3250 ad
1151 3201 1277 3250 vers:
1310 3220 1380 3267 19.
2108 3203 2114 3207 '

2318 3281 2422 3327 250·
2450 3321 2458 3325 ,.
