2788 3736
372 261 505 330 320
938 229 1910 306 GENESIS.

369 373 661 435 vertebantur
686 365 931 418 secundum
957 367 1332 433 significationem
1372 383 1523 418 rerum
1556 368 1602 416 in
1627 367 1762 417 sensuv
1784 369 1977 426 interno,
2025 370 2071 419 in
2097 369 2380 434 repraesenta·

371 444 516 489 tiones
538 438 780 503 spirituales
805 434 1198 501 correspondentes
1230 435 1353 501 apud
1378 433 1576 500 angelos.
1648 435 1782 494 Quia.
1819 437 1987 484 omnia,
2017 436 2059 484 se
2078 435 2083 441 '
2103 437 2269 487 habent
2316 453 2381 487 re-

372 507 568 572 speffive
601 504 657 551 ad
682 504 934 556 hominem,
976 502 1032 549 de
1055 503 1151 565 quo
1174 502 1494 566 praedicantur,
1532 503 1593 549 ita
1625 518 1808 566 quoque
1835 499 2382 569 significatiossanguinis3

374 573 566 635 Sanguis
590 569 832 634 respeetive
856 568 910 616 ad
937 569 1172 618 hominem
1198 580 1513 632 regeneratum
1548 565 1820 635 spiritualem
1859 567 2082 632 fignificat
2104 563 2382 631 charitatem,

375 638 450 685 seu
474 653 676 684 amorem
711 652 817 701 erga
840 637 1137 701 proximum;
1174 634 1414 699 respefitive
1449 633 1505 681 ad
1537 634 1771 683 hominem
1814 634 2130 699 regeneratum
2150 636 2383 695 coelestem

376 704 599 769 fignificat
631 719 833 752 amorem
859 705 903 750 in
926 703 1186 750 Dominum
1217 724 1231 759 3
1277 713 1320 749 at
1360 700 1601 766 respective
1639 701 1697 749 ad
1719 701 1998 756 Dominum,
2036 698 2255 764 fignificat
2282 719 2384 751 om·

379 787 486 820 nem
510 772 784 818 Humanam
807 769 949 834 Ipsius
972 768 1235 830 Effentiam,
1271 769 1461 832 proinde
1505 767 1659 832 Ipsum
1686 769 1929 824 Amorem,
1977 766 2065 815 hoc
2100 766 2180 824 est,
2243 768 2386 832 Ipfius

379 836 741 887 Misericordiam
777 852 884 901 erga
929 851 1072 900 genus
1110 835 1400 889 humanum:
1436 834 1541 883 inde
1567 835 1776 898 Sanguis,
1813 835 1859 882 in
1895 849 2071 898 genere,
2106 835 2213 897 quia
2235 835 2384 883 Amo-

383 920 480 952 rem
512 904 561 951 &
586 919 691 968 quae
730 904 911 962 amoriS,
962 901 1181 966 fignificat
1221 901 1433 956 coelestia,
1480 917 1586 965 quae
1627 901 1775 949 Solius
1809 901 2001 949 Domini
2041 899 2159 956 sunt,
2217 901 2278 948 ita
2321 903 2389 948 re-

379 970 577 1035 spefiiive
622 970 678 1017 ad
724 970 958 1017 hominem
1005 967 1216 1025 coelestia,
1264 984 1370 1032 quae
1416 968 1558 1016 homo
1596 968 1761 1031 accipit
1807 983 1834 1014 a
1875 967 2134 1023 Domino,
2172 966 2387 1024 coelestia,

381 1053 490 1102 quae
538 1036 679 1084 homo
718 1047 999 1101 regeneratus
1047 1033 1281 1099 spiritualis
1333 1036 1498 1098 accipit
1543 1051 1568 1082 a
1613 1034 1837 1098 Domino,
1900 1033 2002 1081 sunt
2047 1032 2244 1085 coelestia
2301 1033 2386 1098 spi-

384 1103 574 1160 ritualia,
636 1103 694 1151 de
758 1102 939 1166 quibus,
1012 1117 1068 1148 ex
1133 1101 1305 1149 Divina
1367 1101 1560 1151 Domini
1606 1099 1936 1156 Misericordia,
2012 1099 2133 1147 alibi.
2242 1099 2388 1165 Qod

385 1171 577 1234 Sanguis
622 1169 844 1233 significet
889 1167 1101 1224 coelestia,
1151 1168 1201 1215 &
1241 1167 1287 1214 in
1333 1165 1543 1231 supremo
1588 1162 1711 1214 sensu
1756 1165 2073 1229 significaverit
2116 1167 2389 1214 Humanam

324 1250 329 1253 ·
384 1233 582 1285 Domini
606 1236 867 1292 Ess'entiam,
904 1236 964 1281 ita
994 1233 1147 1297 Ipsum
1175 1234 1418 1290 Amorem,
1455 1231 1529 1279 seu
1552 1232 1693 1296 Ipsius
1717 1231 2078 1280 Misericordiam
2119 1249 2225 1296 erga
2247 1248 2390 1296 genus

385 1302 659 1358 humanum,
696 1299 893 1348 constare
917 1299 1063 1364 potest
1085 1316 1108 1346 a
1132 1298 1372 1355 sanetitate‚
1410 1314 1499 1362 qua
1523 1299 1787 1346 mandatum
1814 1310 1866 1345 ut
1889 1297 2124 1346 haberetur
2147 1297 2322 1362 sanguis
2344 1300 2391 1347 in

387 1369 587 1417 Ecclesia
609 1366 966 1432 repraesentativa
987 1366 1211 1427 Judaica;
1248 1365 1350 1413 ideo
1374 1365 1567 1428 Sanguis
1591 1365 1835 1429 appellatus
1873 1363 2048 1429 sanguis
2086 1365 2304 1421 foederis3
2341 1366 2390 1412 δε

385 1434 553 1499 sparsus
576 1433 707 1499 super
729 1433 991 1498 populum;
1043 1444 1144 1480 tum
1192 1430 1322 1496 super
1343 1431 1606 1478 Aharonem
1645 1433 1695 1478 δε
1735 1431 1852 1478 filios
1891 1430 1985 1494 ejus
2024 1447 2115 1478 una
2145 1448 2254 1479 cum
2291 1431 2392 1479 oleo

387 1502 647 1560 unftionis3
683 1501 731 1548 &
756 1502 905 1547 omnis
929 1498 1174 1546 holocausti
1207 1499 1257 1546 δε
1296 1496 1497 1545 sacrificii
1527 1497 1657 1562 super
1679 1497 1810 1546 altare
1850 1499 1899 1545 &
1931 1499 2105 1546 circum
2142 1498 2294 1551 altare,
2334 1497 2394 1544 de

387 1568 571 1632 quibus,
608 1567 767 1615 Exod:
795 1582 903 1614 xri:
933 1582 978 1630 7,
1008 1582 1082 1629 13,
1112 1581 1188 1622 22,
1220 1581 1293 1628 23.
1346 1565 1472 1628 Cap:
1501 1580 1649 1612 xxiv:
1679 1565 1725 1621 6,
1762 1568 1804 1613 8.
1856 1564 2101 1612 Levitz1:
2129 1582 2175 1627 5,
2209 1582 2283 1621 11,
2316 1582 2389 1625 15.

390 1636 517 1700 Cap:
550 1650 631 1682 iv:
660 1635 708 1691 6,
737 1651 781 1699 7,
814 1648 888 1697 17,
922 1637 995 1686 18,
1023 1648 1103 1695 25,
1131 1648 1210 1694 30,
1239 1648 1315 1694 34.
1352 1631 1474 1693 Cap:
1500 1646 1562 1677 v:
1592 1647 1635 1692 9.
1674 1631 2174 1695 Capzxv11:12',13,
2206 1649 2281 1691 14,
2315 1649 2390 1692 15,

398 1706 476 1758 18,>
507 1715 577 1762 19.
613 1701 745 1748 Num
768 1719 777 1748 :
805 1715 937 1745 xvn1
961 1716 971 1746 :
1005 1703 1076 1747 18.
1113 1698 1269 1744 Deut:
1295 1712 1369 1743 xlx
1392 1713 1402 1742 ε
1433 1711 1510 1761 27.
1561 1695 1646 1743 -Et
1668 1697 1774 1759 quia
1790 1696 1981 1758 Sanguis
2005 1709 2098 1743 tam
2120 1696 2292 1744 sanstus
2316 1697 2392 1743 ha-

391 1766 531 1824 bitus,
567 1768 616 1815 &
640 1765 948 1814 voluntarium
985 1763 1181 1812 hominis
1204 1774 1298 1810 tam
1322 1761 1609 1827 prophanum
1639 1760 1717 1819 est,
1754 1761 1856 1808 ideo
1879 1761 1940 1808 ob
1963 1761 2395 1825 repraesentationem

392 1833 762 1899 prophanationis
787 1831 936 1888 saneti,
970 1843 1063 1880 tam
1090 1829 1234 1877 severe
1258 1828 1539 1894 prohibitum
1556 1827 1659 1885 fuit,
1699 1845 1754 1876 ne
1778 1827 1952 1892 sanguis
1975 1827 2304 1883 comederetur,
2345 1840 2398 1876 ut

390 1900 515 1964 apud
531 1899 712 1957 Mosen,
738 1904 771 1926 “
794 1899 1024 1946 Statutum
1047 1898 1304 1945 aeternitatis
1320 1896 1367 1943 in
1381 1896 1687 1959 generationes
1705 1894 1884 1952 vestras,
1918 1895 1964 1942 in
1992 1893 2205 1943 omnibus
2228 1894 2395 1942 habita-

395 1972 430 1995 “
468 1966 665 2014 tionibus
682 1965 854 2022 vestris,
879 1963 1027 2011 ullum
1046 1964 1225 2024 adipem,
1250 1963 1300 2009 &
1317 1962 1463 2009 ullum
1481 1963 1728 2024 Sanguinem
1744 1977 1823 2008 non
1846 1960 2107 2016 comedetis,”
2129 1961 2234 2008 Lev
2253 1979 2264 2008 :
2294 1977 2359 2008 111
2381 1980 2392 2011 z

404 2034 477 2082 16.
515 2033 675 2095 Adeps
691 2047 775 2095 pro
793 2032 887 2078 vita
900 2028 1087 2086 coelesti,
1112 2029 1161 2076 ὅτ
1177 2028 1353 2092 sanguis
1370 2028 1431 2075 ibi
1446 2044 1530 2093 pro
1547 2027 1715 2076 coelesti
1733 2026 1957 2092 spiritual:
1983 2026 2163 2074 coeleste
2178 2026 2400 2091 spirituale

394 2098 460 2147 est
494 2097 717 2162 spirituale
740 2097 865 2161 quod
890 2113 914 2143 a
937 2095 1139 2150 coelesti;
1183 2095 1296 2142 sicut
1329 2095 1450 2158 apud
1481 2095 1854 2157 Antiquisiimam
1877 2092 2141 2149 Ecclesiam,
2176 2097 2329 2140 Amor
2351 2095 2398 2145 in

395 2166 658 2214 Dominum
697 2163 875 2212 coeleste
911 2178 1069 2209 eorum
1110 2159 1198 2208 fuit
1237 2161 1341 2224 quia
1378 2160 1602 2209 voluntati
1640 2159 1800 2207 eorum
1838 2158 2173 2223 implantatum,
2219 2158 2399 2207 coeleste

397 2230 623 2296 spirituale
667 2246 826 2278 eorum
858 2241 949 2276 erat
988 2229 1102 2276 fides
1141 2227 1262 2284 inde,
1316 2227 1372 2275 de
1410 2243 1501 2290 qua
1533 2243 1594 2273 n:
1622 2243 1701 2290 30,
1727 2224 1783 2272 ad
1810 2229 1887 2289 38,
1916 2241 2027 2289 337,
2062 2240 2173 2289 393,
2203 2230 2312 2288 398.
2353 2239 2399 2273 at

397 2298 520 2363 apud
544 2297 778 2345 hominem
804 2294 1077 2361 spiritualem
1109 2310 1201 2341 non
1235 2294 1367 2342 datur
1403 2291 1598 2350 coeleste,
1634 2292 1740 2358 quia
1761 2290 1947 2340 charitas
1971 2291 2235 2356 implantata,
2266 2291 2328 2339 est
2352 2293 2398 2339 in

398 2376 525 2428 parte
547 2361 642 2427 ejus
666 2361 966 2418 intelledmali,
1004 2360 1076 2408 sed
1101 2359 1279 2408 coeleste
1314 2358 1563 2423 spirituale:
1613 2358 1736 2424 apud
1776 2358 2008 2424 Eundem,
2047 2362 2080 2384 ‘⁶
2117 2356 2336 2422 Qisquis
2375 2376 2399 2407 e

398 2435 436 2458 ·“
471 2431 613 2481 domo
635 2428 818 2486 Israelis,
855 2439 931 2474 aut
963 2444 988 2474 e
1020 2428 1257 2491 peregrino
1281 2427 1588 2490 peregrinante
1628 2426 1672 2471 in
1721 2424 1874 2471 medio
1919 2440 2095 2480 eorum,
2143 2426 2224 2487 qui
2270 2441 2397 2473 come-

399 2501 435 2525 “
468 2497 580 2549 derit
603 2495 730 2547 ullum
756 2496 1017 2558 Sanguinem,
1053 2494 1103 2542 &
1129 2492 1246 2541 dabo
1292 2490 1424 2540 facies
1464 2507 1585 2539 meas
1607 2503 1765 2548 contra
1787 2492 1986 2538 animam
2010 2491 2273 2538 comedentem
2295 2493 2400 2538 San·-

396 2567 435 2593 -“
460 2565 646 2626 guinem,
683 2562 733 2609 δε
756 2560 1010 2609 exscindam
1034 2576 1132 2607 eam
1168 2576 1191 2607 e
1230 2558 1384 2606 medio
1418 2558 1578 2624 populi
1614 2554 1728 2621 ejus,
1764 2557 1870 2620 quia
1897 2559 2040 2605 anima
2063 2559 2203 2609 carnis
2234 2559 2280 2603 in
2294 2558 2399 2604 San·

402 2634 436 2658 ‘⁶
461 2630 593 2693 guina
615 2628 722 2684 illa·,
757 2628 807 2675 &
835 2628 938 2694 Ego
961 2626 1065 2673 dedi
1089 2626 1221 2674 illum
1244 2624 1375 2673 vobis
1414 2624 1544 2688 super
1581 2623 1728 2680 altare,
1769 2623 1827 2670 ad
1850 2622 2125 2689 expiandum
2159 2622 2289 2685 super
2308 2625 2399 2670 ani-

397 2700 435 2725 ⁴“
471 2711 568 2744 mas
590 2694 768 2751 vestraS,
805 2695 912 2757 quia
935 2695 1113 2755 Sanguis
1149 2691 1238 2758 ipse
1277 2707 1362 2756 pro
1405 2693 1554 2740 anima
1589 2689 1801 2754 expiabit.
1870 2691 2043 2738 Anima
2073 2690 2221 2737 omnis
2260 2693 2402 2738 carnis

402 2765 437 2790 ‘⁶
472 2763 651 2825 Sanguis
704 2757 798 2824 ejus
839 2761 853 2806 i
888 2758 945 2817 se,
980 2760 1131 2808 omnis
1166 2759 1369 2807 comedens
1419 2757 1567 2815 illum,
1618 2755 1948 2811 exscindetur,’'
1991 2754 2124 2801 Lev:
2151 2769 2292 2803 xvn:
2326 2773 2401 2813 10,

406 2844 483 2885 11,
522 2845 593 2887 14.
631 2826 692 2874 ibi
719 2777 964 2885 manifxgste,
1000 2825 1123 2889 quod
1150 2826 1297 2872 anima
1319 2825 1461 2872 carnis
1485 2825 1532 2870 in
1566 2822 1794 2887 sanguine,
1829 2822 1879 2868 ὅτ
1911 2819 2050 2883 quodv
2074 2821 2223 2867 anima
2262 2823 2404 2869 carnis

398 2892 593 2957 sanguis,
646 2892 721 2939 seu
767 2890 962 2950 coeleste,
1020 2891 1106 2939 hoc
1150 2890 1238 2949 est,
1296 2889 1513 2947 sanitum,
1562 2887 1688 2952 quod
1722 2886 1943 2951 Domini:
2003 2885 2125 2951 apud
2165 2886 2401 2947 Eundem,

400 2964 436 2988 “
473 2958 711 3006 Confirma
740 2969 801 3015 te,
837 2968 890 3005 ut
912 2974 1003 3005 non
1027 2957 1211 3005 comedas
1234 2958 1497 3019 Sanguinem,
1534 2954 1640 3017 quia
1661 2954 1842 3015 Sanguis
1881 2949 1971 3015 ipse
2005 2952 2169 3009 anima,
2216 2953 2266 3000 &
2289 2970 2402 3011 ,non

402 3029 439 3055 “
471 3023 648 3074 comedes
668 3025 865 3071 animam
889 3039 999 3071 cum
1015 3022 1197 3078 carne,’'
1233 3023 1386 3069 Deut:
1413 3036 1491 3066 x11
1515 3038 1526 3067 :
1555 3036 1632 3083 23,
1664 3035 1742 3078 24,
1771 3034 1846 3080 25.
1882 3033 1939 3064 ex
1971 3017 2039 3065 his
2063 3017 2265 3066 similiter
2293 3027 2401 3068 con-

399 3090 502 3149 stat,
538 3089 666 3156 quod
702 3089 876 3154 sanguis
911 3089 1087 3136 dicatur
1107 3090 1270 3144 anima,
1305 3087 1392 3134 hoc
1425 3084 1508 3142 est,
1542 3086 1638 3141 vita
1675 3084 1883 3141 coelestis,
1931 3082 2004 3131 seu
2029 3083 2226 3142 coeleste,
2275 3087 2404 3150 quod

397 3153 760 3224 per'holocausta
781 3157 830 3205 &
852 3153 1064 3203 sacrificia
1086 3153 1222 3220 ipsius
1236 3151 1451 3203 Ecclefiae
1469 3149 1891 3217 repraesentabatur,
1927 3167 1982 3198 ne
1999 3166 2183 3215 quoque
2207 3152 2402 3211 coeleste,

2279 3218 2407 3283 quod
