2788 3736
902 267 1330 333 CAPUT
1426 248 1960 330 SEXTUM.
2323 271 2447 354 185

434 407 524 456 iffis
567 402 865 469 persuasiones
910 400 1021 459 falfi,
1058 418 1165 465 quae
1203 397 1548 464 exstinguebant
1585 404 1723 445 or'nne
1746 414 1910 445 verum
1934 398 1992 445 &r
2011 395 2205 454 bon-um,
2243 397 2292 444 δε
2317 398 2452 446 fimul

434 471 794 521 vintercludebant
817 472 939 517 viam
967 485 1049 532 pro
1071 467 1312 532 Reliquiis,
1349 481 1406 512 ne
1445 466 1620 527 operari
1655 465 1851 527 poffent,
1888 464 1993 511 inde
2016 479 2110 510 non
2131 466 2284 529 potuit
2307 465 2452 521 aliter,

396 530 404 538 ’
436 554 582 603 quarn
605 539 734 602 quod
758 537 896 586 semet
918 535 1191 599 perderent;
1221 549 1337 580 cum
1362 530 1599 578 interclusa
1620 530 1684 576 est
1707 532 1782 577 via
1797 547 1883 593 pro
1897 531 2138 594 ReliquiiS,
2176 543 2287 578 tunc
2311 531 2456 579 homo

436 623 533 654 non
557 605 753 669 amplius
777 603 842 651 est
865 603 1025 658 homo,
1055 602 1168 664 quia
1205 615 1299 646 non
1334 596 1531 660 amplius
1571 597 1709 643 tutari
1733 597 1882 659 potest
1919 597 1975 643 ab
2009 597 2195 659 angelis,
2230 596 2306 644 sed
2331 611 2455 651 totus

434 686 631 736 quantus
653 671 901 735 poffidetur
922 685 948 716 a
970 667 1097 715 malis
1120 664 1366 729 spiritibUS,
1402 665 1483 725 qui
1506 678 1600 715 non
1622 662 1747 709 aliud
1776 662 1957 709 student
1989 664 2040 709 δε
2066 665 2276 726 cupiunt,
2312 681 2453 728 quam

437 751 491 786 ut
513 739 748 793 hominem
788 734 1111 798 exstinguant3
1160 730 1267 780 inde
1307 745 1431 776 mors
1455 729 1919 784 antediluvianorum,
1956 744 2063 791 quae
2089 730 2352 778 describitur
2371 748 2457 795 per

434 805 684 860 diluvium,
721 803 794 850 seu
830 799 1173 847 inundationem
1212 796 1430 844 totalem:
1468 796 1668 842 influxus
1707 793 2040 858 phantasiarum
2072 795 2122 841 δε
2147 797 2453 859 cupiditatum

437 888 463 918 a
497 871 627 918 malis
651 867 874 933 spiritibus
897 867 1034 912 etiam
1058 881 1151 911 non
1172 863 1237 927 est
1258 862 1480 910 diffimilis
1504 862 1688 909 cuidam
1713 861 1906 917 diluvio,
1949 876 2088 924 quare
2110 862 2247 907 etiam
2271 865 2317 909 in
2341 866 2456 911 Ver-

438 937 500 984 bo
522 938 682 1000 paffim
705 946 898 982 vocatur
922 932 1153 979 diluvium
1191 929 1266 976 seu
1306 929 1562 984 inundatio,
1598 928 1743 991 quod,
1780 943 1838 975 ex
1862 928 2035 975 Divina
2055 928 2252 974 Domini
2279 929 2456 978 Miseri-

440 1003 615 1059 cordia,
652 1000 881 1050 videbitur
903 1001 950 1046 in
971 995 1307 1062 praemittendis
1332 994 1391 1042 ad
1424 995 1577 1059 Caput
1612 995 1836 1058 sequens„

505 1070 616 1117 661.
653 1068 736 1116 Ad
775 1064 1060 1130 perdendum
1101 1078 1288 1110 omnem
1329 1060 1537 1118 carnem,
1565 1063 1612 1108 in
1636 1078 1727 1124 qua
1749 1061 1928 1125 spiritus
1951 1062 2168 1119 vitarum,
2205 1061 2285 1110 sub
2304 1063 2456 1120 coelis,

439 1135 568 1200 quod
608 1133 847 1197 significet,
896 1129 1025 1195 quod
1060 1129 1103 1178 se
1141 1129 1350 1193 perderet
1390 1130 1540 1176 omnis
1573 1128 1803 1192 posteritas
1840 1128 2058 1175 Ecclefiae
2096 1130 2456 1192 Antiquiffimae,

438 1200 614 1250 constat
647 1199 768 1256 inde,
804 1210 904 1245 tum
944 1213 1003 1245 ex
1042 1212 1204 1244 eorum
1228 1194 1528 1259 descriptione
1564 1196 1707 1258 prim,
1743 1195 1871 1258 quod
1913 1194 2149 1242 succeffive
2172 1195 2458 1245 haereditario

439 1269 656 1319 traxerint
678 1282 704 1313 a
725 1263 984 1330 parentibus
1010 1262 1149 1310 talem
1173 1264 1382 1325 genium,
1419 1274 1471 1310 ut
1506 1274 1600 1308 tam
1638 1262 1747 1308 diris
1786 1260 2158 1325 persuasionibus,
2211 1279 2310 1326 prae
2341 1263 2456 1319 aliis,

438 1334 777 1388 imbuerentur-3
814 1330 1041 1395 imprimis
1063 1345 1121 1376 ex
1144 1328 1286 1386 causa,
1311 1328 1439 1393 quod
1456 1328 1719 1376 doctrinalia
1734 1327 1859 1384 fidei,
1877 1344 1985 1391 quae
2008 1328 2130 1391 apud
2154 1327 2197 1375 se
2219 1328 2457 1385 habebant,

431 1400 763 1464 cupiditatibus
782 1397 869 1445 suis
886 1395 1148 1453 infuderint,
1166 1408 1277 1443 tunc
1292 1395 1400 1442 tales
1417 1393 1523 1442 faeti
1534 1394 1684 1452 3aliter
1700 1393 1741 1441 se
1767 1410 1835 1441 res
1851 1394 2006 1441 habuit
2023 1411 2132 1442 cum
2156 1396 2226 1452 iis,
2241 1397 2322 1459 qui
2335 1397 2460 1443 nulla

441 1466 703 1515 doClrinalia
725 1465 833 1512 fidei
854 1463 1036 1521 habent,
1072 1461 1145 1510 sed
1170 1463 1229 1509 in—
1241 1462 1495 1526 ignorantia
1515 1459 1695 1526 prorsus
1718 1461 1902 1518 vivunt,
1929 1462 1960 1507 ii
1984 1478 2077 1509 non
2100 1462 2281 1524 poffunt
2309 1465 2372 1510 ita
2394 1461 2458 1509 fa·

433 1549 556 1591 cere,
576 1534 637 1580 ita
649 1549 742 1581 non
755 1530 1031 1596 prophanare
1049 1528 1209 1586 sancia,
1227 1529 1278 1577 &
1291 1529 1351 1578 fic
1366 1527 1662 1577 intercludere
1671 1529 1797 1576 viam
1813 1543 1899 1592 pro
1914 1527 2130 1593 reliquiiS,
2141 1528 2460 1593 consequenter

434 1616 534 1649 non
557 1599 742 1663 angelos
764 1599 959 1647 Domini
981 1613 1006 1644 a
1029 1595 1070 1644 se
1094 1595 1346 1660 expellere:
1384 1594 1642 1660 Reliquiae,
1665 1607 1719 1642 ut
1762 1595 1960 1652 dictum,
1998 1595 2101 1642 sunt
2138 1597 2296 1644 omnia
2326 1597 2457 1643 inno-

431 1668 622 1723 sentiae,
658 1667 812 1725 omnia
849 1665 1089 1720 charitatiS‚
1124 1664 1280 1711 omnia
1315 1661 1653 1718 misericordiae,
1682 1662 1740 1711 &
1774 1664 1930 1709 omnia
1951 1662 2153 1709 veritatis
2189 1662 2314 1719 fidei,
2351 1679 2459 1726 quae

363 1730 366 1733 ’
441 1733 586 1783 homo
624 1732 680 1780 ab
722 1730 907 1779 infantia
929 1747 954 1776 a
974 1730 1185 1778 Domino
1207 1727 1382 1786 habuit,
1417 1729 1469 1775 δε
1505 1728 1694 1783 didicit;
1732 1729 1959 1775 omnia&
1989 1728 2165 1792 singula
2188 1728 2263 1775 illa
2295 1745 2454 1776 recon-

442 1798 614 1846 duntur
634 1821 648 1854 ;
683 1813 789 1860 quae
812 1797 846 1844 s1
870 1797 1013 1843 homo
1035 1811 1128 1843 non
1151 1794 1348 1851 haberet,
1383 1792 1607 1857 nusquam
1630 1794 1802 1857 aliquid
1834 1795 2121 1851 innocentiae,
2153 1794 2382 1842 charitatis
2405 1796 2456 1843 δε

443 1863 764 1912 misericordiae
799 1861 1012 1926 potuisset
1050 1861 1182 1908 ineffe
1203 1858 1299 1924 ejus
1328 1861 1665 1924 cogitationi&
1687 1860 1957 1918 aftionibus,
1988 1860 2185 1924 proinde
2211 1860 2325 1909 nihil
2342 1861 2459 1909 boni

442 1931 494 1978 ὅτ
518 1932 629 1988 veri,
660 1929 773 1977 inde
797 1927 925 1992 pejor
955 1925 1072 1975 foret
1093 1926 1370 1975 immanibus
1393 1924 1504 1974 feris
1522 1949 1539 1982 ;
1571 1919 1775 1974 similiter
1796 1926 1831 1975 fi
1853 1927 2033 1975 haberet
2054 1927 2263 1991 reliquias
2280 1927 2458 1986 talium,

443 2008 490 2043 at
510 2012 592 2060 per
625 1994 771 2043 foedas
812 1994 1098 2058 cupiditates»,
1124 1994 1185 2041 ὅτ,
1216 1993 1332 2040 diras
1354 1991 1652 2057 persuasiones
1675 1991 1788 2050 falfi,
1822 1994 1949 2040 viam
1981 1993 2228 2050 obturaret,
2267 2011 2323 2042 ne
2346 2011 2457 2058 ope-

443 2065 527 2111 rari
561 2063 766 2126 poffent;
802 2061 912 2108 tales
944 2058 1128 2108 fuerunt
1151 2060 1492 2117 antediluviani,
1544 2061 1624 2123 qui
1662 2058 1802 2107 semet
1839 2059 2153 2124 perdiderunt,
2188 2062 2271 2124 qui
2294 2061 2482 2121 intelli-1

443 2141 616 2192 guntur
653 2145 733 2193 per
773 2124 1182 2184 omnem'carnem,
1201 2128 1266 2195 ¹in
1299 2143 1390 2191 qua
1412 2125 1591 2190 spiritus
1614 2127 1833 2184 vitarum,
1867 2125 1949 2174 sub
1973 2126 2120 2175 coelis.
2175 2128 2296 2176 Caro
2319 2127 2459 2191 figni-

442 2196 566 2253 ficat,
602 2207 656 2243 ut
678 2196 803 2258 prius
826 2193 1069 2251 ostensum,
1105 2209 1295 2242 omnem
1319 2193 1555 2241 hominem
1578 2193 1639 2240 'in
1672 2209 1853 2257 genere,
1889 2193 1940 2241 δε
1980 2209 2253 2257 corporeum
2279 2197 2325 2242 in
2361 2194 2458 2259 spe-

438 2264 511 2310 cie
531 2284 546 2318 ;
582 2262 759 2326 spiritus
782 2262 979 2309 vitarum
1004 2275 1192 2308 omnem
1215 2262 1358 2307 vitam
1383 2262 1429 2307 in
1453 2275 1632 2324 genere,
1655 2261 1732 2314 sed
1755 2262 1938 2324 proprie
1962 2260 2148 2309 illorum
2180 2262 2342 2318 vitam,
2378 2262 2460 2326 qui

440 2329 689 2392 regenerati
726 2326 925 2390 fuerunt,
962 2330 1023 2377 ita
1060 2328 1134 2375 hic
1173 2326 1479 2391 posteritatem
1512 2327 1725 2376 ultimam
1749 2327 1968 2376 Ecclefiae
2003 2328 2362 2391 Antiquiffimae,
2412 2330 2459 2390 in

370 2422 379 2427 -
443 2411 536 2457 qua
558 2394 731 2442 tametsi
762 2394 885 2459 nulla
904 2395 999 2442 vita
1034 2394 1142 2442 fidei
1165 2393 1353 2450 refidua,
1389 2392 1530 2457 usque
1565 2395 1672 2458 quia
1693 2410 1719 2440 a
1741 2394 1999 2458 parentibus
2023 2406 2254 2443 traxerunt
2286 2394 2459 2458 aliquid

446 2459 624 2508 seminis
650 2460 753 2507 inde
776 2461 903 2523 quod
933 2460 1225 2517 suffocarunt,
1260 2460 1334 2508 hic
1359 2472 1552 2509 vocatur
1581 2460 1760 2525 spiritus
1784 2462 1999 2520 vitarum,
2036 2459 2109 2509 seu
2150 2463 2196 2509 in
2219 2459 2357 2524 cujus
2381 2477 2459 2508 na·

441 2526 571 2574 ribus
595 2528 724 2574 flatus
748 2526 924 2590 spiritus
947 2528 1164 2582 vitarum,
1189 2539 1241 2574 ut
1263 2528 1383 2591 Cap:
1411 2526 1506 2590 seq:
1532 2543 1636 2574 vu:
1662 2527 1790 2575 vers:
1821 2545 1895 2577 22.
1939 2528 2057 2575 Caro
2075 2527 2161 2575 'sub
2183 2528 2330 2584 coelis,
2367 2527 2456 2590 fig·

440 2593 603 2641 nificat
627 2609 749 2641 mere
782 2609 1074 2656 corporeum,
1109 2593 1217 2641 coeli
1247 2592 1348 2641 sunt
1370 2594 1684 2642 intellectualia
1705 2595 1874 2642 veri&
1898 2594 2152 2645 voluntaria
2188 2596 2314 2650 boni,
2350 2610 2458 2657 quae

440 2675 558 2707 cum
582 2676 607 2707 a
627 2675 845 2725 corporeo
869 2658 1062 2722 separata
1084 2658 1202 2714 sunt,
1239 2659 1382 2706 homo
1405 2676 1498 2706 non
1515 2660 1708 2723 amplius
1731 2660 1879 2723 potest
1901 2662 2053 2707 vivere
2075 2682 2088 2715 ;
2124 2660 2251 2724 quod
2276 2659 2459 2708 sustinet

447 2726 702 2783 hominem,
738 2725 803 2773 est
823 2725 1084 2789 conjundtio
1107 2723 1202 2788 ejus
1226 2741 1335 2771 cum
1354 2725 1497 2781 coelo,
1531 2726 1618 2775 hoc
1642 2726 1719 2782 est,
1756 2742 1837 2789 per
1856 2727 2042 2775 ‚coelum
2066 2742 2176 2774 cum
2194 2727 2424 2775 Domino.

516 2794 625 2842 662.
662 2794 834 2849 Omne,
870 2792 998 2856 quod
1033 2793 1079 2839 in
1113 2804 1228 2839 terra
1258 2790 1514 2855 exspirabit,
1551 2792 1678 2855 quod
1719 2792 1940 2854 significet
1971 2808 2063 2848 eos,
2098 2795 2179 2855 qui
2210 2793 2267 2841 ab
2290 2794 2456 2841 Eccle-

449 2857 508 2906 fia
540 2859 630 2916 illa,
665 2860 716 2907 &
755 2859 864 2906 tales
901 2857 1004 2905 faeli
1045 2857 1173 2906 sunt:
1230 2859 1356 2920 quod
1380 2859 1522 2905 Terra
1559 2874 1651 2907 non
1672 2859 1904 2921 fignificet
1943 2859 2204 2907 universum
2238 2872 2460 2908 terrarum

447 2924 626 2982 orbern,
662 2925 736 2972 sed
761 2925 904 2973 modo
927 2925 1044 2982 illos,
1079 2925 1160 2987 qui
1180 2924 1252 2983 ,ab
1275 2924 1474 2973 Ecclesia
1504 2922 1704 2982 fuerunt,
1741 2926 1865 2988 prius
1888 2924 2113 2972 ostensum
2136 2926 2233 2982 est;
2270 2928 2331 2974 ita
2353 2925 2454 2973 nus-²

446 3005 590 3051 quam
624 2991 891 3054 intelligitur
913 2992 986 3038 hic
1016 2981 1202 3054 aliquod
1233 2981 1481 3049 diluvium,
1519 2995 1670 3039 minus
1704 2991 1934 3039 diluvium
1973 2991 2236 3050 universale,
2272 2993 2346 3040 sed
2378 3008 2456 3038 ex-

395 3065 403 3073 ·
444 3054 631 3117 spiratio
665 3056 739 3103 seu
769 3057 1002 3114 suffocatio
1040 3074 1218 3114 eorum,
1253 3059 1333 3121 qui
1369 3051 1591 3115 ibiscum
1632 3056 1813 3120 separati
1835 3075 1860 3104 a
1882 3058 2098 3122 reliquiis,
2134 3060 2195 3106 ita
2232 3059 2289 3106 ab
2327 3059 2455 3105 intel-

443 3121 711 3169 lefmalibus
733 3125 844 3180 veri,
879 3125 929 3170 δε
965 3123 1228 3172 voluntariis
1251 3124 1378 3181 boni,
1413 3117 1604 3188 proinde
1628 3141 1653 3171 a
1676 3125 1819 3172 coelis.
1903 3125 2050 3187 Qlod
2071 3126 2214 3171 Terra
2237 3125 2457 3187 significet

445 3189 647 3239 stadum
682 3187 759 3237 ubi
785 3189 998 3246 Ecclesia,
1040 3191 1230 3255 proinde
1257 3208 1357 3250 .e03‚
1393 3191 1792 3255 quiibiqsspraeter
1822 3192 1922 3241 loca
1956 3193 2080 3255 prius
2121 3207 2176 3236 ex
2201 3191 2364 3301 Verbol
2392 3191 2450 3252 als

1007 3278 1014 3283 ·
1582 3259 1619 3304 B
1657 3257 1686 3303 b
2349 3262 2454 3312 ata,
