2788 3736
375 285 542 348 1260
926 276 1524 371 ‘GE-NE
1618 278 1666 346 S
1759 280 2041 350 rs.⁷

413 413 619 471 mundae,
653 413 702 462 &
727 411 876 470 utiles»,
911 411 1227 461 intellectualia
1245 428 1353 461 vera
1376 414 1424 461 &
1450 412 1599 470 bona;
1636 426 1682 462 at
1704 416 1924 474 immites,
1949 415 2191 478 deformeS,
2217 420 2429 471 immun--

413 483 486 530 dae
509 481 559 529 &
577 479 770 539 inutiles,
788 479 1011 545 opposita,
1035 494 1199 544 nempe
1221 477 1340 538 falsa,
1375 492 1426 527 ut
1443 495 1624 538 corVUS,
1643 484 1724 545 qui
1746 481 1821 529 hic
1843 485 2095 547 opponitur
2109 487 2355 536 columbae.
2421 495 2426 501 '

487 552 593 612 871.
632 547 780 607 Quod
801 546 996 594 emiserit
1017 546 1283 601 columbam
1306 563 1331 594 a
1354 546 1505 594 secum
1528 547 1586 594 ad
1609 548 1879 606 videndum,
1909 551 2039 613 quod
2062 551 2316 616 significent
2339 554 2424 602 sta-

415 627 517 662 tum
542 614 786 678 recipiendi
809 629 915 661 vera
938 615 988 662 ὅτ
1013 613 1134 661 bona
1157 613 1282 670 fidei,
1319 612 1518 661 constare
1542 629 1568 660 a
1597 614 1704 663 serie
1729 631 1901 673 rerum,
1937 628 2040 665 turn
2064 632 2091 665 a
2121 618 2422 683 sequentibuS,

420 680 584 744 potest,
621 680 700 728 ubi
740 680 796 728 de
831 680 980 728 'tribus
1011 679 1196 728 statibus
1235 682 1582 745 regenerationis
1614 679 1750 746 hujus
1788 683 1986 730 hominis
2015 683 2117 747 post
2138 688 2422 744 tentationeS,

419 749 585 812 agitur,
620 747 880 811 significatis
904 763 984 811 per
1015 747 1145 811 quod
1182 760 1250 794 ter
1288 746 1482 795 emiserit
1521 747 1817 796 columbam:
1854 749 1927 796 hic
1949 753 2161 814 proxime
2185 752 2429 809 involvunt

421 814 557 862 verba
579 815 935 879 explorationem
974 811 1087 876 ejus,
1125 830 1228 860 nam
1264 813 1448 871 dicitur,
1482 814 1608 878 quod
1631 814 1827 863 emiserit
1862 816 2126 864 columbam
2143 834 2176 872 va
2198 817 2350 866 secum
2371 821 2428 867 ad

420 881 692 938 videndum,
729 896 911 945 nempe,
948 893 999 927 ut
1022 880 1237 944 sequitur,
1274 896 1387 927 num
1410 880 1654 931 diminutae
1677 881 1763 929 sint
1783 898 1931 946 aquae,
1968 882 2056 930 hoc
2078 883 2158 941 est,
2194 900 2310 938 num
2348 884 2429 934 fal-

420 947 565 996 fitates
605 948 752 995 adhuc
777 960 914 996 tantae
937 948 1090 1010 essent,
1128 959 1179 994 ut
1204 947 1322 996 bona
1345 948 1394 994 δε
1419 963 1524 995 vera
1547 948 1655 996 fidei
1695 950 1841 1014 recipi
1871 949 2076 1013 possent3
2112 949 2187 997 sed
2223 952 2428 1015 explora-

421 1015 489 1062 tio
513 1014 635 1062 nulla
657 1014 720 1061 est
740 1014 863 1078 apud
885 1014 1162 1068 Dominum,
1199 1015 1308 1077 quia
1331 1015 1485 1062 omnia
1507 1015 1557 1063 δε
1581 1015 1756 1078 singula
1780 1019 1911 1064 novit
1931 1038 1945 1072 ;
1982 1032 2120 1080 quare
2143 1018 2189 1064 in
2213 1017 2335 1065 sensu
2360 1020 2429 1066 in-

424 1091 553 1128 terno
578 1096 670 1128 non
692 1081 948 1144 significant
968 1080 1344 1143 explorationem,
1370 1079 1444 1127 sed
1457 1081 1641 1139 statum,
1666 1083 1716 1130 ὅτ
1735 1082 1806 1130 hic
1822 1084 2028 1147 primum
2045 1083 2229 1141 statum,
2247 1084 2432 1149 quando

425 1148 572 1196 adhuc
584 1146 788 1195 falsitates
802 1147 1089 1210 impedirent,
1105 1147 1538 1210 quaesignisicantur
1551 1148 1790 1212 perverba,
1804 1165 1916 1199 num
1926 1142 2167 1198 diminutae
2177 1150 2277 1205 sunt
2286 1167 2432 1216 aquae.

496 1219 605 1279 872.
643 1215 788 1279 Qod
829 1211 960 1260 facies
983 1212 1113 1260 humi
1153 1213 1238 1260 sint
1279 1213 1368 1270 illa,
1404 1230 1511 1277 quae
1540 1215 1664 1278 apud
1687 1215 1924 1264 hominem
1948 1216 2180 1275 Ecclefiae,
2229 1218 2280 1265 &
2304 1217 2433 1282 quod

423 1281 592 1330 humus
615 1280 808 1338 dicatur,
843 1281 951 1343 quia
985 1278 1048 1326 est
1085 1281 1261 1342 primus
1299 1279 1435 1327 status
1470 1295 1580 1327 cum
1605 1280 1747 1329 homo
1770 1281 1825 1329 fit
1846 1283 2063 1340 Ecclesia,
2099 1283 2271 1332 constat
2294 1301 2321 1333 a
2342 1285 2431 1348 sig-

425 1347 680 1397 nificatione
704 1347 833 1394 humi
856 1346 914 1394 de
936 1361 1026 1410 qua
1048 1348 1190 1410 prius,
1226 1346 1353 1410 quod
1379 1346 1434 1394 sit
1462 1346 1870 1406 homoEcclefiae,
1905 1351 1985 1413 qui
2011 1351 2123 1398 tunc
2147 1350 2319 1410 humus
2352 1367 2430 1416 ap-

423 1413 633 1480 pellatur,
669 1429 779 1462 curn
803 1414 842 1460 ei
866 1412 1118 1460 inseminati
1148 1413 1328 1477 possunt
1368 1412 1485 1460 bona
1514 1414 1576 1461 ὅτ.
1598 1430 1704 1463 vera
1743 1415 1867 1472 fidei,
1917 1416 2042 1479 prius
2065 1429 2255 1465 vocatur
2280 1430 2430 1473 terra3

426 1481 540 1529 ficut
579 1481 624 1528 in
658 1481 818 1529 Primo
839 1480 997 1544 Capite
1022 1478 1261 1537 Geneseos‚
1298 1478 1377 1527 ubi
1403 1491 1644 1544 antequam
1668 1479 1812 1528 homo
1850 1479 1992 1530 factus
2027 1483 2235 1542 coelestis,
2272 1484 2328 1531 de
2351 1483 2433 1533 illo

424 1546 702 1613 praedicatur
739 1559 872 1604 terra,
907 1558 954 1594 at
976 1548 1086 1594 cu'm
1109 1544 1253 1594 factus
1277 1545 1488 1602 coelestis,
1523 1547 1684 1611 Capite
1707 1546 1921 1605 secundo,
1957 1548 2014 1595 de
2050 1549 2130 1597 illo
2162 1550 2435 1614 praedicatur

362 1657 367 1662 .
429 1616 596 1661 humus
634 1614 686 1662 δε
726 1629 863 1677 ager;
898 1612 1100 1660 similiter
1124 1615 1169 1660 in
1193 1613 1280 1660 hoc
1305 1613 1478 1676 Capite.
1550 1614 1710 1661 Solum
1733 1630 1791 1662 ex
1813 1621 1926 1663 voce
1949 1616 2093 1664 Terra
2114 1617 2164 1663 δε
2186 1632 2301 1664 voce
2322 1617 2433 1664 Hu·

430 1696 550 1737 mus,
585 1680 784 1744 conspici
825 1678 987 1743 potest,
1022 1679 1136 1743 quid
1176 1678 1452 1743 significatur
1488 1680 1534 1726 in
1565 1679 1686 1727 sensu
1709 1681 1901 1737 interno,
1937 1696 2029 1729 non
2053 1681 2199 1730 solum
2231 1683 2322 1740 hic,
2359 1682 2433 1731 sed

429 1749 564 1795 etiam
588 1746 738 1794 ubivis
761 1748 808 1793 in
832 1745 1016 1794 Verbo:
1052 1761 1134 1809 per
1155 1746 1378 1793 Humum
1404 1747 1451 1792 in
1491 1745 1614 1792 sensu
1638 1746 1874 1794 universali
1906 1747 2183 1811 significatur
2215 1749 2440 1807 Ecclesia,

429 1813 479 1860 δε
516 1814 622 1876 quia
653 1812 867 1870 Ecclesia,
903 1814 1039 1860 etiam
1071 1812 1348 1877 significatur
1382 1812 1525 1860 homo
1549 1811 1789 1871 Ecclesiae,
1842 1829 1966 1871 nam,
2011 1827 2062 1862 ut
2091 1815 2215 1879 prius
2239 1814 2433 1874 dictum,

432 1878 733 1943 unusquisque
756 1880 898 1928 homo
921 1879 1121 1927 ecclefiae
1142 1879 1207 1926 est
1229 1878 1444 1927 Ecclesia.

502 1951 611 2011 873.
648 1946 769 1994 Vers
779 1965 788 1993 :
828 1965 872 2012 9.
910 1947 974 1994 Et
1002 1962 1082 1993 non
1103 1948 1268 1994 invenit
1291 1946 1490 1994 Columba
1509 1948 1684 2011 quietem
1704 1947 1814 1995 volae
1827 1947 1950 2009 pedis
1971 1948 2063 2011 sui,
2099 1948 2157 1997 ξεῖ*
2187 1948 2359 2010 reversa
2383 1947 2438 2007 cst

433 2013 492 2060 ad
527 2013 646 2061 illum
684 2013 743 2060 ad
785 2029 946 2069 arcam,
982 2015 1083 2077 quia
1117 2029 1238 2077 aquae
1267 2014 1399 2076 super
1420 2013 1618 2074 faciebus
1650 2016 1782 2061 totius
1820 2024 1963 2071 terrae,
2002 2015 2058 2065 δέ)
2098 2014 2228 2073 emfflt
2266 2029 2436 2061 manum

422 2079 567 2144 suam,
604 2079 659 2128 δέ’
683 2082 842 2140 accepit
866 2078 998 2134 illam,
1037 2081 1092 2130 &
1117 2079 1286 2126 induxit
1307 2079 1425 2126 illam
1454 2080 1572 2144 adse
1593 2082 1639 2126 in
1672 2096 1830 2127 arcam.
1902 2080 2047 2144 Qod
2086 2096 2178 2127 non
2216 2080 2436 2127 invenerit

434 2144 649 2194 columba
670 2147 870 2209 quietem
902 2145 1024 2192 volae
1053 2144 1181 2208 pedis
1198 2143 1279 2202 sui,
1315 2145 1551 2208 significat,
1588 2146 1714 2209 quod
1738 2146 1850 2193 nihil
1890 2145 1997 2193 boni
2026 2146 2075 2193 &
2099 2147 2192 2192 veri
2226 2146 2332 2194 fidei
2358 2146 2437 2192 ad·

437 2212 526 2260 huc
559 2212 771 2276 potuisset
816 2211 1015 2260 radicem
1050 2211 1217 2274 figere:
1270 2212 1398 2275 quod
1440 2211 1609 2258 reversa
1640 2212 1697 2258 ad
1738 2211 1869 2258 illum
1903 2212 1961 2259 ad
1997 2227 2163 2268 arcam,
2216 2212 2439 2275 significat

387 2300 389 2302 ’
439 2278 613 2326 bonum
644 2280 694 2326 ὅτ
717 2294 882 2326 verum
914 2294 1130 2342 apparens
1163 2277 1286 2341 quasi
1323 2278 1429 2324 fidei
1462 2278 1583 2341 apud
1616 2294 1753 2325 eum:
1789 2279 1895 2342 quia
1927 2294 2057 2341 aquae
2089 2278 2221 2341 super·
2241 2278 2438 2325 faciebus

439 2357 586 2401 terrae,
624 2344 845 2408 significat
882 2342 1102 2400 falsitateS,
1137 2344 1264 2407 quod
1295 2344 1445 2391 adhuc
1486 2343 1834 2407 superfluerent:
1892 2344 2039 2391 emisit
2077 2353 2272 2391 manum'
2298 2344 2440 2400 suam,

441 2410 663 2475 fignificat
686 2412 936 2474 potentiam
976 2409 1070 2474 ejus
1122 2411 1385 2474 propriam:
1438 2411 1488 2456 δε
1529 2412 1702 2474 accepit
1729 2411 1852 2457 illam
1903 2411 1952 2458 &
1993 2411 2185 2458 adduxit
2223 2410 2349 2457 illam
2385 2410 2444 2457 ad

440 2476 483 2526 se
507 2480 552 2525 in
572 2493 739 2533 arcam,
777 2477 1000 2540 fignificat
1034 2477 1159 2540 quod
1191 2492 1249 2523 ex
1274 2475 1412 2524 semet
1433 2475 1607 2541 bonum
1640 2475 1818 2534 faceret,
1854 2479 1904 2524 δε
1929 2493 2091 2524 verum
2125 2478 2358 2541 cogitaret.

511 2549 619 2609 874.
655 2545 756 2591 Hic
789 2542 1053 2591 describitur
1090 2544 1265 2606 primus
1296 2542 1433 2590 status
1463 2544 1807 2606 regenerationis
1841 2544 2038 2591 hominis
2070 2541 2202 2607 hujus
2226 2543 2441 2591 Ecclesiae

439 2610 540 2674 post
584 2612 896 2666 tentationem,
947 2611 1027 2673 qui
1074 2610 1334 2656 communis
1375 2608 1439 2656 est
1483 2609 1714 2673 omnibus,
1761 2611 1853 2673 qui—
1882 2623 2211 2673 regenerantur,
2253 2625 2438 2671 nempe,

442 2677 570 2740 quod
610 2689 771 2741 putent
808 2693 863 2723 ex
895 2675 1034 2723 semet
1059 2675 1234 2723 bonum
1268 2673 1427 2733 facere,
1465 2675 1514 2723 ὅτ
1538 2692 1700 2723 verum
1735 2677 1950 2738 cogitare,
1986 2677 2036 2723 δι
2075 2677 2181 2739 quia
2221 2674 2366 2721 adhuc
2390 2676 2438 2721 in

445 2743 751 2791 obscurissimo
774 2742 892 2799 sunt,
928 2743 1064 2789 etiam
1102 2743 1331 2790 Dominus
1357 2742 1584 2806 ‘relinquit
1622 2744 1675 2789 iis
1713 2743 1774 2789 ita
1811 2743 2010 2804 opinari:
2044 2740 2120 2788 sed
2143 2740 2281 2804 usque
2304 2756 2442 2789 omne

445 2809 777 2873 bonum'quod
809 2808 996 2866 faciunt,
1035 2810 1083 2855 δε
1125 2826 1262 2856 omne
1284 2824 1447 2855 verum
1483 2808 1608 2872 quod
1641 2809 1859 2872 cogitant,
1897 2822 2006 2853 cum
2046 2807 2092 2854 in
2121 2807 2197 2853 tali
2226 2808 2441 2870 opinione

442 2874 560 2931 sunt,
586 2892 692 2938 quae
715 2874 832 2933 falsa,
859 2891 951 2923 non
974 2874 1037 2922 est
1061 2874 1232 2923 bonum
1255 2876 1306 2923 ὅτ
1330 2890 1492 2922 verum
1516 2874 1621 2921 fidei
1641 2896 1656 2929 3
1692 2889 1798 2920 nam
1820 2871 2041 2935 quicquid
2064 2871 2205 2921 homo
2228 2889 2285 2920 ex
2301 2872 2443 2921 semet

443 2941 674 3005 producit,
709 2957 802 2990 non
836 2941 982 3005 potest
1005 2941 1095 2989 effe
1115 2942 1309 2998 bonum,
1344 2941 1452 3003 quia
1473 2955 1498 2986 a
1520 2938 1675 2996 semet,
1711 2939 1790 3001 qui
1826 2937 1889 2985 est
1911 2936 2012 2985 fons
2047 2939 2256 3003 impurus
2279 2939 2328 2986 &
2354 2940 2442 2990 im-

446 3007 781 3063 mundissimus,
818 3023 844 3054 a
867 3006 992 3054 fonte
1013 3010 1199 3071 impuro
1221 3007 1271 3054 &
1293 3004 1656 3052 immundissimo
1694 3003 1914 3067 nusquam
1939 3003 2084 3067 potest
2107 3005 2281 3053 bonum
2305 3007 2444 3063 exire,

414 3068 617 3137 'cogitat
654 3073 778 3119 enim
802 3071 975 3135 semper
998 3073 1055 3119 de
1078 3074 1241 3120 merito
1276 3072 1326 3118 ὅτ
1358 3069 1545 3134 justitia¹
1568 3069 1651 3127 sui,
1685 3071 1874 3133 quidam
1898 3071 2044 3118 adhuc
2079 3071 2199 3136 pluS‚
2235 3082 2439 3120 contem-

444 3151 560 3188 nunt
595 3154 693 3203 prae
730 3137 773 3186 se
810 3138 934 3195 alios,
970 3138 1083 3185 ficut
1105 3139 1336 3185 Dominus
1376 3137 1510 3184 docet
1545 3136 1678 3183 Luc:
1705 3153 1868 3185 xv111:
1897 3155 1925 3201 9
1959 3138 2026 3194 ‚ad
2057 3154 2131 3197 14,
2167 3137 2241 3184 alii
2282 3138 2440 3191 aliter;

439 3207 644 3270 propriae
679 3205 947 3268 cupiditates
969 3203 1012 3252 se
1035 3203 1300 3260 admiscent,
1337 3204 1397 3250 ita
1418 3214 1471 3250 ut
1493 3215 1701 3266 appareat
1723 3216 1852 3250 extus
1876 3204 1990 3251 ficut
2010 3204 2202 3261 bonum,
2237 3206 2287 3252 δε
2304 3204 2443 3266 usque

438 3275 561 3322 intus
584 3272 646 3322 est
669 3271 914 3338 spurcum3
950 3286 1088 3334 quare
1113 3270 1304 3329 bonum,
1346 3269 1475 3335 quod
1497 3270 1545 3317 in
1566 3269 1653 3319 hoc
1678 3268 1793 3325 statu
1826 3268 1933 3318 facit
1955 3270 2114 3329 hom0,
2150 3286 2242 3319 non
2274 3270 2339 3319 est
2360 3271 2443 3318 bo-

2327 3353 2444 3387 nUm
