2788 3736
745 291 1203 359 CAPUT
1297 288 1956 357 OCTAVUM.
2265 320 2391 383 ²91

391 440 633 495 antequam
657 425 846 476 Aharon
869 427 1050 474 intraret
1070 426 1128 474 ad
1148 425 1541 490 Propitiatorium,
1561 419 1708 474 suffire
1731 426 1937 484 debebat,
1955 428 2059 491 Igne
2080 426 2232 483 sumto
2254 442 2312 476 ex
2333 429 2396 476 al-

391 501 475 546 tari
513 493 773 551 holocausti,
823 493 993 541 Levit:
1034 508 1117 542 xv1
1140 512 1151 541 :
1201 510 1277 550 12,
1324 511 1400 554 13,
1449 509 1522 552 14.
1568 493 1672 540 ideo
1708 510 1911 558 quoque,
1959 506 2025 541 ut‘
2049 494 2395 558 significaretur,

390 561 1054 685 {iffsssgssssffstzffffita‘iissssffss
1074 559 1559 683 Ξῗῗὲῗέἷῖἳέξιόε
1570 559 2398 694 ἕξξὲἒῑὲῗξᾛῧὲἵᾷᾚῖ

390 697 601 744 nificatur
625 697 778 744 Amor
800 696 1011 758 proprius
1034 694 1083 740 δι
1105 690 1199 755 ejus
1221 692 1462 755 cupiditaS,
1499 707 1609 739 curn
1633 708 1730 755 quo
1747 694 1900 741 Amor
1915 694 2108 742 coelestis
2123 696 2400 745 concordare
2478 695 2483 699 ’

390 765 565 827 nequit,
608 777 745 826 quare
788 761 925 808 etiam
965 759 1061 806 bini
1096 758 1180 807 filii
1221 758 1449 806 Aharonis
1489 757 1716 826 consumti
1777 758 1879 807 sunt
1915 761 2038 823 igne,
2081 762 2210 826 quod
2245 762 2400 811 adole·

391 843 490 878 rent
523 832 624 893 Igne
646 829 796 885 alieno,
842 827 978 874 Lev:
1002 841 1064 873 x:
1098 843 1139 882 1,
1168 843 1211 874 2.
1247 826 1366 888 ignis
1389 825 1561 874 alienus
1582 824 1647 874 est
1684 826 1837 872 omnis
1875 842 2004 873 amor
2026 827 2091 874 sui
2130 830 2182 876 ὅτ
2215 830 2398 888 mundi,

389 898 439 945 δε
465 899 615 945 omnis
636 909 847 943 amorum
870 891 1062 939 istorum
1080 891 1318 955 cupiditas.
1389 893 1613 940 Praeterea
1640 893 1776 939 etiam
1814 892 1970 940 Amor
2008 893 2201 942 coelestis
2241 897 2396 959 impiis

389 980 481 1012 non
514 964 641 1011 aliter
660 963 843 1025 a'pparet
865 974 916 1006 ac
939 959 1065 1021 Ignis
1088 958 1244 1014 ardens
1267 960 1317 1006 δι
1341 958 1633 1016 consumens,
1663 974 1714 1006 ac
1749 958 1853 1006 ideo
1876 961 1924 1006 in
1947 957 2104 1007 Verbo
2126 961 2401 1023 praedicatur

298 1055 301 1057 ·
388 1031 446 1078 de
479 1031 686 1078 Domino
717 1028 837 1092 ignis
873 1024 1158 1082 consumens,
1191 1025 1307 1072 ficut
1327 1022 1455 1088 Ignis
1478 1025 1610 1090 super
1632 1025 1801 1073 Monte
1823 1026 1963 1083 Sinai,
1998 1027 2079 1091 qui
2108 1027 2401 1090 repraesenta-

390 1098 467 1144 bat
486 1090 716 1155 'Amorem
740 1093 814 1140 seu
841 1091 1198 1140 Misericordiam
1219 1092 1435 1146 Domini,
1469 1108 1624 1140 coram
1648 1091 1824 1156 populo
1846 1105 2086 1157 perceptus
2132 1093 2247 1141 ficut
2280 1096 2401 1159 ignis

390 1163 689 1219 consumens,
709 1176 845 1224 quare
879 1159 1093 1206 dixerunt
1131 1158 1190 1206 ad
1214 1156 1403 1215 Mosen,
1435 1175 1492 1206 ne
1528 1157 1692 1207 faceret
1726 1175 1804 1208 eos
1826 1160 1979 1211 audire
2016 1176 2184 1223 vocem
2206 1161 2401 1222 Jehovae

389 1233 496 1288 Dei,
532 1232 582 1278 &
605 1228 760 1276 videre
784 1228 926 1290 Ignem
949 1242 1162 1288 magnum,
1198 1242 1256 1273 ne
1281 1239 1582 1283 morerentur,
1618 1226 1773 1275 Dent:
1810 1242 1976 1275 xvm:
2010 1228 2082 1276 16.
2134 1229 2291 1276 Amor
2325 1228 2400 1277 seu

391 1295 704 1346 Misericordia
730 1294 920 1351 Domini
944 1293 1040 1340 talis
1072 1305 1255 1357 apparet
1280 1294 1331 1339 iis
1383 1294 1464 1356 qui
1490 1294 1536 1340 in
1560 1294 1666 1357 igne
1689 1309 1900 1341 amorum
1930 1292 1997 1343 sui
2021 1294 2071 1342 ὅτ
2095 1295 2260 1342 mundi
2282 1294 2401 1344 sunt.

458 1384 488 1431 9
495 1381 518 1428 3
527 1380 570 1427 5.
609 1363 673 1410 Et
696 1360 820 1408 aestas
843 1362 893 1408 ὅτ
917 1360 1080 1424 hyems
1105 1359 1232 1423 quod
1255 1359 1511 1422 significent
1549 1360 1713 1407 statum
1745 1359 1945 1408 hominis
1969 1363 2215 1426 regenerati
2248 1364 2401 1426 quoad

391 1448 511 1480 nova
532 1428 629 1494 ejus
658 1427 925 1484 voluntaria,
961 1443 1163 1490 quorum
1203 1428 1325 1474 vices
1357 1425 1401 1473 se
1423 1425 1588 1475 habent
1611 1426 1726 1474 ficut
1759 1426 1884 1476 aestas
1908 1429 1958 1476 δε
1992 1428 2167 1492 hyems,
2204 1429 2407 1478 constare

389 1497 536 1564 pooest
558 1496 616 1544 ab
638 1495 729 1543 illis
747 1509 856 1558 quae
875 1493 934 1542 de
957 1491 1127 1558 frigore
1159 1495 1210 1542 δι
1233 1492 1346 1541 aestu
1386 1492 1507 1541 dieta
1542 1493 1678 1550 sunt·,
1714 1494 1836 1542 vices
1870 1496 2281 1562 regenerandorum
2306 1499 2406 1546 afli<

391 1565 606 1614 mil-antur
644 1561 806 1626 frigori
842 1562 892 1607 δε
930 1560 1078 1618 aestui,
1121 1559 1200 1608 sed
1233 1561 1355 1609 vices
1394 1571 1759 1624 regeneratorum
1801 1561 1944 1609 aestati
1985 1563 2034 1611 δι
2058 1561 2235 1626 hyemi:
2273 1564 2403 1627 quod

389 1633 448 1681 de
487 1629 790 1695 regenerando
829 1627 892 1675 ibi
930 1628 1100 1684 afimm,
1153 1627 1226 1674 hic
1263 1640 1417 1674 autem
1454 1628 1512 1675 de
1530 1623 1827 1691 regenerato,
1886 1628 2058 1677 constat
2094 1629 2224 1685 inde,
2272 1631 2403 1694 quod

387 1700 452 1753 ibi
489 1702 641 1762 primo
678 1696 782 1742 loco
819 1693 966 1757 frigus
998 1696 1277 1749 nominetur,
1312 1695 1363 1741 ὅτ
1403 1692 1600 1741 secundo
1642 1694 1811 1751 aestus,
1847 1695 1920 1743 hic
1945 1700 2096 1743 autem
2121 1698 2275 1759 primo
2297 1697 2405 1745 loco

389 1765 536 1822 aestas,
572 1766 620 1811 ἃ
649 1761 850 1809 >secundo
872 1761 1032 1823 hyems
1051 1783 1068 1815 ·,
1119 1759 1246 1808 causa
1273 1759 1355 1816 est,
1388 1762 1497 1822 quia
1524 1760 1683 1817 homo,
1719 1764 1801 1824 qui
1835 1775 2136 1825 regeneratur,
2172 1752 2346 1827 incipi}
2377 1780 2410 1813 a.

350 1830 354 1834 ’
390 1831 575 1894 frigore,
611 1829 698 1875 hoc
722 1827 803 1884 est,
841 1842 867 1872 a
889 1827 1013 1873 nulla
1035 1826 1127 1873 fide
1151 1829 1198 1873 δι
1225 1826 1456 1882 charitate,
1492 1839 1536 1873 at
1568 1843 1677 1873 cum
1711 1841 1996 1892 regeneratus
2019 1829 2099 1885 est,
2136 1841 2246 1876 tunc
2286 1831 2402 1877 inci-

391 1900 460 1962 pit
483 1915 507 1944 a
530 1895 753 1944 charitate.
826 1892 973 1954 Quod
1019 1893 1144 1940 vices
1167 1893 1459 1955 Regenerato
1487 1892 1591 1950 sint,
1641 1910 1806 1957 nempe
1837 1894 1964 1957 quod
2001 1896 2125 1959 apud
2147 1898 2254 1942 eur‘n
2280 1912 2403 1944 nunc

392 1964 516 2012 nulla
538 1962 743 2016 charitas,
782 1961 831 2006 δε
871 1975 993 2006 nunc
1030 1959 1179 2022 aliqua
1203 1958 1407 2015 charitas,
1444 1958 1642 2007 constare
1688 1958 1919 2007 manifeste
1959 1961 2122 2025 potest,
2159 1977 2217 2008 ex
2255 1962 2400 2019 causa,

391 2030 521 2095 quod
547 2027 668 2092 apud
692 2026 1049 2089 unumquemvis
1088 2027 1223 2072 etiam
1248 2037 1581 2089 regeneratum,
1618 2042 1710 2073 non
1749 2027 1802 2074 sit
1835 2027 1918 2074 nisi
1953 2028 2144 2085 malum,
2183 2029 2232 2074 ὅτ
2274 2030 2403 2092 quod

389 2113 528 2159 omne
551 2094 726 2141 bonum
761 2093 815 2140 sit
855 2091 989 2139 solius
1009 2093 1231 2140 Domini:
1290 2094 1396 2156 quia
1430 2092 1553 2156 apud
1575 2108 1684 2139 eum
1709 2093 1821 2140 nihil
1847 2093 1927 2140 nis1
1953 2094 2146 2152 malum,
2184 2110 2275 2141 non
2313 2110 2401 2158 po·

389 2163 476 2212 test
505 2162 632 2210 aliter
654 2175 794 2223 quam
814 2159 939 2206 vices
961 2157 1120 2215 subire,
1157 2160 1207 2206 &
1248 2174 1370 2210 nunc
1402 2159 1485 2206 effe
1515 2159 1638 2222 quasi
1679 2161 1726 2206 in
1758 2159 1925 2217 aestate,
1961 2160 2049 2208 hoc
2072 2160 2152 2218 est,
2188 2161 2235 2208 in
2254 2160 2403 2209 chari-

389 2242 497 2286 tate,
533 2243 654 2276 nunc
681 2239 833 2290 autem
855 2227 902 2273 in
926 2225 1106 2289 hyeme,
1142 2225 1231 2273 hoc
1268 2224 1349 2281 est,
1384 2225 1432 2272 in
1468 2226 1594 2273 nulla
1629 2225 1870 2274 charitate:
1915 2229 2038 2274 vices
2062 2228 2170 2276 tales
2194 2227 2312 2284 sunt,
2348 2241 2403 2276 ut

387 2297 532 2344 homo
555 2295 701 2356 magis
724 2295 774 2341 δε
796 2293 942 2356 magis
966 2292 1243 2356 perficiatur,
1278 2292 1330 2339 δε
1369 2291 1429 2339 fic
1464 2304 1519 2340 ut
1558 2295 1706 2356 magis
1745 2293 1796 2341 &
1836 2294 1985 2358 magis
2022 2292 2133 2342 felix
2170 2294 2398 2342 reddatur.

387 2358 525 2413 'Vices
547 2360 655 2408 tales
679 2376 770 2406 non
809 2359 955 2407 solum
996 2358 1098 2407 sunt
1130 2358 1255 2423 apud
1278 2358 1516 2407 hominem
1548 2373 1864 2423 regeneratum
1904 2361 2020 2408 dum
2053 2363 2175 2409 vivit
2210 2362 2259 2408 in
2299 2378 2396 2409 cor-

388 2444 516 2498 pore,
552 2426 627 2474 sed
649 2427 783 2473 etiam
809 2441 919 2473 cum
938 2426 1000 2472 .in
1021 2426 1205 2474 alteram
1221 2427 1365 2473 vitam
1389 2427 1532 2483 venit,
1568 2442 1674 2473 nam
1697 2426 1860 2491 absque
1882 2427 2060 2475 vicibus
2090 2428 2213 2491 quafi
2237 2427 2400 2476 aestatis

389 2503 438 2543 ὅε
463 2494 639 2557 hyemis
662 2491 815 2555 quoad.
836 2492 1106 2550 voluntaria,
1143 2494 1205 2540 ὅτ-
1225 2493 1349 2556 quasi
1371 2492 1461 2540 diei
1493 2495 1542 2540 &
1580 2493 1725 2541 noetis
1747 2494 1899 2558 quoad
1924 2493 2253 2551 intellectualia,
2295 2495 2399 2542 nus-

328 2582 337 2586 *
387 2577 528 2626 quam
552 2560 801 2623 perficitur,
838 2560 885 2605 &
918 2556 1091 2606 felicior
1113 2559 1350 2614 redditur;
1387 2558 1462 2606 sed
1487 2561 1610 2609 vices
1634 2576 1793 2607 eorum
1826 2562 1871 2607 in
1896 2561 2031 2608 altera
2053 2562 2155 2608 vita*
2170 2560 2211 2608 se
2234 2561 2400 2608 habent

387 2630 500 2677 ficut
523 2628 646 2674 vices
669 2625 830 2673 aestatis
851 2625 900 2670 δε
926 2623 1104 2687 hyemis
1143 2626 1190 2671 in
1214 2627 1343 2672 zonis
1366 2627 1642 2689 temperatis,
1678 2629 1727 2673 δε
1758 2627 1872 2675 ficut
1897 2629 2016 2674 vices
2056 2628 2146 2674 diei
2177 2630 2226 2675 δε
2251 2629 2398 2674 noffls

386 2693 670 2759 temporibus
691 2692 852 2740 verniS.
925 2691 1076 2738 Status
1100 2690 1147 2737 hi
1167 2693 1304 2738 etiam
1328 2691 1449 2755 apud
1472 2692 1718 2755 Prophetas
1742 2692 2056 2740 describuntur
2092 2710 2173 2756 per
2196 2687 2397 2741 aestatem

389 2765 438 2811 ὅτ
461 2763 694 2824 hyemem,
731 2761 779 2809 δι
805 2774 888 2821 per
910 2757 1035 2804 diem
1076 2757 1123 2803 δε
1149 2757 1349 2813 ηοᾶεω,
1397 2770 1450 2804 ut
1491 2758 1614 2820 apud
1638 2758 1909 2814 Sachariam,
1948 2765 1982 2787 “
2016 2760 2082 2806 Et
2108 2761 2206 2816 erit,
2244 2762 2291 2807 in
2321 2761 2396 2807 die

390 2835 425 2861 ‘⁵
458 2829 537 2882 illo
560 2827 752 2875 exibunt
777 2840 908 2887 aquae
932 2826 1054 2871 vivae
1076 2823 1133 2870 de
1157 2823 1496 2886 Hierosolyma,
1533 2833 1634 2886 pars
1658 2824 1836 2873 illarum
1861 2826 1917 2872 ad
1942 2842 2064 2872 mare
2086 2826 2325 2884 orientale,
2343 2828 2394 2874 δε

372 2887 426 2942 *‘.‘
463 2911 562 2954 pars
584 2894 763 2940 illarum
787 2891 844 2941 ad
871 2907 994 2938 mare
1019 2889 1254 2954 posterius,
1290 2892 1339 2937 in
1364 2890 1544 2950 ,AEstate
1583 2891 1633 2937 δε
1666 2893 1714 2939 in
1738 2893 1892 2953 Hyeme
1916 2893 2049 2948 erit‚'’
2082 2908 2196 2942 xiv:
2237 2898 2279 2942 8.
2317 2893 2397 2940 ubi

361 2962 445 3009 'ide
468 2961 606 3008 Nova
628 2957 967 3021 Hierosolyma,
1004 2957 1077 3004 seu
1101 2957 1158 3004 de
1175 2958 1343 3020 Regno
1364 2957 1553 3003 Domini
1576 2957 1622 3003 in
1646 2958 1768 3005 coelo
1793 2961 1840 3005 δε
1866 2960 1912 3005 in
1935 2972 2065 3016 terra,
2096 2959 2168 3006 seu
2193 2959 2249 3007 de
2275 2959 2391 3006 statu

387 3026 644 3088 utrobique,
678 3027 759 3088 qui
781 3027 916 3072 etiam
938 3038 1132 3071 vocatur
1154 3023 1278 3071 aestas
1304 3026 1351 3070 δε
1376 3023 1563 3086 hyems:
1601 3025 1723 3088 apud
1740 3023 1991 3082 Davidem,
2029 3032 2063 3053 “
2096 3027 2243 3083 Deus,
2269 3022 2390 3073 'Tibi

390 3098 425 3120 “
463 3094 587 3146 Dies,
620 3092 753 3137 etiam
778 3090 890 3139 Tibi
913 3090 1043 3145 Nox3
1078 3091 1159 3138 Tu
1185 3089 1439 3154 praeparasti
1463 3090 1615 3139 lucem
1650 3093 1700 3139 δε
1724 3091 1890 3147 solem;
1927 3093 2009 3140 Tu
2025 3092 2209 3140 statuisti
2232 3109 2400 3140 omnes·

390 3166 423 3188 “
460 3155 675 3205 terminos
691 3167 855 3211 terrae3
893 3156 1381 3219 AEstatem&Hycmem
1396 3158 1477 3204 Tu
1491 3155 1747 3215 formasti,’''
1780 3157 1955 3207 Psalm:
1986 3176 2166 3221 Lxxiv:
2200 3160 2273 3214 15,
2314 3176 2386 3223 17.

388 3242 495 3291 quze
541 3219 699 3270 similia
745 3221 1022 3277 involvunt3
1074 3222 1277 3272 similiter
1316 3223 1458 3337 alpud
1479 3225 1744 3286 Jeremiam,
1815 3229 1856 3254 ἵ(
1892 3226 2038 3291 Qod
2079 3242 2170 3275 non
2209 3226 2387 3335 ἰιτίωὲι

1405 3306 1439 3354 Ρ
1475 3308 1500 3339 2
2210 3296 2244 3318 66
2284 3306 2331 3336 re
2365 3315 2385 3324 ,
