2788 3736
418 280 552 362 284
903 273 965 339 G
1058 273 1121 338 E
1216 228 1881 342 ΛΝΒ-313.

408 418 496 474 nia,
533 416 582 465 &
606 413 873 480 proximum
897 425 949 460 ut
972 412 1195 477 seipsum3
1247 429 1352 461 nam
1393 415 1440 461 in
1483 412 1552 460 his
1574 412 1647 461 lex
1688 413 1740 461 &
1774 413 2027 479 prophetae,
2063 417 2249 468 Matth:
2278 435 2421 470 xx11:

412 501 472 548 35
505 484 560 531 ad
593 487 668 546 38.
706 482 838 545 Cap:
863 496 973 528 v11:
1019 497 1089 529 12.
1125 479 1250 543 apud
1273 481 1523 538 Davidem,
1585 485 1618 507 “
1644 480 1866 541 Jehovah,
1892 482 2151 544 sacrificium
2175 486 2230 535 Es?
2253 489 2421 535 Munus

410 557 445 579 “
478 566 559 597 non
598 547 783 609 voluisti,
833 546 1112 608 holocaustum
1145 547 1200 597 69²
1229 547 1489 611 sacrificium
1521 549 1689 609 peccati
1721 564 1802 595 non
1832 548 2026 610 petiisti,
2076 548 2217 599 facere
2255 554 2420 602 volun-

412 622 447 644 “
480 629 623 664 tatem
639 627 786 672 tuam,
811 615 940 662 Deus
964 615 1047 671 mi,
1072 613 1351 670 desideravi,
1386 614 1435 662 δε
1459 614 1524 661 lex
1562 624 1640 661 tua
1662 614 1708 660 in
1734 614 1888 661 medio
1910 613 2135 663 viscerum
2160 622 2422 679 meorum,''

410 683 559 731 Psalm
580 701 590 730 ι
615 698 704 730 XL:
746 684 797 740 7,
818 696 861 742 9.
899 680 1020 745 apud
1045 681 1320 737 Samuelem,
1357 682 1438 744 qui
1478 681 1595 728 dixit
1628 680 1686 727 ad
1715 680 1914 737 Saulem,
1953 686 1988 708 “
2011 682 2145 730 Num
2169 687 2420 748 complacen-

413 755 446 777 “
483 753 549 797 tia
573 749 755 813 Jehavae
779 750 824 795 in
845 746 1089 807 holocaustis
1112 747 1167 796 &
1183 746 1428 811 sacrzficiis,
1465 764 1516 794 ac
1549 748 1594 794 in
1631 746 1792 795 obedire
1814 750 1911 795 voci
1933 748 2151 810 Jehovae3
2187 767 2291 799 ecce
2327 754 2419 802 obe-

412 821 448 844 “
481 817 588 864 dire
601 828 699 878 prae
710 813 923 878 sacrificio
961 814 1126 877 bonum,
1163 813 1403 861 auscultare
1434 830 1531 877 prae
1554 813 1687 878 adipe
1719 815 1959 871 arietum,'’
2009 832 2024 861 1
2058 815 2195 864 Sam:
2219 833 2313 866 xv:
2343 836 2419 870 22.

410 883 524 947 quid
546 881 732 930 obedire
762 882 885 938 voci,
922 880 1043 944 apud
1077 879 1305 937 Micham,
1359 885 1393 907 “
1417 881 1551 927 Num
1588 881 1866 943 praeveniam
1891 880 2119 941 Jehovam
2151 883 2420 946 holocaustis,

411 955 447 978 “
483 949 639 998 vitulis
662 948 767 996 filiis
799 949 920 1004 anni,
957 963 1071 994 num
1095 946 1399 1011 complacebit
1422 946 1615 1009 Jehovae
1652 948 1698 994 in
1721 947 1904 995 millibus
1939 949 2138 1006 arietum,
2176 951 2222 997 in
2255 948 2422 1014 myria-
2500 973 2502 982 =

412 1020 446 1043 “
480 1015 615 1064 dibus
639 1015 887 1063 fluviorum
911 1013 1031 1070 olei;
1068 1014 1285 1061 indicavit
1308 1013 1407 1070 tibi,
1444 1012 1603 1069 homo,
1636 1014 1749 1076 quid
1773 1013 1965 1070 bonum,
2003 1015 2050 1062 δε
2076 1015 2191 1078 quid
2215 1016 2426 1078 Jehovah

414 1087 449 1111 “
483 1083 711 1147 requirens
734 1098 759 1129 a
793 1093 854 1138 te,
891 1081 970 1128 nisi
983 1079 1133 1143 fa'cere
1140 1080 1372 1143 judicium,
1409 1080 1464 1129 &3
1488 1095 1667 1128 amorem
1691 1080 2001 1143 misericordae,
2037 1081 2087 1128 ὅτ
2110 1081 2346 1132 humiliare
2380 1084 2422 1133 se

416 1154 450 1177 “
485 1148 762 1198 ambulando
794 1162 904 1195 cum
927 1148 1032 1194 Deo
1065 1145 1194 1203 suo,'’
1227 1163 1311 1195 vi:
1347 1147 1394 1203 6,
1422 1162 1467 1211 7,
1504 1150 1545 1194 8·.
1582 1145 1681 1193 haec
1721 1144 1822 1194 sunt
1860 1162 1967 1210 quae
2006 1146 2259 1209 fignificant
2291 1150 2421 1200 holo-

416 1215 568 1263 causta
591 1217 640 1264 ὅτ
672 1213 882 1261 sacrificia
904 1229 961 1260 ex
994 1212 1142 1260 bestiis
1182 1214 1231 1260 ὅτ
1263 1212 1422 1260 avibus
1439 1213 1655 1268 mundis,
1691 1212 1809 1276 apud
1836 1214 2005 1269 Amos,
2043 1218 2078 1240 ‘⁶
2102 1214 2148 1260 Si
2173 1215 2426 1267 obtuleritis

415 1288 456 1310 “
491 1282 616 1331 Mihi
649 1278 883 1340 holocaust-a
908 1279 963 1328 69³
986 1295 1160 1327 munera
1197 1278 1355 1337 vestra,
1391 1295 1472 1326 non
1510 1278 1751 1340 acceptabo,
1804 1278 1853 1325 δε
1887 1279 2132 1342 pacificum
2173 1285 2422 1347 pinguium

416 1354 450 1376 “
484 1347 738 1395 vestrorum
773 1362 866 1393 non
890 1345 1116 1409 aspiciam,
1154 1346 1280 1402 fluat,
1317 1345 1432 1392 ficut
1467 1361 1614 1408 aquae,
1636 1345 1869 1408 judicium,
1903 1345 1954 1392 &
1978 1345 2156 1409 justitia
2188 1348 2302 1397 sicut
2335 1352 2421 1398 flu-

415 1420 450 1442 “
485 1430 590 1462 men
623 1411 792 1471 forte,’'
827 1429 874 1459 v.
905 1428 984 1469 22,
1013 1428 1089 1473 24.
1119 1410 1351 1475 judicium
1375 1411 1438 1458 est
1461 1427 1642 1468 verum,
1678 1411 1728 1458 &
1743 1410 1915 1475 Justitia
1937 1411 2001 1459 est
2025 1411 2216 1470 bonum,
2240 1428 2420 1464 utrum-

414 1498 505 1545 que
538 1497 595 1528 ex
641 1480 883 1536 charitate,
905 1494 1011 1542 quae
1050 1477 1152 1526 sunt
1193 1477 1449 1526 holocausta
1485 1479 1534 1525 δε
1567 1477 1777 1525 sacrificia
1817 1478 1981 1527 interni
2016 1477 2244 1529 hominis:
2299 1484 2420 1549 apud
2452 1532 2456 1535 ,

415 1547 696 1603 Hoscheam,
751 1550 784 1572 “
807 1545 1150 1608 Msericordiam
1173 1545 1270 1592 volo
1293 1545 1350 1594 &
1369 1561 1450 1592 non
1465 1543 1727 1605 sacrificium
1748 1566 1762 1600 ;
1797 1543 1847 1591 ὅτ
1871 1545 2182 1608 cognitionem
2203 1549 2294 1596 Dei
2323 1562 2422 1612 prae

417 1619 450 1641 ‘⁵
485 1613 779 1674 holocaustis,'’
803 1628 888 1660 vi:
928 1613 971 1658 6.
1031 1611 1105 1658 Ex
1138 1610 1205 1658 his
1245 1610 1432 1667 constat,
1481 1610 1628 1673 qualia
1666 1609 1768 1657 sunt
1791 1609 2003 1658 sacrificia
2045 1613 2095 1659 &
2128 1613 2418 1674 holocausta,

415 1680 493 1728 ubi
534 1697 626 1728 non
664 1679 850 1726 charitas
883 1678 932 1725 δε
971 1677 1111 1725 fides:
1164 1693 1218 1724 ex
1242 1677 1398 1724 iisdem
1433 1692 1617 1739 quoque
1642 1674 1830 1732 constat,
1866 1678 1993 1740 quod
2025 1677 2176 1725 bestiae.
2212 1683 2419 1740 mundae,

416 1747 467 1795 δε
501 1762 605 1795 aves
666 1745 854 1792 mundae
887 1743 1328 1808 repraesentaverint,
1379 1743 1487 1807 quia
1519 1741 1859 1807 significarunt,
1895 1742 2013 1791 bona
2045 1744 2265 1794 charitatis
2295 1749 2344 1796 ὅτ
2367 1750 2423 1796 fi-

416 1813 502 1860 dei.
2322 1840 2329 1846 ·

483 1896 592 1944 923.
630 1880 695 1927 Et
717 1879 883 1927 obtulit
907 1876 1162 1926 holocausta
1184 1877 1316 1942 super
1338 1877 1461 1926 altari
1491 1878 1618 1942 quod
1644 1877 1867 1942 significet
1883 1894 2071 1927 omnem
2095 1879 2272 1927 cultum
2298 1881 2421 1940 inde,

416 1963 474 1993 ex
507 1947 614 2003 illis,
652 1962 758 2009 quae
782 1946 993 1992 haeftenus
1031 1946 1152 1992 dicia
1185 1945 1303 2003 sunt,
1341 1957 1490 2008 patet:
1550 1944 1804 1992 holocausta
1844 1958 1967 1992 erant
2021 1946 2286 2009 principalia
2324 1948 2422 1994 cul-

417 2025 491 2060 tus
532 2012 745 2061 Ecclefiae
786 2011 1193 2075 'repraesentativae,
1243 2013 1305 2059 ita
1350 2011 1455 2058 dein
1500 2011 1743 2067 sacrificia,
1802 2011 1858 2057 de
1894 2010 2090 2074 quibus,
2150 2029 2206 2058 ex
2251 2014 2430 2061 Divina

419 2079 613 2126 Domini
643 2078 970 2135 Misericordia,
1023 2080 1069 2124 in
1104 2077 1400 2141 sequentibus.
1472 2078 1618 2140 Quod
1658 2075 1937 2124 Holocausta
1970 2079 2015 2123 in
2051 2093 2144 2124 uno
2178 2079 2427 2142 complexu

420 2144 675 2208 significent
708 2144 883 2192 cultum
920 2143 1349 2208 repraesentativum,
1387 2143 1557 2206 constat
1589 2159 1773 2207 quoque
1803 2143 1925 2206 apud
1955 2143 2202 2206 Prophetas
2226 2158 2278 2192 ut
2301 2147 2424 2209 apud
2487 2163 2492 2168 ·

420 2212 670 2268 Davidem,
709 2217 743 2238 “
768 2211 975 2273 Jehovah
1013 2212 1164 2258 mittet
1187 2210 1408 2257 auxilium
1434 2222 1566 2257 tuum
1592 2227 1615 2255 e
1639 2210 1923 2275 Sandiuario„
1954 2211 2001 2255 &
2021 2226 2077 2255 ex
2100 2211 2246 2258 Zione
2270 2210 2431 2262 fulciet>

424 2284 457 2306 “
493 2290 569 2334 te·,
606 2276 912 2334 recordabitur
956 2278 1168 2325 omnium
1204 2292 1447 2323 munerum
1481 2289 1687 2332 tuorum,
1736 2275 1785 2322 &
1823 2275 2115 2336 Holocaustum
2155 2290 2291 2324 tuum
2321 2280 2423 2342 pin,-

424 2348 458 2371 “
494 2361 583 2407 gue
607 2343 788 2401 faciet,”
812 2343 960 2392 Psalm
981 2361 991 2390 :
1026 2360 1087 2390 xx
1109 2362 1118 2389 ε
1149 2361 1193 2406 3,
1219 2360 1264 2403 4.
1302 2344 1351 2389 δε
1375 2342 1497 2405 apud
1521 2341 1714 2398 Esaiam,
1753 2347 1786 2368 “
1806 2341 2025 2404 (Quisquis
2044 2342 2240 2390 custodit
2270 2343 2423 2392 sabba.-

410 2415 457 2457 .“
493 2411 645 2467 thum,
682 2427 708 2457 a
729 2410 1054 2474 prophanando
1091 2409 1221 2465 illud,
1257 2410 1539 2456 introducam
1581 2425 1656 2455 eos
1681 2408 1734 2454 ad
1777 2421 1982 2455 montem
2018 2407 2254 2456 sanffitatis
2278 2411 2429 2469 Meae,

402 2481 459 2506 ·“
493 2476 745 2536 Holocausta
768 2492 944 2532 eorum,
980 2476 1030 2523 &
1055 2475 1264 2522 sacrificia
1284 2491 1461 2531 eorum,
1498 2473 1554 2521 ad
1585 2474 1917 2537 beneplacitum
1936 2473 2065 2537 super
2086 2476 2237 2523 Altari
2259 2478 2423 2534 Meo,”

425 2559 538 2591 ινιτ
575 2543 623 2600 6,
665 2559 706 2607 7.
742 2543 820 2590 ubi
848 2541 1103 2590 holocausta
1127 2543 1176 2589 &
1199 2542 1409 2589 sacrificia
1440 2557 1525 2604 pro
1548 2543 1676 2588 omni
1701 2542 1863 2597 cultu,
1900 2541 2152 2588 holocausta
2191 2559 2274 2605 pro
2298 2544 2426 2591 cultu

423 2626 481 2658 ex
505 2624 675 2666 amore,
712 2609 920 2657 sacrificia
942 2625 1027 2673 pro
1051 2609 1177 2656 cultu
1200 2624 1256 2655 ex
1279 2608 1372 2656 fide
1397 2608 1532 2655 inde:
1571 2610 1741 2657 interna
1763 2607 1836 2656 hic
1862 2606 2193 2664 describuntur,
2223 2622 2278 2668 ut.
2294 2626 2422 2658 com:-

425 2677 770 2740 muniter'apud
790 2675 1056 2739 Prophetas,
1092 2691 1174 2739 per
1195 2687 1394 2723 externa,
1926 2718 1929 2720 .
2083 2674 2098 2682 ”

495 2758 604 2802 924.
641 2742 764 2790 Vers
775 2761 784 2789 :
815 2759 895 2790 21.
933 2743 996 2789 Et
1030 2741 1228 2789 odora'tus
1249 2741 1453 2806 Jehovah
1488 2741 1652 2791 odorem·
1687 2742 1854 2805 quietis,
1890 2740 1945 2787 62³
1983 2739 2094 2786 dixit
2117 2740 2337 2802 Jeh'ovah,
2380 2745 2425 2791 in

425 2809 545 2856 corde
556 2810 651 2871 suo,
689 2826 769 2859 non
786 2808 939 2856 addam
964 2808 1204 2855 maledicere
1237 2808 1416 2870 amplius
1436 2809 1576 2865 humo,
1603 2817 1783 2868 propter
1805 2806 2024 2860 hominem,
2057 2808 2156 2868 quia
2175 2806 2427 2868 figmentum

427 2874 561 2922 cordis
593 2875 770 2921 hominis
793 2875 947 2923 malum
970 2893 997 2921 a
1014 2877 1206 2936 pueritia
1230 2877 1347 2938 eysus3
1385 2874 1439 2922 ἑά
1463 2890 1543 2920 non
1580 2873 1733 2919 addam
1757 2871 1935 2932 amplius
1967 2881 2186 2931 percutere
2219 2890 2330 2920 omne
2353 2878 2427 2921 vi-

427 2955 530 2989 vum
538 2939 655 3000 ficut
668 2939 772 3001 feci.
844 2941 1074 2988 Odoratus
1099 2940 1307 3001 Jehovah
1344 2939 1533 2986 odorem
1557 2938 1734 3000 quietis,
1770 2936 1992 2999 significat
2015 2937 2139 2999 quod
2175 2952 2328 3001 gratus
2352 2939 2427 2990 fu—

427 3006 512 3054 erit
540 3006 749 3053 Domino
782 3006 931 3053 cultus
968 3007 1099 3054 inde:
1153 3006 1217 3052 Et
1257 3005 1372 3050 dixit
1399 3003 1606 3064 Jehovah
1644 3004 1690 3049 in
1725 3002 1862 3049 corde
1901 3001 1997 3059 suo,
2037 3003 2258 3066 fignificat
2298 2998 2427 3069 quod

428 3072 491 3120 ita
514 3087 604 3118 non
637 3070 832 3133 amplius
867 3071 992 3117 fieret
1013 3091 1025 3119 ι
1060 3088 1152 3118 non
1176 3069 1341 3118 addam
1366 3069 1630 3117 maledicere
1648 3069 1843 3132 amplius
1866 3067 2026 3125 humo,
2053 3070 2274 3133 fignificat
2299 3074 2428 3135 quod*

399 3138 570 3186 ‘homo
600 3154 694 3184 non
732 3136 926 3199 amplius
964 3137 1023 3183 ita
1060 3136 1101 3183 se
1134 3147 1331 3190 avertet:
1370 3148 1557 3199 propter
1596 3135 1846 3191 hominem,
1882 3135 2104 3198 fignificat
2138 3137 2251 3186 sicut
2284 3138 2431 3186 homo

431 3221 455 3252 e
480 3204 735 3270 posteritate
753 3203 1093 3268 Antiquiffirnae
1119 3201 1365 3252 Ecclefiae:
1401 3203 1508 3267 quia
1542 3201 1821 3267 figmentum
1844 3202 1992 3251 cordis
2017 3201 2213 3252 hominis
2252 3204 2424 3254 malum

2399 3289 2429 3321 a
2478 3264 2482 3268 .
