2788 3736
829 272 1261 334 CAPUT
1358 270 1986 332 TERTrUM.
2219 342 2223 348 ¹
2336 275 2418 356 Q

402 411 527 459 enim
549 423 642 457 non
664 407 723 455 ad
745 406 919 455 sensum
957 424 1132 458 vocum
1173 408 1220 456 lo
1255 410 1403 455 uentis
1446 409 1654 464 attendit,
1691 408 1764 455 sed
1803 409 1860 455 ad
1901 424 2053 463 voces,-
2089 409 2124 453 is
2163 424 2322 470 parum
2365 410 2420 454 d<-

399 474 523 526 sensu
546 470 682 541 capit,
720 475 871 520 minus
895 474 953 521 de
976 473 1213 523 universali
1243 473 1386 531 ensus,
1421 471 1659 537 &judicat
1673 475 1947 538 quandoque
1969 491 2027 521 ex
2047 490 2136 521 una
2153 489 2282 529 voce,
2320 476 2416 520 imo

397 538 459 590 ex
481 538 581 590 uno‘
596 540 893 607 gramaticali,
930 540 987 587 de
1008 540 1221 605 omnibus
1244 541 1315 596 iis,
1339 552 1447 602 quae
1463 539 1564 602 quis
1586 539 1803 603 loquitur.

391 611 400 617 ’
467 626 578 669 24²·
614 605 754 655 Vers:
788 625 860 667 14.
895 607 960 655 Et
983 607 1098 655 dixit
1117 602 1324 668 Jehovah
1348 604 1469 652 Deus
1499 605 1560 651 ad
1581 605 1835 668 serpentem,
1870 608 1970 668 quia
1996 605 2137 668 fect-'sti
2164 606 2256 662 hoc,
2289 604 2416 653 male—

396 675 536 723 didus
558 685 607 722 tu
619 686 721 739 prae
743 670 882 723 omnia
904 668 1047 742 bestia,
1064 671 1129 723 ,ἐξ
1141 682 1241 732 pree
1262 672 1374 717 omni
1383 670 1490 732 fera
1513 674 1628 732 agri,
1653 672 1787 733 super·
1808 683 1959 717 ventre
1979 681 2052 717 tuo
2076 673 2325 729 ambulabis,
2360 675 2415 721 &

390 742 611 804 pulverem
634 731 725 789 edes
746 735 932 803 mnfbus
950 735 1094 785 diebus
1115 738 1224 783 vitae
1245 746 1346 783 tuae.
1417 736 1564 802 Qod
1586 735 1793 797 Jehovah
1812 737 1942 785 Deus
1965 736 2129 783 dixerit
2163 739 2219 784 ad
2241 739 2429 802 serpen--

396 819 520 864 tem„
547 806 784 872 fignificat,
820 800 950 866 quod
967 813 970 815 ’
986 803 1270 866 perceperint
1306 801 1496 858 sensuale
1535 801 1738 849 suumin
1775 801 1902 850 causa
1936 802 2049 849 effe:
2087 803 2213 865 quod
2239 803 2412 867 serpens

397 867 670 934 maledjfims'
686 871 784 934 prae
803 861 935 916 om‘ni
955 862 1092 916 bestia
1112 868 1164 916 δε
1185 866 1278 926 fera
1299 870 1412 938 agri,
1447 868 1672 932 fignificat
1694 868 1836 932 quod
1866 866 2059 915 sensuale
2081 871 2292 916 averterit
2329 870 2368 916 ie
2392 888 2417 917 a

397 928 587 1000 coelesti,
620 936 673 999 δε
694 934 971 983 converterit
984 934 1028 982 se
1047 934 1105 982 ad
1129 931 1419 1000 corporeum,
1454 951 1506 982 ac
1531 935 1594 982 ita
1614 934 1695 982 fibi
1718 933 2000 982 maledixerit
2020 953 2031 981 :
2083 933 2220 982 bestia
2254 936 2305 982 &
2329 934 2418 988 fera

396 998 494 1068 agri
509 998 741 1068 ,fignififflss
756 1001 854 1059 hic,
880 1012 933 1049 ut
953 1001 1098 1077 prius,
1112 995 1408 1055 affinitiones:
1459 1001 1587 1064 quod
1611 998 1788 1066 serpens
1812 1000 1943 1064 super
1966 1013 2122 1049 ventre
2144 1000 2412 1057 ambularet,

396 1071 461 1118 est
480 1069 610 1134 quod
632 1067 824 1120 sensuale
845 1082 939 1118 non
962 1067 1158 1133 amplius
1181 1066 1373 1133 spectare
1394 1067 1539 1133 pofl'et
1559 1066 1734 1115 sursum
1756 1066 1814 1115 ad
1843 1065 2057 1124 coelestia,
2094 1065 2168 1113 sed
2202 1067 2412 1115 deorsum

395 1138 455 1184 ad
468 1131 692 1200 ‚corporea
713 1134 764 1182 δε
787 1132 1034 1183 terrestria:
1077 1132 1204 1200 quod
1228 1133 1466 1198 pulverem
1507 1133 1820 1182 commederet
1850 1132 2064 1181 omnibus
2103 1133 2259 1182 dieb'us
2290 1137 2414 1189 Vitae,

395 1203 461 1250 est
484 1201 620 1265 ..quod
655 1200 846 1248 sensuale
879 1201 942 1247 ita
969 1197 1160 1259 fanum,
1197 1213 1250 1248 ut
1278 1217 1336 1249 ex
1364 1200 1454 1248 alio
1486 1216 1628 1264 quam
1652 1217 1710 1248 ex
1732 1197 1952 1264 corporeo
1974 1200 2026 1249 &
2049 1198 2240 1247 terrestri
2264 1201 2417 1247 vivere

394 1285 487 1318 non
518 1267 679 1336 postet,
714 1268 778 1315 ita
799 1263 1028 1315 infernale.
2376 1325 2381 1330 ⁸

370 1331 371 1334 ’
460 1352 576 1398 243.
614 1335 668 1382 In
689 1334 784 1383 anti
816 1334 999 1398 uissimo
1028 1331 1202 1382 coelesti
1232 1332 1419 1398 homine
1441 1333 1670 1398 Sensualia
1700 1334 1903 1399 corporis
1943 1333 2047 1382 talia
2082 1346 2225 1390 erant,
2262 1345 2313 1380 ut
2336 1332 2417 1382 ob-

396 1403 685 1466 sequerentur
713 1400 765 1448 &
799 1401 996 1448 ervirent
1017 1401 1196 1448 interno
1217 1417 1381 1449 eorum
1397 1401 1591 1458 homini,
1625 1401 1676 1448 δε
1699 1413 1919 1465 praeterea
1941 1399 2015 1447 ilIa
2047 1416 2140 1447 non
2173 1401 2385 1448 curabant
2403 1424 2418 1455 ·,

394 1468 472 1530 sed
493 1466 756 1532 vpostquam
800 1483 953 1530 amare
1003 1466 1046 1515 se
1092 1479 1343 1533 caeperunt,
1394 1465 1696 1534 praeferebant
1745 1466 1952 1515 sensualia
1983 1464 2168 1527 Jinterno
2223 1467 2417 1522 homini,

394 1551 532 1599 quare
565 1533 890 1598 separabantur,
924 1533 976 1583 &
1009 1531 1124 1583 fafita
1155 1549 1386 1598 corporea,
1421 1536 1472 1583 δε
1495 1531 1557 1582 fic
1577 1533 1801 1582 damnata.
2206 1532 2212 1538 '
2375 1582 2382 1588 ,

463 1619 574 1662 244.
610 1600 759 1666 Qiod
780 1599 989 1662 jehovah
1009 1599 1326 1649 Deusdixerit
1344 1601 1401 1648 ad
1426 1599 1696 1665 serpentem,
1719 1599 1959 1665 significet,
1984 1599 2112 1663 quod
2141 1600 2419 1664 perceperint

398 1667 590 1716 sensuale
615 1666 747 1714 suum
772 1667 818 1714 in
843 1665 972 1714 causa
985 1667 1086 1724 efle,
1122 1667 1248 1731 prius
1258 1662 1497 1715 'ostensum
1520 1666 1611 1722 est;
1642 1665 1783 1730 ⁴quare
1799 1668 1852 1714 iis
1866 1683 1959 1714 non
1976 1665 2333 1714 immorandum.

452 1751 579 1797 245·
616 1733 763 1798 Qod
787 1733 954 1796 dixerit
977 1733 1036 1780 ad
1074 1731 1344 1797 serpentem,
1380 1733 1646 1795 maledictus
1683 1745 1736 1780 tu
1769 1732 1867 1797 prae
1905 1733 2034 1780 omni
2076 1731 2213 1780 bestia
2249 1733 2299 1778 &
2324 1748 2420 1795 prae

397 1803 528 1849 omni
559 1797 657 1848 fera*
680 1800 794 1862 agri,
829 1792 1070 1861 significet,
1092 1798 1233 1863 :quod
1271 1797 1462 1847 sensuale
1478 1800 1703 1858 „averterit
1736 1798 1778 1846 se
1813 1815 1841 1846 a
1876 1797 2064 1855 coelesti,
2101 1798 2151 1845 &
2184 1811 2416 1860 converte-

397 1867 458 1913 rit
487 1865 529 1913 se
548 1864 622 1912 aad
654 1879 944 1928 corporeum,
979 1880 1030 1911 ac
1063 1856 1124 1911 ita
1153 1858 1292 1912 semet
1324 1863 1624 1922 damnaverit,
1651 1860 1740 1912 'seu
1769 1864 1851 1912 fibi
1887 1862 2185 1921 maledixerit,
2219 1863 2421 1912 constare

398 1932 498 1980 satis
535 1929 686 1994 potest
733 1946 759 1976 a
803 1928 926 1977 sensu
961 1931 1140 1978 interno
1170 1929 1313 1993 Verbi
1329 1953 1345 1986 ;
1378 1930 1604 1992 ,jehovah
1633 1931 1763 1978 Deus
1794 1929 1869 1978 ieu
1906 1931 2139 1978 Dominus
2184 1946 2418 1993 nunquam

397 1998 551 2058 alicui,
572 1995 820 2058 maledicit,
855 2011 1090 2060 nunquam
1123 1993 1257 2045 alicui
1290 1994 1509 2054 irascitur,
1544 2012 1780 2060 nunquam
1816 1996 2015 2060 aliquem
2039 1997 2419 2044 ⁴intentationem

398 2062 593 2124 inducit,
617 2061 802 2110 nullum
826 2063 982 2126 punit,
1002 2063 1155 2110 minus
1180 2062 1443 2119 maledicit·,
1479 2061 1554 2110 sed
1571 2063 1699 2127 quod
1730 2061 1953 2111 diabolica
1971 2060 2105 2110 turba
2126 2061 2231 2110 talia
2253 2061 2418 2118 faciat,

396 2147 424 2178 a
454 2127 580 2190 fonte
616 2127 966 2189 Misericordiae,
1003 2129 1136 2176 Pacis
1160 2129 1210 2176 δι’
1234 2129 1471 2187 Bonitatis,
1508 2129 1612 2177 talia
1640 2128 1862 2193 nusquam
1900 2131 2051 2177 venire
2082 2129 2295 2194 poffunt:
2345 2132 2415 2177 At

399 2196 527 2260 quod
548 2196 640 2252 hic,
675 2196 725 2242 ὅτ
748 2197 908 2259 paffim
931 2197 979 2242 in
1002 2194 1158 2242 Verbo
1182 2193 1373 2252 dicatur,
1388 2239 1393 2241 ,
1409 2195 1537 2260 quod
1561 2195 1769 2257 Jehovah
1789 2196 1919 2243 Deus
1954 2212 2048 2243 non
2071 2195 2218 2243 solum
2247 2208 2419 2247 avertat

399 2261 550 2319 facies,
586 2260 813 2319 irascatur,
850 2263 1026 2326 puniat,
1062 2273 1222 2318 tentet,
1258 2257 1492 2310 sedetiam
1518 2260 1715 2318 occidat,
1751 2264 1848 2310 imo
1875 2261 2129 2320 maledicat,
2167 2261 2230 2309 est
2270 2262 2413 2319 causa,

374 2388 377 2394 Ι
401 2340 453 2376 ut
492 2328 740 2389 crederent,
775 2329 905 2392 quod
926 2328 1158 2376 Dominus
1181 2330 1338 2386 omnia
1358 2329 1408 2377 δι
1433 2328 1608 2394 singula
1637 2330 1686 2376 in
1707 2329 1918 2394 universo
1953 2342 2079 2392 regat
2115 2329 2165 2377 &
2190 2327 2414 2392 disponat,

374 2440 377 2443 ,
400 2396 539 2443 etiam
563 2393 714 2458 ipsum
738 2394 935 2452 malum,
965 2411 1146 2459 poenas,
1181 2393 1448 2443 tentationes
1465 2391 1488 2452 ς’
1519 2396 1569 2443 &
1591 2393 1836 2461 postquam
1860 2397 2277 2443 communissimam
2301 2394 2415 2442 hanc

401 2461 550 2508 ideam
589 2462 857 2525 acceperint,
893 2457 1018 2527 quod
1044 2462 1150 2509 dein
1174 2460 1408 2528 discerent,
1445 2462 1686 2527 quomodo
1722 2463 1925 2527 regit&
1966 2461 2183 2526 disponit,
2215 2462 2265 2509 δε
2289 2462 2439 2525 quod

372 2572 376 2576 .
403 2527 772 2590 malumpoenae,
808 2527 859 2574 δε
884 2527 1060 2575 malum
1086 2529 1343 2576 tentationis
1368 2540 1512 2577 vertat
1549 2531 1599 2576 in
1637 2527 1847 2577 bonum:
1883 2528 2001 2576 ordo
2039 2527 2235 2576 docendi
2270 2528 2320 2576 δε
2344 2528 2413 2575 di-

402 2593 555 2654 scendi
576 2593 623 2706 it?
645 2591 802 2706 &zerbo
823 2591 886 2641 est
909 2609 935 2639 a
952 2594 1367 2656 communiliimis3
1405 2611 1543 2659 quare
1567 2592 1712 2643 sensus
1750 2595 1894 2642 literae
1935 2595 2314 2643 communiffimis
2346 2607 2411 2641 ta-

398 2659 519 2707 libus
550 2676 576 2707 a
607 2675 670 2706 un
705 2670 764 2706 at.
2336 2692 2343 2696 -

472 2727 580 2787 246.
618 2725 766 2787 Qod
789 2724 935 2773 Bestia
955 2727 1005 2774 &
1030 2727 1070 2774 F
1070 2742 1142 2774 era
1164 2727 1261 2791 agri
1283 2725 1538 2791 significent
1572 2726 1846 2784 affed'tiones‚
1872 2726 2071 2775 constare
2093 2725 2239 2789 potest
2262 2725 2318 2773 ab
2342 2727 2412 2782 iis,

401 2808 509 2856 quae
531 2793 590 2853 de
613 2790 750 2839 bestia
771 2792 820 2839 &
846 2788 937 2839 fera
959 2794 1086 2856 prius
1110 2792 1229 2857 di&
1262 2792 1381 2850 sunt,
1418 2810 1475 2840 n:
1501 2790 1582 2856 45.
1620 2794 1699 2854 46.
1750 2792 1917 2857 quibus
1940 2793 2103 2840 addere
2126 2791 2248 2849 licet,
2284 2794 2412 2855 quod

402 2858 526 2926 apud
547 2857 780 2906 Davidem
815 2863 849 2884 “
867 2858 1080 2906 Pluviam
1118 2857 1534 2921 benevolentiarum
1571 2862 1739 2923 agitare
1774 2857 1883 2907 sacis
1905 2859 2064 2914 Deus;
2101 2857 2413 2907 haereditatem

407 2928 441 2949 “
458 2928 601 2984 ‘tuam
631 2922 928 2981 laborantem,
966 2924 1045 2971 Tu
1084 2925 1325 2983 confirmas
1354 2925 1507 2974 illam:
1545 2927 1658 2974 Fera
1680 2938 1761 2973 tua
1797 2924 2062 2973 habitabunt
2091 2927 2138 2973 in
2162 2941 2225 2974 ea.
2245 2927 2274 2945 ”
2332 2925 2410 2972 ubi

403 2990 541 3035 etiam
563 2984 677 3039 Fera
714 3007 800 3054 pro
829 2990 1064 3038 affeffione
1089 2985 1213 3048 boni,
1250 2987 1361 3055 quia,
1383 2991 1598 3039 habitabit
1638 2994 1684 3039 in
1708 2987 1968 3044 haereditate
1990 2992 2094 3038 Dei.
2166 2991 2314 3056 Qod
2336 2992 2411 3038 hic

405 3054 539 3101 bestia
560 3055 610 3103 &
628 3054 726 3118 fera
746 3056 1058 3125 agri'dicatur,
1092 3057 1207 3105 ficut
1243 3060 1379 3105 etiam
1399 3060 1463 3117 ,in
1489 3059 1649 3122 Capite
1668 3074 1709 3104 11
1733 3077 1743 3106 :
1786 3077 1864 3125 19,
1892 3075 1967 3107 20.
2004 3057 2079 3104 sed
2104 3059 2151 3104 in
2174 3059 2336 3120 Capite
2365 3076 2406 3105 1:

378 3120 769 3183 ,24:⁴25,·bestia
789 3123 840 3169 &
864 3121 955 3171 fera
978 3137 1125 3180 terrae,
1161 3123 1288 3179 causa
1309 3123 1388 3180 est,
1423 3126 1530 3187 quia
1561 3127 1711 3188 agitur
1750 3125 1807 3171 de
1846 3123 2061 3176 Ecclesia,
2114 3122 2186 3170 seu
2223 3122 2409 3185 homine

405 3198 664 3250 regenerato
684 3210 698 3242 ·,
734 3189 781 3233 in
805 3191 947 3250 capite
970 3191 1123 3252 primo
1145 3198 1295 3236 autern
1321 3190 1378 3237 de
1402 3206 1495 3237 non
1518 3186 1732 3247 Ecclesia,
1768 3189 1840 3238 seu
1860 3189 1917 3236 de
1940 3189 2124 3237 homine
2147 3204 2407 3253 regeneran-

401 3253 466 3303 do
485 3267 506 3309 3¹
535 3269 638 3300 nam
670 3268 775 3315 ager
797 3252 859 3298 est
883 3270 992 3309 vox,
1028 3271 1133 3317 quae
1154 3256 1410 3318 applicatur
1433 3255 1662 3314 Ecclefiae,
1709 3257 1780 3304 seu
1807 3254 2106 3317 Regenerato.

1255 3331 1260 3335 '
1456 3324 1499 3368 K
2305 3335 2412 3382 247.
