2788 3736
453 299 541 423 56
975 312 2001 403 GENEszs.'

514 494 621 528 202.
663 474 982 538 Antiquissima
1003 473 1217 531 Ecclefia,
1253 491 1358 538 quae
1382 474 1574 523 coelestis
1605 470 1764 533 homo,
1817 480 1920 526 talis
1945 491 2053 536 erat,
2090 491 2144 527 ut
2177 493 2268 527 non
2302 478 2448 530 solum

446 560 537 593 non
564 540 837 597 comederet,
855 541 923 588 de*
937 540 1091 588 arbore
1115 539 1326 597 scientiae,
1346 542 1433 588 hoc
1456 540 1535 596 est,
1554 541 1740 588 disceret
1755 558 1812 590 ex
1824 543 2090 592 sensualibus
2110 543 2446 604 &iscientificiffi

448 609 562 672 quid
585 607 708 662 fidei,
744 605 819 653 sed
845 623 901 654 ne
921 607 1111 669 quidem
1135 606 1295 653 licebat
1317 608 1380 654 eis
1403 619 1583 669 tangere
1607 606 1735 654 istam
1758 608 1979 666 arborem,
2018 610 2106 657 hoc
2135 609 2214 665 est,
2250 613 2450 675 cogitare

448 689 506 720 ex
527 670 794 719 sensualibus
817 673 866 719 &
891 671 1140 719 scientificis
1162 672 1330 734 aliquid
1355 671 1481 735 quod
1504 672 1610 718 esset
1641 673 1767 729 fidei,
1805 691 1860 721 ne
1883 691 1908 721 a
1930 675 2026 722 vita
2045 673 2215 722 coelesti
2237 676 2284 722 in
2305 678 2450 724 vitam

449 736 739 804 spiritualem,
762 739 814 785 δε
842 737 903 785 fic
926 753 1080 801 porro,
1105 737 1424 785 delaberentur.
1477 737 1603 784 Talis
1626 754 1809 802 quoque
1832 740 1896 787 est
1915 741 2012 786 vita
2033 739 2323 802 Angelorum
2339 742 2451 790 Coe-

455 804 632 851 lestiurn
653 825 668 859 ·,
701 804 782 867 qui
804 818 964 850 eorum
987 804 1190 850 intimius
1212 802 1411 850 coelestes
1445 801 1562 859 sunt,
1597 820 1655 850 ne
1685 804 1875 867 quidem
1897 805 2146 852 admittunt
2168 815 2222 851 ut
2243 807 2450 854 nomine-
2475 818 2478 822 ’

445 882 522 917 tur
544 870 675 923 fides,
712 881 789 915 aut
811 868 1032 932 quicquid
1070 868 1238 931 aliquid
1262 886 1287 916 a
1308 867 1518 932 spirituali
1541 868 1691 925 trahit,
1725 868 1848 932 sique
1872 872 2130 918 nominatur
2152 868 2208 916 ab
2224 869 2339 927 aliis,
2364 884 2450 934 pro
2474 880 2477 882 ’

451 936 546 983 fide
574 935 829 998 percipiunt
853 949 1056 981 amorem
1082 950 1190 982 cum
1212 934 1460 981 differentia
1487 929 1548 980 'iis
1586 933 1732 981 solum
1755 937 1955 998 cognita,
1991 936 2051 981 ita
2068 935 2291 998 quicquid
2313 928 2454 983 estfi·
2476 944 2481 967 ³

451 1001 524 1048 dei
548 1000 752 1048 derivant
779 999 836 1046 ab
868 1015 1020 1047 amore
1040 1000 1091 1046 δι
1115 999 1361 1054 charitate·,
1398 1000 1549 1046 minus
1578 999 1725 1047 adhuc
1762 1001 1914 1048 audire
1952 999 2164 1047 sustinent
2192 1000 2362 1063 aliquid
2386 1016 2454 1049 ra-

449 1065 630 1123 tionale,
669 1067 718 1114 δι
759 1066 949 1112 minime
983 1064 1155 1128 aliquid
1188 1064 1484 1112 scientificum
1509 1064 1565 1112 de
1588 1065 1697 1121 fide,
1734 1081 1839 1113 nam
1860 1067 2205 1128 Perceptionem
2233 1065 2399 1114 habent
2424 1081 2453 1114 a

448 1133 657 1180 Domino
701 1147 781 1195 per
803 1132 1027 1178 Amorem
1069 1130 1183 1193 quid
1218 1129 1392 1177 bonum
1426 1131 1475 1178 &
1501 1146 1696 1184 verum3
1733 1147 1788 1178 ex
1811 1132 2104 1195 Perceptione
2142 1143 2311 1178 norunt
2333 1131 2456 1180 illico
2484 1146 2488 1150 ·

447 1215 504 1246 an
529 1199 588 1245 ita
610 1198 680 1254 sit,
717 1196 788 1243 vel
814 1212 906 1243 non
931 1198 990 1243 ita
1011 1194 1095 1251 fit;
1131 1210 1266 1259 quare
1290 1211 1398 1243 cum
1422 1195 1478 1242 de
1519 1195 1608 1242 fide
1632 1195 1800 1243 dicitur
1822 1197 1952 1260 quid,
1987 1212 2078 1244 non
2105 1195 2229 1243 aliud
2267 1195 2473 1260 respon··

447 1263 574 1319 dent,
642 1278 749 1310 uam
773 1261 899 1324 quod
930 1263 991 1307 ita
1030 1259 1099 1317 fit,
1133 1260 1206 1307 vel
1230 1276 1321 1307 non
1347 1261 1407 1308 ita
1430 1259 1499 1316 sit,
1535 1261 1642 1322 quia
1664 1277 1689 1308 a
1710 1262 1920 1309 Domino
1953 1263 2234 1325 percipiunt:
2266 1260 2360 1309 -hoc
2389 1261 2455 1310 est

450 1329 577 1392 quod
609 1279 869 1391 {gnificant
890 1325 1040 1373 Verba
1060 1326 1254 1373 Domini
1287 1325 1408 1389 apud
1433 1326 1728 1382 Matthaeum,
1771 1331 1806 1355 “
1829 1327 1932 1374 Erit
1961 1326 2105 1375 sermo
2125 1325 2286 1382 vester,
2326 1329 2455 1375 etiam

458 1399 494 1421 “
529 1396 673 1450 etiam,
709 1408 790 1440 non
829 1407 925 1449 non,
959 1391 1087 1456 quod
1122 1391 1238 1439 ultra
1259 1390 1358 1438 haec
1381 1390 1462 1447 est,
1502 1406 1559 1438 ex
1591 1390 1712 1439 malo
1747 1390 1860 1449 est‚’'
1884 1392 1957 1440 V:
1986 1405 2062 1456 37⁵
2095 1391 2342 1440 hoc-nunc
2373 1391 2452 1448 est,

451 1459 580 1523 quod
621 1475 677 1506 ne
715 1458 903 1522 quidem
935 1469 1115 1521 tangere
1137 1458 1199 1504 eis
1237 1456 1412 1504 licuerit
1434 1455 1635 1505 frustum
1659 1455 1826 1506 arboris
1858 1456 2070 1514 scientiae,
2111 1457 2223 1504 na'm-
2243 1455 2277 1504 fi
2300 1467 2455 1520 tange-

452 1536 567 1582 rent,
608 1526 655 1571 in
687 1523 808 1571 malo
830 1523 983 1580 essent,
1006 1522 1078 1571 seu
1103 1522 1207 1571 inde
1231 1535 1536 1571 morerentur:
1573 1523 1809 1580 Praeterea,
1850 1523 2021 1586 Angeli
2043 1521 2243 1572 coelestes
2265 1522 2381 1569 inter
2414 1521 2457 1569 se

448 1591 700 1654 loquuntur
721 1589 833 1637 ficut
866 1589 955 1646 alii,
991 1589 1048 1636 de
1069 1590 1217 1645 variis,
1261 1587 1333 1635 sed
1368 1588 1547 1651 loquela
1569 1588 1755 1645 coelesti,
1795 1587 1989 1636 formata
2019 1589 2071 1636 δε
2091 1588 2291 1635 derivata
2311 1602 2367 1635 ex
2385 1588 2454 1635 A·

450 1671 593 1713 more,
628 1672 735 1720 quae
758 1654 1025 1702 ineffabilior
1047 1653 1126 1710 est,
1159 1669 1299 1716 quam
1321 1653 1499 1717 loquela
1521 1654 1811 1717 Angelorum
1835 1653 2146 1718 spiritualium.

517 1737 623 1785 203.
659 1720 829 1784 Angeli
853 1719 1094 1783 spirituales
1116 1730 1268 1766 autem
1291 1718 1541 1782 loquuntur
1566 1719 1623 1766 de
1646 1719 1754 1775 fide,
1773 1721 1910 1767 etiam
1933 1719 2205 1766 confirmant
2227 1718 2318 1776 illa,
2342 1733 2451 1782 quae

455 1786 559 1834 sunt
591 1785 716 1842 fidei,
757 1801 838 1849 per
860 1784 1185 1840 intellectualia,
1225 1783 1467 1840 rationalia,
1494 1784 1545 1831 δε
1582 1782 1836 1840 scientifica,
1873 1783 1947 1830 sed
1970 1783 2190 1846 nusquam
2213 1782 2359 1831 exhis
2382 1784 2457 1830 :de
2488 1815 2490 1817 >

461 1852 555 1900 fide
578 1851 876 1908 concludunt,
914 1846 994 1914 qui
1018 1847 1314 1905 concludunt,
1339 1848 1440 1900 suut
1462 1849 1509 1896 in
1533 1848 1687 1904 malo;
1734 1865 1840 1898 nam
1864 1850 1999 1896 etiam
2023 1848 2087 1895 illi
2111 1849 2457 1912 Perceptionem
2522 1884 2528 1892 .

459 1917 625 1965 habent
664 1918 876 1964 omnium
915 1931 1021 1979 quae
1058 1914 1160 1962 sunt
1198 1914 1322 1971 fidei,
1357 1930 1383 1961 a
1419 1915 1643 1970 Domino,
1691 1912 1765 1961 sed
1804 1929 1895 1960 non
1932 1913 2071 1966 talem
2092 1914 2456 1976 Perceptionem,

460 1983 647 2046 qualem
670 1982 842 2044 Angeli
866 1979 1096 2029 coelestes:
1131 1980 1370 2042 Perceptio
1391 1979 1655 2042 angelorum
1686 1977 1978 2043 spiritualium
2002 1977 2068 2024 est
2088 1978 2324 2041 quoddam
2347 1993 2457 2026 con-

460 2048 672 2104 scientiae,
706 2062 813 2111 quae
851 2063 877 2093 a
898 2046 1106 2094 Domino
1127 2045 1370 2101 vivificata,
1413 2045 1465 2092 &
1498 2056 1679 2108 apparet
1711 2043 1823 2091 ficut
1844 2043 2081 2106 Perceptio
2118 2042 2326 2100 coelestiS,
2383 2041 2460 2091 sed
2502 2059 2505 2061 ·

460 2127 552 2162 non
590 2112 654 2160 est
676 2112 879 2170 caelestis,
915 2111 1059 2159 modo
1080 2111 1310 2175 perceptio
1343 2109 1592 2173 spiritualis.

530 2195 642 2239 204.
676 2177 796 2226 Vers
805 2197 816 2225 ι
849 2195 898 2239 4,
927 2194 969 2240 5.
1022 2178 1086 2225 Et
1108 2176 1219 2224 dixit
1231 2175 1402 2239 serpens
1423 2176 1484 2224 ad
1501 2176 1727 2232 mulierem,
1752 2192 1832 2225 non
1850 2176 2057 2224 moriendo
2079 2178 2302 2225 morimini.
2338 2175 2473 2238 Quia-

457 2247 582 2293 novit
605 2246 740 2303 Deus,
772 2244 881 2308 quod
903 2247 949 2291 in
970 2243 1052 2299 die,
1087 2259 1166 2307 quo
1187 2243 1311 2290 editis
1331 2241 1381 2289 de
1402 2258 1463 2298 eo,
1505 2241 1562 2290 ἐξ
1583 2244 1834 2304 aperiantur
1857 2242 1963 2290 oculi
1985 2241 2131 2302 vestri,
2147 2268 2150 2275 ·
2165 2241 2455 2302 &fitisficut

454 2312 589 2367 Deus,
620 2311 799 2373 scientes
820 2311 967 2358 bonum
991 2309 1046 2358 ὅς’
1068 2307 1235 2356 malum.
1306 2307 1353 2353 Si
1376 2307 1556 2355 ederent
1578 2323 1634 2355 ex
1668 2305 1818 2355 fruetu
1848 2307 2014 2354 arboris
2035 2307 2166 2371 quod
2184 2307 2461 2370 aperirentur
2509 2320 2512 2323 ⁴

453 2376 595 2433 oculi,
631 2375 866 2438 fignificat,
903 2375 935 2423 fi
970 2390 1027 2422 ex
1058 2373 1310 2421 sensuali&
1335 2373 1592 2430 scientifico,
1633 2373 1719 2420 hoc
1741 2372 1820 2429 est,
1858 2390 1883 2420 a
1904 2373 2041 2421 semet
2063 2371 2363 2421 scrutarentur
2385 2365 2462 2418 illa

458 2458 566 2505 quae
603 2440 704 2488 sunt
742 2441 865 2498 fidei,
902 2440 1030 2505 quod
1069 2437 1296 2486 manifeste
1315 2439 1520 2487 viderent
1556 2455 1623 2487 res
1646 2438 1688 2485 se
1727 2455 1820 2486 non
1850 2440 1912 2485 ita
1947 2438 2136 2486 habere:
2172 2438 2299 2501 quod
2308 2438 2461 2485 :essent
2506 2449 2511 2453 ·

460 2507 574 2555 ficut
595 2507 738 2563 Deus,
773 2506 957 2554 scientes
977 2505 1152 2553 bonum
1175 2505 1224 2553 &
1250 2504 1440 2561 malurn,
1476 2504 1712 2568 fignificat,
1755 2504 1789 2553 fi
1812 2506 1874 2552 ita
1895 2520 1951 2552 ex
1981 2502 2134 2560 semet,
2161 2503 2290 2566 quod
2311 2501 2459 2562 forent

447 2573 576 2623 ‘ficut
596 2573 739 2629 Deus,
772 2588 824 2620 ac
847 2571 1100 2635 semetipsos
1124 2570 1287 2619 ducere
1309 2570 1493 2634 poffent.
2012 2610 2014 2615 .
2277 2569 2282 2573 ’
2349 2587 2354 2609 ;

530 2654 640 2702 205.
675 2637 994 2702 Unusquisque
1015 2636 1257 2684 versiculus
1296 2637 1496 2684 continet
1533 2635 1806 2700 peculiarem
1835 2636 2030 2694 statum,
2051 2647 2131 2684 aut·
2148 2635 2459 2688 statusmuta'·

464 2706 637 2751 tionem
662 2705 708 2752 in
731 2703 960 2760 Ecclesia3
995 2703 1142 2750 Primi
1165 2701 1343 2758 Versus,
1378 2703 1503 2765 quod
1542 2703 1826 2767 perceperint
1853 2702 2000 2748 adhuc
2030 2701 2240 2748 illicitum
2260 2702 2361 2758 effe,
2392 2717 2462 2762 ta-

466 2769 599 2817 metfi
622 2768 920 2817 inclinabant:
957 2769 1004 2816 hi
1023 2767 1205 2826 Versus,
1239 2767 1368 2832 quod
1383 2769 1628 2831 inceperint
1650 2767 1868 2823 dubitare,
1902 2782 2051 2813 annon
2072 2765 2223 2814 liceret
2243 2769 2323 2824 eis,
2355 2773 2462 2831 quia

467 2835 524 2882 fic
551 2833 756 2881 viderent
795 2851 906 2882 num
928 2850 1035 2881 vera
1069 2835 1222 2891 essent,
1256 2849 1363 2897 quae
1396 2834 1665 2881 audiverunt
1700 2833 1756 2879 ab
1787 2833 1997 2894 antiquis,
2028 2831 2078 2878 ὅτ
2104 2831 2163 2878 fic
2185 2834 2460 2895 aperirentur
2494 2884 2497 2886 ,

367 2950 370 2952 ,
466 2899 616 2946 oculi:
643 2900 869 2956 Tandem,
904 2901 1009 2963 quia
1031 2892 1153 2962 apud
1173 2915 1249 2946 eos
1272 2913 1455 2961 regnare
1477 2899 1614 2960 caepit
1629 2899 1782 2949 Amor
1803 2895 1886 2952 sui,
1911 2897 2038 2959 quod
2055 2898 2461 2959 „potuissent-*semet

468 2966 651 3020 ducere,
687 2966 734 3011 δι
759 2965 818 3011 fic
835 2965 1005 3012 (similes
1026 2965 1109 3011 effe
1130 2965 1363 3011 Domino:
1400 2964 1553 3010 Amor
1575 2961 1639 3008 sui
1663 2962 1712 3008 id
1733 2960 1884 3008 lecum
1907 2960 2056 3018 habet,
2091 2963 2218 3025 quod
2242 2980 2333 3011 non
2350 2966 2457 3014 duci

467 3031 611 3078 velint
632 3046 656 3075 a
677 3030 898 3086 Domino,
940 3028 1014 3076 sed
1036 3046 1060 3077 a
1093 3028 1246 3086 semet,
1278 3029 1328 3076 &
1351 3043 1459 3076 cum
1483 3044 1508 3075 a
1530 3026 1681 3083 semet,
1712 3027 1839 3091 quod
1871 3026 2099 3075 consulant
2135 3028 2194 3076 de
2227 3029 2459 3080 credendis

475 3094 681 3143 sensualia
702 3095 752 3142 &
774 3093 1023 3143 scientifica.
2261 3111 2265 3115 v

539 3161 648 3210 206.
684 3161 888 3221 Qinam
913 3162 1060 3222 magis
1081 3159 1121 3206 se
1136 3171 1310 3223 apertos
1326 3158 1482 3206 habere
1504 3159 1676 3215 ocuIOS,
1693 3159 1742 3206 &
1764 3159 1876 3206 ficut
1890 3161 2014 3208 Deus
2039 3138 2145 3207 scire
2157 3161 2270 3224 quid
2287 3162 2460 3211 bonum
2519 3173 2523 3178 '
2578 3153 2581 3154 ⁷

471 3228 520 3274 ὅτ
546 3225 718 3274 malurn
741 3227 946 3282 credunt,
981 3241 1118 3289 quam
1140 3226 1220 3288 qui
1243 3224 1285 3272 se
1305 3237 1457 3272 amant
1478 3226 1529 3272 &
1552 3218 1683 3271 simul
1702 3241 1759 3271 ex
1782 3226 1958 3272 mundo
1980 3226 2102 3273 docti
2121 3224 2237 3283 sunt,
2261 3226 2335 3274 sed
2356 3231 2457 3291 quis

473 3292 536 3339 est
559 3292 751 3347 caeci0r;
787 3291 819 3340 s1
837 3291 1120 3340 consulantur
1143 3290 1300 3348 modo,
1338 3290 1567 3339 videbitur
1602 3291 1728 3354 quod
1766 3307 1847 3340 nec
1887 3290 2038 3349 sciant,
2075 3293 2224 3340 minus
2256 3293 2454 3350 credant,

2333 3361 2459 3422 quod
