2788 3736
658 270 2028 351 CAPUTSEPTIMUM.
2282 288 2408 379 2ss

382 442 569 493 quoque
605 426 749 475 horno
786 423 872 491 pro
912 427 1035 475 bono
1075 426 1256 474 amoris.
1328 425 1478 490 Apud
1513 425 1751 481 Eundem,
1789 431 1824 454 “
1850 425 2029 474 Vastata
2068 423 2186 483 sunt,
2223 439 2276 474 ut
2317 443 2409 475 non

385 501 422 522 “
453 494 510 541 fit
529 496 601 542 vir
618 494 852 551 transiens,
889 495 939 542 &
974 510 1067 541 non
1092 493 1285 541 audiunt
1307 509 1475 540 vocem
1499 493 1689 550 Pecoris,
1725 492 1784 539 ab
1807 494 1908 540 Ave
1947 493 2175 540 coelorum
2198 494 2250 541 ὅτ
2273 494 2415 558 usque

388 565 424 588 “
459 560 516 608 ad
540 561 736 622 Bestiam,
790 551 969 624 evagati
1008 559 1127 616 sunt,
1174 559 1463 616 abiverunt‚”
1494 575 1571 606 ix:
1616 577 1659 622 9.
1700 559 1923 616 similiter,
1976 576 2061 623 pro
2100 561 2228 624 quod
2275 577 2415 609 omne

386 643 550 674 verum
585 629 636 676 &
676 628 852 675 bonum
889 627 1045 674 abivit.
1117 626 1267 689 Apud
1304 625 1541 682 Eundem,
1598 630 1630 651 “
1657 624 1914 689 Quousque
1952 626 2128 689 lugebit
2174 639 2306 685 terra,
2361 629 2412 676 δε

389 698 425 721 “
458 693 596 742 herba
633 696 784 742 omnis
823 695 921 758 agri
960 691 1199 746 exarescet,
1250 704 1444 757 propter
1481 690 1702 739 malitiam
1745 691 2050 738 habitantium
2088 695 2134 740 in
2174 710 2240 751 ea,
2276 695 2411 759 periit

395 764 431 788 “
464 761 612 821 Bcstiae
634 762 684 809 δε
709 763 840 817 Avis,
874 761 982 823 quia
1004 759 1239 815 dixerunt,
1276 775 1367 805 non
1393 757 1569 806 videbit
1594 759 1889 804 novistimum
1914 758 2173 816 nostrum,'’
2215 777 2290 807 xu
2315 781 2325 809 :
2362 779 2407 823 4.

385 826 467 874 ubi
506 827 658 875 bestiae
692 843 779 892 pro
815 826 962 883 boniS,
1001 826 1053 872 ὅτ
1076 826 1171 873 avis
1195 841 1281 888 pro
1302 827 1438 881 veris,
1474 841 1582 889 quae
1620 826 1864 888 perierunt.
1932 826 2080 888 Apud
2106 826 2409 891 Zephanizm,

380 899 424 928 -“
458 893 742 942 Consumam
766 895 987 942 Hominem
1010 893 1060 940 δε
1087 891 1285 952 Bestiam,
1321 892 1592 940 consumam
1616 893 1757 939 Avem
1780 891 2028 948 coelorum,
2071 894 2119 939 ὅτ
2144 893 2284 956 pisces
2310 900 2405 942 ma*

397 965 434 987 “
469 962 545 1017 ris,
579 960 630 1009 &
653 958 930 1008 offendicula
950 974 1060 1007 cum
1084 959 1255 1021 impiis,
1290 959 1341 1006 &
1364 957 1620 1006 exscindam
1643 958 1907 1005 Hominem
1938 974 1963 1005 a
1991 957 2190 1006 faciebus
2224 960 2406 1018 humi,“
2500 981 2502 983 >

387 1043 439 1076 1:
467 1045 513 1091 3,
547 1026 787 1075 ubihomo
809 1028 859 1075 δι
885 1025 1020 1073 bestia
1041 1041 1127 1089 pro
1150 1025 1239 1072 illis
1261 1041 1369 1089 quae
1392 1025 1496 1072 sunt
1517 1026 1685 1072 amoris
1707 1025 1758 1073 &
1783 1023 1889 1072 inde
1929 1024 2070 1081 boni;
2121 1027 2217 1074 avis
2257 1027 2405 1076 coelo-

321 1130 337 1141 .
391 1097 498 1141 rum·
529 1093 580 1142 &
616 1093 756 1157 pisces
797 1094 934 1140 maris
973 1108 1060 1157 pro
1097 1091 1329 1156 illis'quae'
1354 1091 1457 1140 sunt
1480 1091 1748 1150 intellectus,
1782 1092 1848 1141 ita
1879 1108 1987 1155 quae
2027 1091 2128 1139 sunt
2150 1094 2263 1151 veri,
2298 1110 2407 1158 quae

375 1164 611 1208 ⁷vocantur
632 1159 925 1217 offendicula,
960 1159 1070 1223 quia
1092 1160 1247 1224 impiis
1271 1158 1390 1207 bona
1427 1159 1479 1207 &
1501 1175 1610 1207 vera
1648 1157 1750 1206 sunt
1789 1159 2082 1217 offendicula,
2120 1177 2213 1207 non
2253 1159 2407 1208 bestiae

387 1229 439 1275 &
462 1242 598 1282 aves;
633 1227 763 1291 quod
786 1226 873 1274 sint
906 1226 980 1274 illa
1003 1241 1110 1290 quae
1148 1226 1366 1283 hominis,
1405 1225 1643 1274 manifeste·
1667 1227 1803 1274 etiam
1836 1226 2018 1274 dicitur.
2091 1227 2238 1291 Apud
2261 1229 2406 1275 Davi-

387 1295 513 1350 dem,
552 1298 585 1320 “
610 1294 875 1341 Saturantur
896 1293 1075 1340 arbores
1101 1292 1311 1356 Jehovae,
1347 1293 1398 1341 δε
1422 1294 1544 1342 cedri
1569 1292 1753 1350 Libani,
1788 1309 1900 1357 quas
1938 1293 2176 1359 plantavit,
2214 1293 2292 1341 ubi
2323 1297 2406 1344 Vo-

387 1366 423 1389 “
456 1360 592 1409 lucres
614 1360 904 1418 nidificant,”
928 1358 1107 1408 Psalm:
1136 1375 1252 1408 c1v:
1286 1360 1360 1417 16,
1393 1376 1466 1434 17.
1502 1360 1680 1408 arbores
1718 1359 1929 1422 Jehovae,
1982 1361 2032 1408 δε
2073 1360 2197 1408 cedri
2234 1360 2407 1411 Libani

387 1443 476 1492 pro
514 1426 727 1491 spirituali
770 1427 991 1483 homine;
1027 1426 1238 1475 volucres
1274 1443 1360 1492 pro
1395 1443 1492 1491 ejus
1512 1428 1632 1475 veris
1666 1426 1956 1475 rationalibus
1994 1439 2073 1475 aut
2105 1427 2404 1486 naturalibus,

384 1510 494 1558 quae
516 1494 616 1541 sunt
639 1494 763 1558 quasi
794 1495 905 1542 nidi.
976 1493 1490 1558 Alioquincommunis
1514 1494 1713 1542 formula
1735 1493 1953 1558 loquendi
1977 1492 2082 1550 fuit,
2117 1494 2246 1558 quod
2285 1495 2404 1544 nidi-

384 1561 571 1610 ficarent
600 1577 702 1609 aves
735 1562 782 1609 in
806 1561 958 1619 ramis,
993 1577 1085 1626 qua
1118 1560 1490 1626 significabantur
1527 1577 1664 1618 vera,
1701 1573 1754 1609 ut
1793 1561 1918 1624 apud
1942 1560 2253 1618 Ezechielem,
2290 1567 2326 1589 “
2348 1562 2403 1611 In

389 1633 426 1656 “
461 1640 619 1676 monte
658 1629 910 1677 altitudinis
948 1627 1117 1676 Israelis
1150 1627 1366 1692 plantabo
1404 1627 1556 1686 illum,
1614 1630 1664 1676 &
1711 1627 1887 1676 attollet
1933 1644 2131 1685 ramum,
2181 1629 2232 1676 &
2273 1626 2404 1677 faciet

386 1701 423 1723 “
456 1694 677 1753 fru&um,
712 1697 763 1744 ὅτ
787 1697 872 1743 erit
895 1697 942 1742 in
978 1695 1172 1744 cedrum
1213 1694 1527 1759 magnificam,
1559 1695 1611 1743 &
1634 1694 1901 1743 habitabunt
1937 1694 2020 1742 sub
2042 1694 2119 1742 illa
2141 1696 2293 1743 omnis
2316 1698 2403 1743 Vo-

389 1766 424 1789 “
458 1762 589 1809 lucris
622 1764 752 1809 omnis
773 1762 872 1819 alae,
908 1762 956 1808 in
977 1761 1144 1808 umbra
1175 1776 1412 1809 ramorum
1433 1758 1529 1825 ejus
1553 1761 1871 1818 habitabunt,’'
1895 1777 2012 1809 xvu
2041 1779 2052 1810 ε
2077 1777 2154 1826 23.
2197 1777 2285 1826 pro
2306 1763 2402 1810 Ec-

297 1837 302 1840 *
389 1822 521 1875 clefia
555 1828 784 1892 gentium,
819 1843 928 1892 quae
968 1826 1222 1891 spiritualis,
1257 1842 1366 1890 quae
1397 1826 1463 1875 est
1500 1827 1661 1875 cedrus
1701 1826 1963 1892 magnifica,
2011 1828 2106 1876 avis
2130 1830 2282 1876 omnis
2314 1828 2401 1878 alae

385 1910 474 1957 pro
511 1896 629 1942 veris
674 1895 825 1941 omnis
864 1894 1052 1958 generis.
1146 1893 1294 1958 Apud
1334 1893 1571 1951 Eundem,
1621 1895 1746 1942 “2In
1787 1895 1922 1942 ramis
1967 1891 2063 1957 ejus
2108 1894 2401 1944 nidificarunt

337 1968 344 1972 “
381 1960 534 2007 omnis
564 1961 681 2009 Avis
718 1961 956 2017 caelorum,
1007 1960 1058 2008 8ῑ
1098 1957 1181 2010 sub
1225 1961 1360 2008 ramis
1397 1958 1493 2025 ejus
1533 1974 1788 2026 genuerunt
1837 1961 1988 2009 omnis
2024 1963 2139 2010 Fera
2183 1962 2297 2025 agri,
2347 1978 2398 2010 ac

379 2025 428 2073 in
474 2026 638 2074 umbra
674 2025 771 2090 ejus
811 2027 1068 2074 habitarunt
1106 2042 1266 2074 omnes
1307 2039 1464 2092 gentes
1505 2028 1739 2092 magnae,”
1777 2043 1926 2077 xxxi:
1971 2027 2018 2084 6,
2071 2027 2128 2076 de
2172 2027 2394 2086 Aschure,

380 2093 462 2157 qui
509 2093 574 2142 est
613 2093 815 2142 Ecclesia
858 2093 1112 2158 spiritualis,
1170 2095 1222 2142 δε
1259 2104 1451 2142 vocatur
1493 2094 1673 2151 cedruS,
1731 2096 1827 2143 avis
1866 2093 2096 2143 coelorurn
2150 2110 2238 2159 pro
2276 2097 2393 2143 veris

381 2157 495 2223 ejus,
555 2159 692 2208 bestia
737 2177 824 2225 pro
875 2160 1020 2208 bonis.
1124 2160 1274 2225 Apud
1294 2181 1299 2184 ’
1316 2160 1577 2220 Danielem,
1638 2166 1672 2189 “
1706 2162 1886 2209 Ramus
1936 2158 2033 2226 ejus
2078 2161 2284 2226 pulcher,
2344 2163 2397 2212 &

383 2231 420 2254 “
454 2225 629 2276 frustus
668 2225 763 2291 ejus
799 2227 991 2285 multus,
1042 2227 1094 2276 δε
1125 2227 1223 2275 esca
1256 2227 1473 2276 omnibus
1508 2229 1556 2276 in
1593 2245 1660 2284 ea,
1707 2227 1790 2277 sub
1829 2228 1907 2276 illa
1952 2227 2165 2276 umbram
2204 2227 2399 2279 habebat

386 2297 423 2320 “
455 2293 595 2350 Bestia
617 2294 731 2358 agri,
765 2294 817 2342 δι
840 2295 888 2342 in
911 2295 1048 2342 ramis
1070 2292 1167 2355 eius
1188 2293 1411 2344 habebant
1428 2295 1626 2344 Volucres
1646 2295 1822 2353 Coeli,'’
1853 2311 1935 2343 1v:
1999 2331 2014 2352 ,
2046 2300 2119 2344 18.
2155 2293 2234 2343 ubi
2261 2294 2395 2344 bestia

384 2374 472 2423 pro
493 2358 642 2417 bonis,
676 2360 879 2409 volucris
901 2361 1130 2410 coelorum
1155 2377 1241 2427 pro
1262 2364 1417 2418 veris·,
1451 2361 1580 2426 quod
1610 2362 1840 2410 unicuivis
1864 2313 2063 2410 censeare
2088 2360 2250 2426 potest,
2287 2379 2393 2412 nam

382 2425 497 2488 quid
531 2423 666 2484 foret,
699 2427 829 2491 quod
857 2427 920 2475 ibi
944 2428 1164 2487 habitaret
1185 2430 1282 2476 avis
1306 2430 1355 2477 δε
1381 2428 1530 2477 bestia.
1600 2428 1819 2489 Similiter
1840 2444 1947 2493 quae
1968 2429 2204 2477 Dominus
2227 2429 2391 2493 loquu-

382 2504 473 2548 tus,
511 2497 546 2519 “
570 2494 791 2557 Regnum
814 2494 905 2542 Dei
928 2493 1072 2543 simile
1094 2495 1159 2543 est
1180 2511 1325 2560 grano
1346 2495 1438 2544 sina
1471 2497 1524 2554 is,
1559 2495 1686 2560 quod
1710 2496 1935 2560 accipiens
1957 2495 2101 2544 homo
2123 2492 2314 2560 projecit
2346 2498 2394 2546 in

385 2565 420 2586 “
453 2559 639 2607 hortum
666 2558 816 2625 suum,
840 2562 1093 2624 crevitque,
1128 2562 1179 2609 δε
1201 2560 1376 2610 fadum
1398 2578 1423 2611 e
1483 2565 1531 2611 in
1553 2562 1762 2612 arborem
1785 2578 2021 2627 magnam,
2058 2574 2112 2609 ut
2129 2563 2246 2610 Aves
2262 2562 2397 2611 Coeli-

384 2630 419 2652 “
452 2625 696 2673 habitarint
711 2627 758 2673 in
783 2627 919 2674 ramis
933 2624 1079 2690 eju5,”
1102 2627 1238 2676 Luc:
1264 2643 1368 2676 xm
1391 2646 1402 2675 ε
1434 2646 1507 2694 19.
1542 2628 1727 2677 Matth':
1753 2645 1888 2678 x111:
1916 2646 1992 2692 32.
2018 2628 2182 2682 Marc:
2209 2644 2285 2676 iv:
2307 2644 2385 2692 3²⁴

454 2708 564 2757 777.
602 2693 750 2756 Qod
781 2694 876 2740 avis
898 2692 1123 2756 significet
1157 2709 1324 2742 verum
1359 2693 1601 2757 spirituale,
1635 2695 1837 2743 volucris
1859 2710 2021 2743 verum
2046 2693 2260 2751 naturale,
2295 2693 2386 2742 ala-

382 2771 484 2806 tum
507 2775 673 2807 verum
698 2758 904 2816 sensuale,
941 2759 1113 2808 constat
1152 2760 1274 2817 inde,
1311 2761 1372 2807 ita
1392 2777 1580 2825 quoque
1615 2760 1823 2810 distinete
1862 2759 1963 2808 sunt
1986 2762 2132 2809 Vera:
2169 2760 2280 2808 alata
2313 2761 2384 2808 di-

383 2838 547 2873 cuntur
569 2842 680 2874 vera
713 2824 940 2883 sensualia,
977 2825 1222 2890 quae‘sunt
1244 2825 1366 2874 visus
1402 2830 1451 2875 ὅτ,
1489 2828 1686 2885 auditus,
1721 2829 1827 2892 quia
1848 2839 2067 2886 extrema,
2102 2827 2245 2893 qualis
2266 2843 2384 2893 quo-

379 2906 467 2954 que
500 2891 565 2939 est
586 2893 854 2956 significatio
876 2893 961 2941 alae
995 2894 1233 2958 applicatae
1266 2893 1323 2942 ad
1346 2893 1442 2942 alia.

448 2962 557 3020 778.
593 2961 719 3023 Qia
761 2966 882 3009 nme
908 2961 1036 3008 Aves
1059 2961 1287 3009 coelorum
1323 2960 1578 3024 significant
1618 2958 1932 3009 intelledtualia
1953 2976 2075 3018 vera,
2110 2960 2171 3008 ita
2194 2962 2382 3025 Cogita-

379 3024 539 3079 tiones,
579 3027 715 3073 etiam
738 3026 993 3090 significant
1015 3029 1251 3085 contraria,
1287 3040 1341 3075 ut
1356 3028 1601 3092 phantafias
1622 3028 1696 3076 seu
1713 3026 1844 3085 falsa,
1868 3044 1976 3092 quae
1998 3029 2105 3092 quia
2127 3026 2230 3075 sunt
2253 3029 2381 3092 cogi·

379 3091 558 3138 tationis
580 3089 791 3148 hominis,
832 3108 1017 3157 quoque
1040 3110 1144 3142 aves
1165 3107 1405 3154 vocantur,
1440 3095 1554 3143 ficut
1583 3095 1710 3158 quod
1749 3095 1881 3160 impii
1915 3094 2130 3142 darentur
2154 3096 2201 3141 in
2223 3094 2382 3142 cibum
2479 3103 2488 3126 -·’

380 3156 539 3204 avibus
578 3157 702 3213 coeli,
750 3158 801 3205 δε
840 3157 962 3215 feris,
1012 3177 1099 3224 pro
1138 3161 1376 3225 phantasiis
1404 3162 1454 3210 &
1494 3160 1838 3226 cupiditatibUS,
1874 3160 1958 3209 Es:
1983 3176 2120 3208 XVHI
2142 3178 2154 3207 ε
2180 3160 2229 3207 6,
2272 3161 2380 3221 Jer:

382 3239 487 3270 vn:
518 3239 592 3285 33.
642 3224 770 3286 Cap:
793 3239 909 3272 xvi:
937 3243 984 3284 4.
1043 3227 1172 3291 Cap:
1199 3243 1307 3276 xrx:
1337 3245 1380 3294 7.
1439 3229 1568 3292 Cap:
1595 3243 1774 3276 xxxiv:
1803 3244 1879 3278 20.
1939 3225 2123 3275 Ezech:
2150 3240 2293 3272 xx‘x:
2331 3241 2379 3286 5:

381 3292 501 3355 Cap:
529 3305 712 3338 xxxix:
738 3307 783 3349 4.
832 3289 929 3353 Ipse
952 3292 1185 3342 Dominus
1207 3310 1394 3359 quoque
1417 3295 1667 3359 phantasias
1699 3295 1750 3343 &
1785 3292 2085 3359 persuasiones
2122 3288 2218 3339 falfi
2251 3305 2380 3339 com.-

1506 3361 1553 3409 G
1587 3377 1623 3424 g
2257 3366 2383 3422 parat
