2788 3736
325 226 582 333 '208'
902 258 1006 325 G
1098 257 1162 323 E
1256 254 1488 323 NE
1583 232 1920 326 ste.

374 398 452 447 tali
484 398 682 462 eloquio,
717 395 765 443 δε
805 392 936 442 simul
977 390 1081 439 fieta
1118 391 1380 447 devotione,
1416 401 1469 436 ut
1502 387 1820 455 obstupuerint
1858 392 2104 452 auditores,
2146 395 2191 443 δι
2225 412 2316 445 non
2340 413 2399 446 ex

377 466 532 522 corde,
568 480 624 511 ex
650 465 702 510 iis
727 463 771 509 in
804 461 942 507 altera
966 461 1065 506 vita
1087 457 1206 515 sunt,
1230 460 1310 523 qui
1336 458 1540 506 max-ime
1555 457 1819 505 Dominum
1843 458 1953 507 odio
1973 459 2152 520 habent,
2175 464 2225 512 ὃς
2244 465 2398 513 fideles

341 550 349 553 ·
388 530 728 597 persequuntur.
1264 562 1277 574 .
1344 558 1355 567 -

456 612 564 660 725.
601 595 748 660 Qod
782 610 862 658 per
909 591 1159 640 masculum
1200 591 1250 639 &
1290 589 1528 639 faeminam
1570 590 1885 654 significentur
1909 606 2014 648 vera
2043 594 2093 642 δε
2117 594 2252 654 bona,
2288 613 2396 645 con·

387 663 496 711 stare
533 662 589 710 ab
625 662 713 710 illis
751 659 914 725 potest,
960 672 1068 723 quae
1106 660 1230 723 prius
1271 658 1393 705 dieta
1415 659 1465 705 δε
1500 656 1670 705 ostensa
1702 657 1821 713 sunt,
1857 658 1985 721 quod
2011 661 2083 707 vir
2103 663 2154 709 &
2178 663 2399 712 masculus

387 729 612 793 significet
635 743 815 783 verum,
854 742 969 775 uxor
993 727 1043 774 &
1067 723 1254 773 faemina
1277 725 1455 772 bonurn
1477 746 1491 779 ·,
1528 723 1603 770 sed
1630 723 1853 771 masculus
1886 726 1936 772 &
1969 722 2156 775 faemina
2182 731 2398 791 prcedica-

387 809 463 843 tur
486 795 542 843 de
566 793 953 850 intelle&ualibu3‚
989 805 1033 839 at
1054 794 1125 838 vir
1147 792 1197 838 ὅτ
1238 806 1353 838 utor
1390 791 1447 838 de
1471 790 1756 848 voluntariis,
1791 806 1848 837 ex
1885 791 2029 850 causa,
2066 795 2194 857 quod
2228 811 2308 858 per
2330 798 2398 843 vi-

388 878 492 910 rum
520 863 568 909 &
592 876 784 908 uxorem
803 857 1141 924 repraesentetur
1165 855 1453 922 conjugium,
1481 872 1572 904 non
1598 857 1658 903 ita
1680 872 1761 919 per
1778 857 2029 906 masculum
2055 861 2104 907 &
2128 859 2363 911 faeminam
2386 886 2399 919 ;

389 930 569 977 Verum
593 929 715 975 enim
749 925 970 990 nusquam
1003 923 1150 989 potest
1178 938 1236 970 ex
1275 923 1315 970 se
1357 921 1629 986 coniugium
1655 924 1765 970 inire
1802 939 1911 970 cum
1940 924 2083 982 bono,
2120 926 2194 974 sed
2229 928 2401 978 bonum

393 1003 505 1044 cum
526 1010 670 1050 ver0·,
705 994 812 1058 quia
834 991 1053 1055 nusquam
1079 991 1213 1038 datur
1235 990 1422 1054 aliquod
1449 1005 1611 1036 verum
1644 989 1771 1053 quod
1805 1006 1897 1036 non
1921 992 2191 1054 producitur
2215 1011 2240 1042 a
2264 994 2400 1053 bono,

391 1062 444 1111 δε
484 1061 543 1110 fic
576 1061 699 1108 bono
730 1058 996 1123 copulatum
1049 1057 1082 1105 fi
1118 1056 1332 1105 abstrahis
1373 1056 1548 1104 bonum
1582 1072 1608 1103 a
1628 1072 1758 1113 ver0,
1792 1070 1990 1105 remanet
2022 1059 2133 1107 nihil
2158 1062 2401 1126 quicquam

394 1122 563 1193 praeter
591 1142 742 1175 voces,

468 1195 575 1261 726.
614 1192 694 1241 Ad
718 1190 1048 1239 vivificandum
1085 1189 1235 1238 semen
1263 1188 1395 1254 super
1427 1187 1623 1237 faciebus
1647 1190 1786 1238 totius
1821 1201 1967 1247 terrae,
2003 1192 2131 1256 quod
2153 1193 2405 1257 significent

394 1257 503 1310 x'rera
524 1260 646 1316 fidei,
683 1257 854 1306 constat
893 1273 950 1304 ex
987 1274 1060 1314 eo,
1111 1256 1249 1322 quod¹
1274 1272 1355 1319 per
1387 1256 1502 1304 hanc
1545 1256 1792 1304 Ecclesiam
1826 1257 2110 1306 vivificatum
2151 1260 2205 1312 sit
2238 1260 2402 1318 semen,

312 1335 313 1338 ’
395 1345 479 1393 per
511 1326 657 1374 semen
696 1325 967 1387 intelligitur
989 1323 1136 1379 fides,
1180 1321 1414 1387 posteritas
1453 1334 1616 1371 caetera
1639 1322 1854 1371 Ecclefiae
1878 1323 2220 1388 Antiquiss'imae
2255 1327 2403 1376 semen

398 1392 580 1442 coeleste
615 1393 665 1441 &
703 1390 927 1456 spirituale
961 1406 1040 1455 per
1079 1386 1225 1437 foedas
1249 1390 1534 1453 cupiditate3‚
1572 1390 1621 1437 δε
1645 1405 1726 1452 per
1749 1390 1866 1437 diras
1889 1390 2186 1454 persuasiones
2210 1394 2333 1456 apud
2363 1394 2405 1440 se

398 1459 631 1525 perdidit·;
668 1475 723 1508 ne
747 1470 900 1506 autem
930 1456 1078 1504 semen
1103 1455 1283 1504 coeleste
1310 1457 1492 1519 periret,
1533 1457 1780 1519 regenerati
1812 1455 1930 1513 sunt,
1965 1458 2046 1522 qui
2068 1459 2289 1507 Noachus
2319 1476 2403 1507 vo·

397 1539 577 1583 cantur,
612 1525 662 1573 ὅτ
691 1523 880 1589 quidem
904 1539 986 1586 per
1005 1521 1154 1570 semen
1178 1520 1438 1586 spirituale;
1473 1521 1574 1569 haec
1598 1521 1717 1578 sunt,
1751 1538 1858 1586 quae
1878 1523 2203 1587 significantur.
2274 1527 2404 1574 Vivi-

397 1593 524 1642 ficari
556 1591 788 1648 dicuntur,
824 1591 906 1653 qui
936 1591 1080 1638 vitam
1101 1589 1295 1636 Domini
1317 1588 1564 1651 accipiunt,
1601 1588 1707 1651 quia
1730 1589 1777 1635 in
1802 1588 1904 1646 illis,
1940 1606 2046 1653 quae
2070 1591 2173 1640 sunt
2194 1594 2404 1651 Domini,

398 1657 549 1707 solum
584 1657 648 1705 est
670 1658 795 1712 vita;
851 1667 901 1702 ut
937 1657 1103 1718 cuique
1141 1653 1340 1702 constare
1381 1653 1528 1717 potest
1557 1669 1616 1700 ex
1639 1669 1710 1710 e0‚
1746 1654 1872 1718 quod
1895 1656 2118 1720 nusquam
2143 1659 2291 1723 aliqua
2312 1661 2407 1709 vita

401 1726 458 1774 fit
487 1726 533 1772 in
574 1725 643 1781 iis,
679 1738 787 1788 quae
828 1737 921 1769 non
963 1720 1066 1769 sunt
1089 1721 1200 1768 vitae
1233 1732 1435 1776 aeternae,
1494 1718 1566 1766 seu
1601 1735 1708 1783 quae
1741 1735 1833 1768 non
1868 1720 2066 1785 spectant
2097 1725 2241 1772 vitam
2273 1739 2409 1774 aeter-

399 1809 526 1848 nam,
562 1791 657 1837 vita
679 1805 785 1855 quae
810 1804 902 1835 non
926 1799 1108 1844 aeterna,
1144 1802 1236 1835 non
1266 1785 1330 1833 est
1353 1786 1463 1840 vita,
1499 1783 1573 1832 sed
1594 1787 1712 1833 intra
1733 1788 1983 1850 pauculum
2007 1792 2227 1853 temporis
2255 1794 2405 1856 perit3

399 1873 484 1907 nec
514 1856 750 1921 praedicari
775 1854 878 1903 Effe
902 1853 1049 1919 potest
1083 1854 1140 1900 de
1163 1854 1234 1910 iis,
1269 1868 1377 1916 quae
1401 1851 1610 1899 desmunt
1631 1852 1732 1909 effe,
1767 1851 1841 1900 sed
1865 1853 1922 1901 de
1945 1851 2031 1902 illis
2054 1872 2161 1919 quae
2186 1858 2407 1923 nusquam

401 1924 609 1973 desinunt
639 1923 739 1981 effe,
791 1923 856 1969 ita
890 1921 1037 1968 solum
1074 1921 1229 1967 vivere
1264 1918 1315 1967 δε
1352 1918 1456 1966 Effe
1494 1917 1644 1966 insunt
1682 1918 1786 1975 iuis,
1823 1936 1935 1983 quae·
1973 1919 2077 1969 sunt
2108 1924 2302 1972 Domini
2335 1925 2408 1973 seu

403 1990 614 2053 jehovae,
649 1990 757 2053 quia
797 2004 934 2035 omne
966 1987 1071 2034 Effe
1109 1986 1159 2033 δε
1189 1987 1342 2032 vivere
1376 1986 1423 2031 in
1457 1996 1680 2032 aeternum
1716 1984 1782 2032 est
1803 1985 1975 2049 Ipsius}
2009 2003 2091 2050 per
2110 1991 2254 2037 vitam
2275 1991 2408 2039 ⁴aeter·

402 2072 510 2106 nam
543 2055 811 2119 intelligitur
845 2051 1031 2102 felicitas
1063 2064 1258 2101 aeterna:
1294 2050 1352 2099 de
1387 2051 1552 2116 quibus
1578 2051 1819 2099 videantur
1850 2068 1958 2116 quae
1982 2053 2102 2102 dista
2136 2055 2187 2104 δε
2219 2055 2405 2116 ostensa,

403 2139 467 2171 n:
495 2139 521 2173 α
560 2141 605 2173 ο.

383 2182 385 2184 ’
474 2140 585 2255 7297.
619 2186 744 2237 Vers
752 2207 763 2236 ε
785 2204 832 2248 4.
881 2186 1004 2250 Qia
1042 2185 1102 2234 ad
1131 2176 1218 2234 dies
1243 2184 1383 2250 adhue
1404 2185 1566 2248 septem
1590 2185 1684 2248 Ego
1712 2184 1862 2246 pluere
1886 2184 2056 2248 faciens
2074 2187 2207 2251 super
2228 2200 2406 2248 terram,
2439 2179 2446 2182 ”

403 2255 692 2322 quadraginta
729 2254 817 2302 dies
847 2252 904 2302 δέ*
926 2252 1213 2318 quadraginta
1236 2256 1387 2308 notus,
1423 2247 1479 2301 δέ
1500 2251 1636 2299 delebo
1660 2267 1814 2298 omnem
1827 2252 2125 2315 substantiam,
2159 2272 2286 2320 quam
2296 2257 2406 2320 feci,

404 2339 435 2370 a
447 2324 580 2386 super
590 2321 787 2384 faciebus
809 2320 943 2367 humi.
995 2321 1084 2367 Per
1106 2318 1164 2365 ad
1187 2318 1282 2366 dies
1305 2316 1492 2382 septem,
1527 2316 1806 2381 significatur
1827 2319 2105 2383 principium
2128 2325 2407 2373 tentationis:

406 2403 489 2453 per
510 2388 682 2452 pluere,
718 2386 904 2434 tentatio
924 2403 934 2432 z
969 2401 1052 2450 per
1073 2385 1372 2449 quadraginta
1394 2384 1490 2431 dies
1515 2384 1564 2431 &
1588 2383 1758 2441 ηοᾶεε,
1802 2383 2260 2437 duratiotentationis
2281 2409 2291 2438 :
2327 2396 2411 2454 per

406 2454 557 2502 delere
594 2469 783 2502 omnem
830 2450 1116 2499 substantiam
1136 2455 1290 2515 ‘quam
1323 2449 1426 2508 feci,
1478 2466 1504 2497 a
1542 2448 1673 2515 super
1704 2449 1902 2505 faciebus
1937 2451 2084 2511 humi,
2131 2455 2413 2519 significatur

407 2520 606 2568 hominis
628 2522 884 2584 -proprium
925 2518 1053 2582 quod
1091 2518 1215 2581 quafi
1252 2517 1442 2574 deletur,
1493 2532 1603 2575 cum
1643 2530 1938 2580 regeneratur.
2009 2520 2098 2568 Per
2123 2524 2286 2572 -eadem
2314 2516 2409 2587 'fig-

405 2587 618 2636 nificatur
654 2588 790 2635 etiam
840 2584 1006 2633 deletio
1039 2599 1217 2642 eorum,
1262 2585 1344 2648 qui
1377 2582 1434 2631 ab
1471 2584 1798 2648 Antiquissima
1826 2584 2027 2634 Ecclefia
2073 2588 2212 2637 semet
2255 2590 2409 2653 perdi-

405 2652 586 2703 derunt.

409 2707 413 2710 ’
478 2725 588 2786 728.
625 2718 772 2784 Qod
793 2718 851 2767 ad
873 2718 968 2766 dies
1007 2717 1177 2782 septem
1216 2716 1493 2781 significetur
1524 2716 1597 2765 hic
1629 2717 1907 2782 principium
1931 2718 2203 2776 tentationis,
2239 2719 2412 2770 constat

390 2800 467 2835 >ex
502 2786 626 2834 sensu
667 2788 844 2834 interno
868 2786 1096 2840 omnium,
1131 2800 1239 2848 quae
1260 2786 1307 2831 in
1330 2784 1419 2832 hoc
1441 2783 1588 2840 versu,
1622 2784 1750 2847 quod
1774 2796 1932 2848 agatur
1952 2783 2009 2830 de
2032 2785 2303 2834 Tentatione
2326 2787 2408 2836 ho-

407 2852 563 2908 minis,
614 2854 696 2915 qui
731 2852 948 2901 Noachus
984 2862 1208 2907 vocatur;
1266 2852 1313 2898 in
1345 2866 1509 2913 genere
1546 2850 1697 2912 agitur
1738 2860 1832 2895 tam
1880 2848 1936 2895 de
1959 2850 2232 2899 Tentatione
2271 2854 2410 2913 illius,

403 2933 546 2983 quam
576 2918 633 2965 de
663 2918 791 2965 totali
814 2917 1070 2965 vastatione
1109 2932 1287 2974 eorum,
1323 2916 1404 2980 qui
1442 2914 1627 2962 fuerunt
1658 2914 1715 2961 ab
1740 2915 2066 2977 Antiquiffima
2089 2917 2305 2978 Ecclesia,
2355 2921 2408 2970 ὅτ

407 2983 518 3033 tales
557 2981 697 3041 faffl3
733 2982 869 3047 quare
890 2983 951 3031 ad
979 2984 1065 3032 dies
1087 2984 1247 3046 septem
1280 2997 1374 3030 non
1409 2979 1554 3028 modo
1590 2979 1811 3042 fignificat
1834 2982 2112 3046 principium
2136 2986 2410 3047 tentationis,

407 3048 484 3098 sed
506 3050 644 3097 etiam
669 3049 810 3098 finem
834 3049 1116 3097 vastationis:
1152 3047 1278 3111 quod
1315 3046 1372 3095 ad
1413 3045 1509 3093 dies
1548 3044 1719 3110 septem
1759 3046 1839 3094 illa
1875 3046 2145 3112 significent,
2181 3052 2307 3103 causa
2328 3053 2412 3115 est,
2494 3094 2496 3097 ⁴
2557 3067 2563 3071 ·

406 3117 516 3180 quia
560 3115 732 3180 septem
769 3113 833 3163 est
866 3130 1080 3163 numerus
1119 3113 1309 3171 san6ffls,
1359 3125 1414 3163 ut
1451 3113 1578 3176 prius
1611 3112 1788 3160 dietum
1823 3114 1882 3161 ὅτ’
1907 3114 2150 3175 ostensum,
2202 3118 2327 3167 vers:
2364 3136 2408 3168 2.

403 3180 537 3247 hujus
559 3183 734 3250 capitis,
767 3180 818 3231 &
843 3181 969 3247 Cap:
998 3195 1073 3232 ιτς
1103 3195 1181 3248 15,
1206 3196 1283 3240 24.
1310 3181 1360 3230 ὅτ
1384 3195 1443 3228 n:
1473 3183 1535 3239 84
1567 3178 1626 3227 ad
1653 3183 1732 3246 87,
1768 3179 1992 3245 fignificat
2024 3184 2276 3233 adventum
2307 3186 2409 3265 D.⁰'.'

1928 3263 1940 3268 ‘
2296 3269 2407 3306 mim
