2788 3736
817 238 1258 305 CAPUT
1350 237 1986 304 DECIMUM.
2276 269 2405 336 393

400 373 529 440 quod
560 372 711 422 cultus
744 371 848 420 'talis
887 374 934 420 in
957 372 1184 438 principio
1208 381 1299 421 non
1323 373 1386 420 ita
1407 372 1670 437 prophanus
1702 370 1855 428 fuerit,
1891 389 1942 421 ac
1975 371 2128 437 postea
2144 369 2408 432 fastus'est3

401 442 553 490 cultus
579 442 712 488 enim
751 451 962 488 externus
984 440 1026 488 se
1055 439 1234 505 prorsus
1270 439 1406 488 habet
1427 439 1676 487 secundum
1707 441 1934 497 interiora,
1970 456 2066 504 quo
2090 442 2235 504 magis
2259 442 2409 490 inson-

400 509 463 555 tia
501 507 604 555 sunt
650 508 873 564 interiora,
909 523 964 555 eo
998 509 1144 571 magis
1177 506 1326 554 insons
1362 505 1426 554 est
1459 505 1609 553 cultus
1632 518 1877 562 externus;
1914 519 1961 554 at
1998 523 2093 571 quo
2118 509 2263 572 magis
2289 507 2410 557 faeda

398 573 502 622 sunt
535 574 761 633 interiora,
797 590 851 621 eo
889 576 1036 638 magis
1073 573 1223 621 faedus
1258 573 1323 621 est
1345 571 1497 621 cultus
1533 584 1774 627 externus;
1812 574 1862 620 ὅτ
1887 589 1983 637 quo
2007 575 2153 637 magis
2175 575 2411 639 prophana

396 640 500 689 sunt
524 642 748 699 interiora,
783 657 840 689 eo
873 643 1019 705 magis
1040 639 1301 705 prophanus
1323 639 1387 687 est
1413 638 1564 686 cultus
1586 651 1796 686 externus
1816 661 1831 694 ς
1867 653 1919 687 ut
1943 656 2010 687 res
2034 642 2189 703 paucis
2213 641 2406 700 dicatur,

401 723 498 771 quo
520 708 624 771 plus
647 709 814 756 amoris
830 709 993 756 mundi
1017 708 1068 755 ὃν.
1087 706 1155 754 sui
1182 705 1247 753 est
1269 706 1395 771 apud
1417 705 1656 753 hominem
1688 705 1770 769 qui
1786 704 1849 752 est
1870 708 1917 752 in
1941 707 2069 754 cultu
2089 707 2170 754 illo
2201 721 2408 767 externo,

400 791 457 822 eo
481 777 632 823 minus
651 776 816 823 vivum
857 776 905 822 δι
931 772 1132 822 sanctum
1157 772 1270 820 inest
1297 771 1394 837 ejus
1424 771 1568 821 cultui
1589 794 1604 828 ;
1639 788 1735 836 quo
1756 771 1862 834 plus
1895 772 1990 820 odii
2013 789 2119 836 erga
2139 777 2409 837 proximum

398 841 446 888 in
462 858 615 889 amore
638 841 777 890 sui&
795 840 977 898 mundi,
1012 841 1067 888 eo
1092 842 1239 904 magis
1275 839 1567 904 prophanum
1587 838 1704 886 'inest
1746 837 1926 894 cultui·,
1962 855 2058 902 quo
2087 840 2190 902 plus
2222 842 2409 891 malitiae
2503 860 2509 863 ·

396 908 445 964 in
468 908 602 965 odiis,
638 925 694 956 eo
716 907 863 956 adhuc
885 908 1030 970 magis
1054 908 1343 972 prophanum
1370 905 1482 954 inest
1505 905 1649 952 cultui
1670 927 1685 961 ;
1720 905 1771 953 ὅτ
1787 920 1883 968 quo
1905 904 2010 968 plus
2034 905 2129 952 doli
2147 908 2194 952 in
2218 908 2405 966 malitia,

393 990 450 1023 eo
473 975 620 1031 adhuc
638 975 785 1040 magis
798 973 1088 1038 prophanum
1112 973 1224 1021 inest
1240 973 1385 1021 cultui
1410 995 1425 1028 ;
1462 971 1537 1020 illa
1554 973 1604 1019 &
1637 971 1738 1020 haec
1761 970 1865 1018 sunt
1897 973 2108 1021 interiora
2130 972 2280 1021 cultus
2320 991 2399 1022 ex-

399 1043 532 1099 terni,
567 1044 650 1106 qui
665 1041 952 1106 *significatur
972 1057 1055 1104 per
1077 1039 1230 1095 Bab-tl,
1266 1039 1324 1086 de
1339 1055 1435 1102 quo
1457 1040 1506 1086 in
1529 1038 1692 1102 Capite
1713 1037 1935 1102 sequente.

474 1113 561 1158 118
569 1125 611 1172 3.
649 1107 782 1167 Quid
816 1122 898 1171 per
919 1107 1087 1163 Erech,
1125 1105 1323 1163 Akkad,
1358 1104 1552 1162 Kalneh,
1589 1106 1637 1152 in
1666 1117 1783 1153 terra
1815 1105 2042 1163 Schinear,
2078 1108 2124 1154 in
2147 1105 2291 1169 specie
2318 1108 2408 1173 fig-

398 1173 643 1231 nificatur,.
661 1189 754 1221 non
771 1175 833 1220 ita
855 1172 1054 1220 constare
1071 1172 1236 1237 potest,
1278 1174 1386 1237 quia
1408 1173 1455 1220 in
1478 1171 1633 1220 Verbo
1671 1171 1778 1220 alibi
1800 1188 1894 1220 non
1918 1186 2249 1231 memorantur,
2286 1191 2408 1238 prae-

397 1253 467 1288 ter
505 1239 700 1297 Kalneh,
736 1239 859 1304 apud
906 1241 1076 1297 Amos,
1112 1240 1243 1304 Cap:
1278 1254 1367 1287 vi:
1406 1256 1454 1297 2,
1513 1238 1589 1286 sed
1627 1238 1730 1286 sunt
1779 1238 2048 1287 differentiae
2089 1241 2188 1288 talis
2238 1241 2404 1290 cultus.

398 1307 546 1372 Qod
568 1319 721 1354 autem
736 1318 901 1354 terram
919 1306 1129 1355 Schinear
1146 1307 1324 1370 attinet,
1361 1306 1410 1353 in
1432 1321 1524 1370 qua
1543 1305 1591 1353 hi
1609 1305 1776 1363 cultus,
1813 1306 1939 1371 quod
1967 1322 2049 1370 per
2070 1323 2171 1355 eam
2188 1308 2235 1354 in
2255 1308 2410 1357 Verbo

394 1373 674 1438 significetur
696 1373 846 1437 cultus
875 1385 1104 1430 externus,
1146 1373 1194 1420 in
1217 1389 1314 1436 quo
1355 1372 1663 1436 prophanum,
1698 1372 1873 1421 constat
1901 1390 1927 1420 a
1949 1373 2276 1436 fignificatione
2309 1373 2408 1438 ejus

397 1441 445 1487 in
460 1441 590 1504 Cap:
627 1440 729 1504 seq:
765 1457 847 1488 xi:
883 1438 1010 1489 vers:
1048 1457 1094 1497 2,
1131 1451 1234 1487 tum
1280 1440 1418 1487 etiarn
1451 1439 1575 1503 apud
1621 1439 1895 1496 Sachariarn,
1929 1440 2060 1504 Cap:
2097 1457 2165 1487 v:
2207 1460 2280 1498 11,
2316 1444 2406 1490 im-

397 1508 558 1570 primis
595 1507 719 1571 apud
761 1506 1016 1563 Danielem,
1052 1506 1132 1553 ubi
1161 1505 1279 1564 haec,
1317 1511 1351 1533 “
1385 1506 1531 1554 Dedit
1552 1506 1784 1554 Dominus
1812 1508 1859 1554 in
1894 1523 2085 1554 manum
2128 1507 2406 1556 Nebuchad-

399 1578 435 1601 ‘⁶
468 1575 656 1631 nezariS,
681 1575 799 1638 regis
818 1573 1013 1630 Babelis,
1031 1570 1377 1636 jehojakimum
1393 1588 1549 1637 regem
1575 1572 1789 1634 Jehudae,
1808 1574 1859 1621 δε
1874 1586 2052 1637 partem
2073 1573 2282 1623 vasorum
2319 1575 2406 1625 do-

400 1645 434 1667 “
469 1657 575 1688 mus
597 1642 707 1698 Dei,
743 1642 794 1689 &
818 1640 1011 1688 deduxit
1032 1655 1110 1687 eos
1137 1642 1184 1687 in
1201 1651 1365 1687 terram
1379 1641 1600 1696 Schinear,
1637 1641 1684 1686 in
1701 1640 1897 1688 domum
1919 1642 2005 1688 Dei
2029 1640 2111 1698 sui,
2140 1643 2197 1692 ,δι
2214 1641 2314 1690 vasa
2335 1645 2411 1690 in-

399 1711 435 1735 “
470 1708 640 1755 tulitin
665 1707 863 1756 domum
888 1705 1078 1754 thesauri
1100 1707 1192 1754 Dei
1215 1705 1331 1763 sui,’'
1364 1722 1413 1753 1:
1454 1722 1496 1753 2.
1533 1722 1614 1770 per
1635 1722 1744 1769 quae
1766 1706 2059 1769 significatur,
2098 1708 2225 1771 quod
2260 1708 2406 1757 sanc'ta

397 1777 434 1867 :t
468 1774 746 1850 prophanata
765 1796 780 1829 ;
815 1772 918 1821 vasa
938 1773 1108 1819 domus
1130 1773 1223 1848 Dei
1238 1771 1355 1885 sun}
1366 1771 1511 1848 sancta
1527 1794 1543 1827 ·,
1578 1771 1746 1820 domus
1762 1774 1852 1820 Dei
1876 1775 1995 1836 regis
2020 1773 2197 1821 Babelis
2227 1776 2274 1850 in
2289 1787 2405 1851 terra

394 1838 2404 1971 sunifhss‘ffiaure‘&33135‘1'133h2ss'3n3n11ia‘1aenffiffiflss‘ahffissi-{cahffssrbiifnaec‘s120ffff‘ssssffi

396 1972 478 2019 stat
500 1989 558 2020 ex
573 1972 927 2036 prophanatione
940 1972 1192 2020 eorundem
1222 1971 1452 2029 vasorum,
1487 1972 1610 2036 apud
1633 1972 1890 2030 Danielem,
1909 1974 2039 2036 Cap:
2076 1989 2141 2020 v:
2181 1991 2227 2038 3,
2263 1991 2314 2035 4,
2353 1991 2401 2037 5,

397 2054 479 2103 per
497 2055 605 2103 quae
628 2039 709 2086 nis1
726 2037 871 2087 sancta
883 2037 1210 2103 raepraesentata
1231 2037 1425 2095 fuissent,
1473 2037 1696 2102 nusquam
1712 2039 1818 2086 talia
1841 2040 2141 2104 contigissent.

469 2111 608 2166 1184.
632 2104 784 2152 xvers:
827 2123 902 2164 11,
946 2123 1017 2155 12.
1054 2107 1098 2154 E
1131 2116 1250 2153 terra
1290 2105 1367 2166 {sta
1413 2104 1587 2170 egreffus
1617 2105 1672 2166 4st
1694 2106 1879 2169 Aschur,
1917 2107 1971 2155 &3
2008 2106 2241 2166 aedtficavit
2265 2106 2401 2166 Nini·

216 2144 233 2162 ο
292 2157 296 2161 ‚
394 2189 494 2230 ven,
530 2173 586 2222 69²
609 2172 856 2221 Rechoboth
888 2173 1047 2230 urbem,
1085 2172 1141 2222 ΕΒ
1180 2172 1362 2220 Kalach.
1432 2174 1496 2220 Et
1535 2173 1671 2235 Resen
1708 2174 1823 2220 inter
1857 2173 2054 2221 Niniven
2094 2174 2150 2223 69²
2173 2176 2287 2227 inter
2309 2175 2401 2222 Ka-

393 2240 525 2295 lach;
560 2240 649 2286 haec
671 2239 772 2287 urbs
789 2239 867 2287 illa
890 2256 1058 2302 magna.
1131 2239 1174 2287 E
1206 2251 1322 2287 terra
1342 2238 1423 2286 ista
1457 2240 1652 2302 egreffus
1675 2237 1739 2286 est
1772 2238 1970 2296 Aschur,
2004 2240 2228 2303 significat
2250 2243 2330 2303 qui
2354 2242 2402 2288 in

394 2307 472 2354 tali
485 2305 613 2354 cultu
630 2318 815 2353 externo
846 2305 1044 2363 filerunt,
1081 2307 1297 2370 caeperint
1322 2307 1574 2354 ratiocinari
1598 2306 1655 2353 de
1688 2306 1873 2354 internis
1898 2306 2081 2362 cultus;
2119 2305 2300 2354 Aschur
2335 2307 2401 2354 est

396 2373 705 2420 ratiocinatio:
743 2373 792 2419 &
834 2373 1079 2421 aedificavit
1101 2374 1324 2429 Niniven,
1359 2374 1410 2421 &
1444 2372 1722 2420 Rechoboth
1747 2372 1926 2430 urbem,
1966 2374 2016 2420 &
2040 2373 2226 2430 Kalach‚
2264 2373 2403 2437 figni-

291 2447 297 2455 ‘
395 2440 502 2487 ficat
539 2438 668 2501 quod
725 2437 784 2484 fic
825 2438 1087 2486 doctrinalia
1119 2440 1226 2487 fidei
1262 2439 1343 2486 fibi
1387 2437 1725 2495 formaverint·,
1761 2456 1842 2503 per
1863 2440 2068 2487 Niniven
2092 2440 2403 2503 significantur

395 2504 713 2553 doctrinalium
754 2502 896 2561 falsa;
933 2521 1015 2568 per
1052 2505 1327 2553 Rechoboth
1352 2506 1608 2563 &Kalach,
1645 2523 1829 2570 quoque
1862 2507 1966 2553 talia
2004 2523 2059 2553 ex
2084 2507 2166 2558 alia
2189 2509 2398 2569 origine:

394 2572 541 2623 Resen
565 2573 679 2619 inter
694 2571 898 2619 Niniven
939 2573 989 2618 ὅτ
1021 2570 1209 2628 Kalach‚
1246 2571 1469 2634 significat
1490 2573 1617 2634 quod
1657 2589 1842 2636 quoque
1863 2571 2160 2620 formaverint
2183 2573 2264 2620 fibi
2288 2573 2399 2619 doc-

392 2638 569 2687 trinalia
591 2639 735 2692 vitaz,
788 2653 870 2700 per
908 2635 1054 2684 Resen
1089 2636 1399 2700 significantur
1443 2638 1764 2687 doctrinalium
1801 2637 1902 2686 falsa
1942 2640 2078 2694 inde;
2121 2640 2299 2686 Ninive
2335 2638 2399 2684 est

393 2705 555 2753 falsum
570 2720 623 2752 ex
641 2704 883 2755 ratiociniis
903 2725 917 2759 ;
953 2702 1127 2751 Kalach
1143 2702 1206 2750 est
1229 2700 1390 2751 falsum
1414 2720 1440 2751 a
1463 2704 1791 2766 cupiditatibus
1810 2726 1823 2759 ;
1861 2706 1977 2752 inter
1999 2706 2048 2751 N
2053 2707 2205 2751 iniven
2226 2706 2273 2750 δι
2305 2705 2398 2751 Ka-

393 2773 492 2820 lach
504 2770 567 2819 est
589 2769 750 2818 falsum
774 2786 831 2817 ex
854 2782 1048 2833 utroque
1072 2788 1083 2818 ε
1119 2769 1224 2817 ,Ιιεεε
1248 2769 1357 2817 urbs
1381 2769 1456 2818 illa
1479 2786 1661 2833 magna,
1701 2770 1925 2835 fignificat
1944 2771 2227 2829 doctrinalia,
2266 2771 2397 2834 quod

394 2839 470 2886 illa
491 2837 811 2886 increbuerint..
2018 2850 2021 2851 ’

468 2923 486 2953 1
503 2908 556 2952 18
564 2920 607 2966 5.
644 2903 788 2964 Quod
816 2920 840 2951 e
874 2915 989 2950 terra
1012 2902 1091 2951 ista
1122 2902 1316 2967 egreffus
1339 2902 1403 2951 est
1421 2901 1617 2960 Aschur,
1655 2902 1877 2967 significet
1900 2903 2026 2968 quod
2049 2903 2116 2951 illi
2141 2905 2285 2968 quiin
2320 2904 2398 2951 tali

395 2972 522 3020 cultu
546 2981 731 3016 externo
748 2967 948 3026 fuerunt,
985 2971 1201 3034 caeperint
1218 2972 1470 3018 ratiocinari
1488 2971 1545 3017 de
1569 2972 1755 3017 internis
1771 2969 1943 3027 cultus,
1961 2970 2157 3018 constare
2180 2970 2325 3034 potest
2341 2987 2397 3018 ex

394 3036 722 3102 fignificatione
739 3035 955 3083 Aichuris
972 3038 1019 3084 in
1042 3037 1215 3094 Verbo,
1252 3037 1379 3101 quod
1397 3037 1452 3084 fit
1476 3039 1589 3084 ratio
1614 3039 1661 3084 &
1685 3039 1980 3095 ratiocinatio,
2017 3037 2074 3085 de
2097 3054 2186 3100 qua
2208 3039 2254 3084 in
2287 3053 2398 3084 mox

391 3101 709 3167 sequentibus:
745 3101 949 3164 dupplex
971 3103 1044 3150 hic
1085 3103 1229 3158 sensus
1252 3116 1454 3168 apparet,
1491 3120 1656 3167 nempe
1682 3105 1816 3167 ,quod
1841 3103 2021 3161 Aschur
2057 3121 2115 3151 ex
2156 3117 2272 3151 terra
2318 3103 2398 3150 ista

395 3169 606 3235 egreffuS,
642 3179 744 3213 tum
762 3167 888 3229 quod
918 3168 1123 3220 Nimrod
1157 3186 1212 3216 ex
1233 3182 1349 3218 terra
1384 3170 1466 3218 ista
1489 3173 1701 3234 egressus,
1739 3172 1785 3218 in
1818 3170 1998 3220 Aschur
2021 3170 2094 3217 scu
2129 3170 2352 3232 Affyriam
2379 3190 2395 3221 ·‚

394 3241 455 3286 ita
478 3237 673 3291 dictum,
708 3235 815 3296 quia
834 3246 1080 3297 utrumque
1102 3235 1395 3299 significatur,
1431 3251 1527 3286 tam
1560 3236 1724 3286 scilicet
1758 3237 1886 3301 quod
1914 3238 2193 3286 ratiocinatio
2230 3235 2286 3282 de
2311 3233 2396 3296 spi-

1388 3302 1431 3351 E
1458 3320 1482 3351 e
1505 3319 1531 3350 e
1684 3305 1693 3310 ’
2266 3301 2402 3346 ritua-
