2788 3736
353 285 433 344 28
888 274 1863 342 GENESIS.

361 450 2358 530 QQQQQQQQQQQQQQQQQQQQQQQQ

541 591 2115 725 χΞΕΝΞΠΞΙΝΤΕΒΝΠΒᾉ

353 791 426 835 81.
533 787 584 833 N
609 785 695 834 hoc
721 787 881 849 Capite
905 784 1055 848 agitur
1077 784 1133 831 de
1158 783 1343 831 Coelesti
1378 784 1607 840 Homine,
1644 785 1690 830 in
1724 784 2007 847 praecedente
2041 786 2193 834 actum
2217 787 2281 836 est
2303 791 2361 838 de

465 785 519 910 Ι
556 852 802 916 Spirituali,
839 853 920 914 qui
943 850 1085 897 faCms
1108 866 1166 897 ex
1192 850 1418 904 Mortuo;
1453 849 1526 896 sed
1563 851 1670 913 quia
1703 850 1837 899 hodie
1867 851 2074 908 nescitur,
2111 853 2359 915 quidCoe-
2388 867 2391 871 '

349 916 466 964 lestis
491 918 652 975 homo,
681 920 761 965 vix
784 917 897 981 quid
921 917 1186 980 Spiritualis,
1210 932 1290 962 nec
1315 917 1429 979 quid
1442 916 1679 971 Mortuus,
1705 928 1756 963 ut
1781 915 1941 964 sciatur
1963 934 2069 981 quae
2091 919 2358 979 differentia,

348 983 456 1031 licet
492 984 686 1031 breviter
722 984 908 1039 tradere,
944 982 1086 1046 qualis
1110 998 1227 1029 unus
1263 983 1314 1029 δε
1351 981 1495 1045 qualis
1535 981 1656 1028 alter.
1727 983 1938 1039 Primum,
1964 984 2183 1032 Mortuus
2215 986 2358 1034 homo

349 1065 441 1097 non
465 1049 773 1098 aliud'verurn
797 1051 847 1098 &
871 1048 1046 1096 bonum
1069 1047 1286 1112 agnoscit,
1321 1063 1460 1111 quam
1498 1047 1624 1111 quod
1662 1047 1725 1094 est
1755 1050 1956 1112 corporis
1981 1050 2030 1096 δε
2057 1051 2235 1108 mundi,
2273 1053 2360 1101 hoc

345 1131 531 1179 quoque
569 1117 737 1164 adorat.
813 1115 1065 1179 Spiritualis
1090 1116 1231 1162 homo
1254 1113 1454 1178 agnoscit
1470 1114 1646 1161 Verum
1671 1114 1721 1162 δε
1746 1115 1929 1162 Bonum
1951 1114 2171 1178 spirituale
2189 1117 2238 1165 &
2263 1135 2359 1166 coe-

274 1218 290 1226 „
349 1181 468 1239 leste,
505 1195 550 1229 at
572 1199 628 1230 ex
660 1183 767 1239 fide,
803 1196 858 1229 ex
894 1197 983 1245 qua
1013 1183 1149 1228 etiam
1183 1182 1294 1244 agit,
1331 1179 1404 1228 sed
1443 1196 1536 1227 non
1570 1182 1631 1227 ita
1660 1196 1717 1229 ex
1749 1196 1914 1228 amore.
1985 1182 2193 1230 Coelestis
2217 1183 2363 1234 horno

347 1247 527 1296 Verum
550 1249 600 1296 δι’
625 1250 809 1296 Bonum
847 1247 1071 1311 spirituale
1105 1247 1154 1294 ὅτ
1195 1244 1374 1294 coeleste
1406 1246 1552 1293 credit
1574 1247 1625 1294 δε
1649 1247 1859 1311 percipit,
1892 1262 1976 1295 nec
2000 1247 2203 1312 agnoscit
2225 1251 2359 1299 aliam

350 1313 510 1371 fidem,
546 1331 687 1378 quam
710 1330 815 1377 quae
839 1330 894 1360 ex
917 1316 1110 1370 Amore,
1147 1329 1202 1360 ex
1225 1329 1319 1376 quo
1341 1314 1478 1360 etiam
1504 1313 1612 1376 agit.
1682 1312 1881 1369 Secundo,
1916 1314 2049 1361 Fines
2071 1315 2253 1363 Mortui
2267 1317 2361 1366 ¹ho-

348 1380 483 1427 minis
517 1379 715 1443 spedtant
751 1378 896 1427 solum
932 1380 1075 1426 vitam
1101 1380 1302 1443 corporis
1335 1379 1386 1427 δε
1419 1379 1598 1435 mundi,
1643 1394 1726 1425 nec
1757 1380 1887 1426 novit
1907 1380 2023 1443 quid
2046 1381 2156 1428 Vita
2175 1394 2361 1442 aeterna,

347 1446 398 1492 &
422 1446 537 1510 quid
559 1448 825 1500 Dominus·‚
861 1446 983 1510 sique
1015 1445 1111 1502 scit,
1149 1457 1229 1494 not
1251 1445 1407 1492 credit.
1461 1445 1613 1492 ‘Fines
1637 1444 1886 1508 Spiritualis
1926 1445 2124 1493 hominis
2163 1445 2360 1510 speirant

319 1561 324 1566 ,
346 1513 492 1559 vitam
514 1525 746 1570 aeternam,
768 1513 831 1559 ·&
855 1511 916 1559 fic
944 1513 1213 1559 Dominum.
1263 1512 1396 1558 Fines
1421 1510 1611 1558 coelestis
1634 1510 1832 1558 hominis
1855 1509 2052 1574 spefflmt
2073 1513 2357 1574 Dominum,

347 1574 398 1625 δε
422 1574 494 1626 Τις
520 1579 740 1643 Regnum
764 1578 924 1642 Ipsius,
960 1579 1010 1626 &
1042 1579 1188 1625 vitam
1211 1589 1440 1625 aeternam.
1510 1577 1656 1625 Tertio
1674 1596 1689 1625 .·
1729 1577 1948 1625 Mortuus
1971 1577 2141 1636 homo„
2169 1579 2284 1628 dum
2308 1583 2356 1630 in

346 1659 503 1707 pugna
531 1644 610 1701 est,
647 1661 779 1708 paene
818 1644 992 1707 semper
1015 1643 1301 1699 succumbit;
1359 1658 1559 1707 cumque
1596 1643 1642 1690 in
1666 1642 1811 1691 nulla
1849 1659 2024 1708 pugna,
2061 1645 2358 1695 dominantur

346 1710 465 1773 apud
495 1726 600 1757 eum
636 1710 755 1758 mala
777 1710 827 1758 &
858 1709 979 1767 falsa,
1013 1711 1063 1758 &
1099 1709 1162 1757 est
1199 1709 1376 1757 servus:
1413 1708 1609 1757 Vincula
1630 1707 1724 1773 ejus
1756 1707 1859 1757 sunt
1882 1710 2097 1768 Externa,
2133 1723 2187 1760 ut
2215 1715 2356 1762 timor

346 1774 475 1838 legis,
502 1773 693 1839 jaeturae
716 1777 842 1833 vitae,
868 1791 1030 1839 opum,
1055 1775 1186 1831 lucri,
1222 1773 1358 1822 farnae
1381 1787 1567 1837 propter
1586 1790 1651 1821 ea.
1700 1794 1702 1797 ’
1723 1775 1977 1838 Spiritualis
1999 1776 2142 1824 homo
2165 1779 2212 1825 in
2233 1795 2353 1844 pug-

345 1857 403 1888 na
436 1841 515 1898 est,
551 1841 624 1888 sed
662 1841 835 1906 semper
857 1843 1031 1889 vincit:
1081 1840 1294 1898 Vincula,
1347 1839 1511 1904 quibus
1551 1841 1720 1904 agitur,
1769 1839 1872 1887 sunt
1891 1841 2088 1899 Interna,
2122 1840 2185 1891 δι’
2203 1847 2357 1909 appel·

346 1906 496 1955 lantur
517 1907 700 1955 vincula
722 1907 1017 1973 conscientiae.
1089 1906 1297 1954 Coelestis
1337 1906 1479 1953 horno
1518 1922 1611 1953 non
1635 1907 1682 1952 in
1705 1921 1862 1969 pugna
1883 1905 1946 1952 est
1965 1928 1980 1962 ;
2000 1907 2281 1970 *fiquermala
2303 1913 2353 1959 δε

344 1971 449 2021 falsa
471 1975 760 2037 impugnant,
796 1990 846 2021 ea
868 1973 1136 2029 contemnit,
1173 1988 1309 2036 quare
1333 1973 1467 2018 etiam
1492 1970 1654 2018 vietor
1676 1970 1950 2034 appellatur:
1988 1971 2126 2030 nulla,
2151 1991 2257 2039 quae
2273 1992 2353 2041 ap-

328 2051 521 2103 parent,
561 2039 743 2086 vincula
778 2038 927 2096 habet,
961 2037 1126 2102 quibus
1149 2039 1315 2103 agitur,
1351 2036 1426 2085 sed
1465 2036 1530 2084 est
1565 2035 1705 2084 liber:
1743 2035 1861 2084 illius
1887 2036 2081 2095 vincula,
2117 2057 2224 2105 quae
2259 2043 2354 2090 non

314 2162 320 2166 ,
346 2111 580 2169 apparent,
617 2105 718 2153 sunt
740 2106 1047 2170 perceptiones
1070 2103 1179 2152 boni
1202 2105 1251 2151 ὅτ
1276 2105 1386 2151 veri.
1523 2120 1525 2122 ·
2166 2110 2169 2113 '

422 2176 496 2221 82.
535 2170 670 2220 Vers:
703 2190 741 2220 1.
794 2173 859 2220 Et
897 2171 1078 2236 abfhluti
1103 2171 1208 2234 fiant
1233 2170 1321 2228 coeli
1343 2169 1397 2219 69⁹
1423 2179 1558 2227 terra,
1595 2169 1651 2219 ἐξ
1674 2172 1804 2218 omnis
1827 2174 2031 2219 exercitus
2053 2188 2192 2220 eorum
2207 2192 2223 2221 .·
2267 2175 2356 2223 Per

350 2237 450 2285 haec
474 2237 685 2301 intelligit
718 2254 756 2295 r,
792 2236 918 2301 quod
942 2237 1084 2284 homo
1107 2252 1229 2283 nunc
1266 2235 1502 2300 spiritualis
1540 2234 1700 2293 faetus,
1737 2237 1784 2284 in
1806 2249 2002 2294 tantum,
2039 2250 2090 2285 ut
2113 2238 2168 2286 fit
2182 2236 2378 2288 'Sextus-

345 2304 439 2351 dies
460 2327 474 2359 ·,
499 2254 775 2351 Coelurieest
796 2305 1001 2351 Internus
1025 2300 1118 2366 ejus
1142 2302 1301 2360 homo,
1324 2303 1373 2350 &
1388 2303 1532 2361 Terra
1554 2301 1618 2349 est
1641 2302 1867 2350 Externus
1887 2325 1901 2359 ;
1927 2304 2166 2352 Exercitus
2191 2321 2352 2355 eorum

345 2369 447 2416 sunt
484 2386 627 2426 amor,
663 2369 792 2429 fides,
829 2370 878 2417 &
903 2369 1183 2432 cognitiones
1219 2368 1418 2426 illorum,
1451 2383 1559 2432 quae
1595 2369 1719 2432 prius
1749 2368 1996 2432 significata
2025 2369 2126 2418 sunt
2149 2387 2229 2434 per
2244 2373 2353 2432 Lu-

346 2436 533 2483 minaria
554 2451 720 2498 magna
749 2436 799 2482 &
823 2435 977 2482 stellas.
1046 2434 1192 2500 Qod
1220 2436 1427 2483 Internus
1450 2434 1592 2482 homo
1612 2435 1786 2481 dicat‘ur
1808 2435 2016 2493 Coelum,
2052 2437 2102 2484 δε
2126 2437 2358 2488 Externus

345 2502 503 2559 Terra,
539 2518 595 2548 ex
628 2502 769 2549 citatis
792 2501 840 2547 in
861 2500 1027 2548 Verbo
1049 2500 1159 2548 locis
1195 2502 1242 2549 in
1265 2501 1427 2564 Capite
1459 2500 1731 2564 praecedenti
1755 2500 1952 2548 constare
1974 2502 2154 2565 potest·,
2190 2505 2352 2554 addere

344 2567 465 2623 licet,
483 2598 485 2602 ι
502 2583 608 2645 quae
629 2567 751 2630 apud
774 2566 972 2625 Esaiam,
1031 2571 1064 2594 “
1102 2568 1278 2614 Rarum
1302 2566 1489 2615 reddam
1515 2568 1667 2613 virum
1684 2582 1780 2630 prae
1803 2583 1912 2614 auro
1936 2566 2094 2626 solido,
2133 2570 2183 2616 &
2199 2570 2348 2618 homi-

349 2638 383 2659 “
419 2638 526 2680 nem
559 2649 656 2696 prae
681 2649 791 2689 auro
825 2632 1020 2697 pretioso
1058 2633 1278 2696 Ophiris3
1331 2645 1567 2697 propterea
1604 2633 1746 2680 coelos
1786 2645 1951 2680 terrore
1976 2635 2244 2698 percutiam,
2294 2635 2345 2684 δε

348 2704 380 2725 “
416 2701 698 2747 concutietur
717 2695 861 2747 Terra
882 2716 906 2747 e
929 2699 1033 2746 loco.
1052 2697 1179 2757 suo‚’'
1205 2715 1309 2747 X111
1331 2701 1450 2764 :²13,
1472 2717 1543 2762 13.
1571 2699 1635 2747 Et
1658 2697 1778 2756 alibi,
1810 2703 1843 2745 f‘
1868 2698 2144 2749 oblivisceris
2153 2700 2346 2760 Jehovae

345 2769 379 2791 “
415 2766 454 2812 F
455 2765 612 2812 aEtoris
650 2766 738 2821 tui,
786 2766 887 2829 Qi
921 2765 1122 2812 extendit
1157 2766 1331 2822 Coelos,
1367 2763 1611 2827 &Kaindat
1633 2764 1858 2820 Terram3
1910 2763 1985 2811 sed
2013 2781 2182 2828 ponam
2209 2767 2346 2815 verba

345 2835 380 2856 “
416 2846 515 2877 mea
535 2831 581 2877 in
605 2847 681 2878 ore
704 2844 813 2887 tuo,
838 2832 888 2878 ὅτ
907 2832 955 2877 in
975 2830 1137 2878 umbra
1161 2847 1321 2880 manus
1344 2817 1612 2878 abscondam
1635 2842 1696 2886 te,
1716 2830 1772 2876 ad
1788 2829 2125 2883 extendendum
2150 2832 2342 2890 coelum,

347 2900 381 2922 ‘⁴
415 2896 465 2943 &
500 2894 785 2943 fundandum
816 2899 1029 2953 terram,”
1055 2914 1140 2946 LI:
1181 2915 1256 2962 13,
1287 2897 1357 2945 16.
1408 2897 1486 2943 Ex
1520 2895 1693 2958 quibus
1721 2906 1858 2958 patet,
1910 2896 2037 2958 quod
2076 2896 2135 2943 de
2161 2897 2346 2947 homine

344 2961 615 3023 praedicetur
653 2963 702 3008 &
740 2962 914 3009 coelum
954 2963 1004 3010 &
1035 2976 1170 3011 terra:
1208 2964 1264 3010 de
1289 2962 1611 3025 Antiquissima
1633 2962 1821 3023 quidem
1848 2961 2047 3008 Ecclesia
2067 2963 2233 3025 agitur,
2269 2964 2344 3012 sed

344 3028 552 3075 interiora
573 3027 713 3074 Verbi
738 3028 799 3074 ita
831 3027 873 3075 se
896 3028 1074 3084 habent,
1110 3042 1163 3076 ut
1186 3027 1407 3092 quicquid
1429 3027 1594 3074 dicitur
1615 3028 1671 3073 de
1694 3026 1908 3083 Ecclefia,
1947 3027 2121 3075 dicatur
2145 3030 2202 3077 de
2225 3047 2341 3078 uno—

344 3094 508 3155 quovis
533 3092 765 3149 Ecclefiae,
801 3095 881 3155 qui
905 3093 984 3140 nisi
1013 3093 1130 3141 foret
1151 3094 1368 3150 Ecclelia,
1391 3100 1483 3141 non
1506 3091 1714 3156 potuiffet
1735 3092 1817 3138 effe
1841 3108 1940 3155 pars
1964 3094 2195 3152 Ecclefiae,
2230 3096 2343 3144 ficut

343 3160 422 3221 qui
447 3175 540 3206 non
577 3158 641 3207 est
676 3159 905 3223 templum
932 3160 1137 3216 Domini,
1172 3177 1264 3208 non
1293 3158 1440 3223 potest
1473 3159 1558 3208 effe
1588 3158 1714 3222 quod
1743 3174 1826 3231 per
1855 3159 2083 3222 templum
2116 3161 2340 3226 fignifica—
2433 3179 2436 3181 ·

2237 3239 2341 3294 tur,
