2788 3736
367 279 621 351 322'
909 259 1878 332 GENESJS.

431 421 589 474 1004„
607 402 727 457 Vcrs
737 422 748 457 ε
779 417 821 470 5,.
848 405 923 468 ‚Et
955 405 1146 471 profesto
1160 428 1162 430 ’
1163 408 1413 472 sanguinem
1454 407 1636 470 vestrum
1676 410 1897 458 animabus
1925 411 2074 472 vestris
2104 428 2306 478 queram,
2352 430 2378 465 e

356 496 483 528 manu
506 480 634 534 omnis
647 477 758 538 ferae
781 491 966 540 quaeram
989 491 1096 532 eum,
1134 474 1190 525 ἐς*
1213 492 1233 523 e
1255 492 1382 523 manu
1405 475 1597 533 hominis,
1635 492 1655 523 e
1678 492 1804 524 manu
1827 479 1919 524 viri
1931 477 2097 540 fratris
2120 481 2223 544 ejus,
2259 498 2371 547 quae-

357 547 450 593 ram
483 547 668 593 animam
707 543 899 591 hominis.
971 542 1249 606 Sanguinem
1273 541 1476 590 vestrum
1517 542 1751 590 animabus
1774 541 1929 591 vestris
1952 561 2169 608 quaerere,
2204 546 2375 611 fignifi-

358 624 427 659 cat
450 612 578 675 quod
602 610 816 658 violentia
839 608 959 656 illata
982 608 1184 657 charitati
1208 607 1250 656 se
1273 610 1486 674 punitura
1505 631 1520 666 3
1557 608 1734 673 sanguis
1757 608 1901 657 vester
1934 610 2008 658 hic
2047 610 2109 658 est
2132 612 2344 666 violentia
2360 637 2377 670 ς

359 679 524 726 animae
548 676 666 734 sunt,
702 677 784 741 qui
806 675 1078 725 violentiam
1102 674 1331 725 inferunt:
1367 692 1548 724 ernanu
1585 678 1734 724 omnis
1758 674 1866 725 ferae
1901 675 2126 742 fignificat
2161 678 2219 726 ab
2249 682 2384 733 omni

361 745 489 814 quod
523 742 645 810 apud
677 744 914 792 hominem
953 743 1238 791 violentum:
1281 759 1306 791 e
1345 759 1484 791 manu
1521 741 1808 792 hominis'est
1840 742 1896 791 ab
1935 744 2063 792 omni
2083 740 2180 807 ejus
2213 745 2381 794 volun-

359 812 492 860 tario:
527 829 552 859 e
576 827 717 859 manu
739 811 825 858 viri
847 809 1010 867 fratris,
1044 809 1107 859 est
1131 810 1185 858 ab
1211 810 1339 858 omni
1363 807 1458 874 ejus
1497 809 1813 858 intellectuali:
1849 826 2051 874 quaerere
2074 811 2273 859 animam
2295 808 2378 860 ho-

360 879 512 936 minis,
548 878 612 925 est
636 877 865 925 vindicare
888 877 1314 942 prophanationem.
2014 929 2018 934 ,
2376 904 2384 916 ,

438 962 575 1007 1005.
614 943 760 1005 Quod
786 943 1047 1006 sanguinem
1072 943 1272 991 vestrum
1297 942 1529 991 animabus
1553 942 1708 991 vestris
1732 958 1952 1007 quaerere‚
1983 942 2223 1007 significet,
2249 945 2395 1008 quod'

362 1009 576 1059 violentia
610 1010 729 1058 illata
767 1010 967 1057 charitati
1014 1009 1055 1057 se
1101 1011 1352 1073 punitura;
1388 1010 1438 1057 &
1476 1010 1605 1073 quod
1639 1009 1816 1073 sanguis
1856 1009 1911 1057 fit
1933 1010 2166 1069 violentia,
2203 1011 2253 1059 ὅτ
2290 1012 2384 1059 ani-.-

367 1094 458 1125 mae
483 1077 585 1134 sint,
621 1093 726 1141 quae
749 1076 1011 1124 violentiam
1035 1075 1249 1133 inferunt,
1287 1075 1457 1124 constat
1480 1092 1504 1123 a
1526 1076 1888 1140 praecedentibus
1927 1077 1978 1124 δε
2018 1093 2044 1124 a
2074 1076 2383 1142 sequentibus,

366 1156 470 1192 tum
507 1160 533 1192 a
570 1143 897 1208 significatione
933 1141 1157 1206 sanguinis
1196 1144 1241 1191 in
1282 1142 1404 1191 sensu
1436 1144 1692 1198 contrario;
1729 1142 1778 1190 δε
1818 1158 1845 1189 a
1865 1142 2191 1206 significatione
2214 1145 2380 1196 animae

368 1212 504 1258 etiam
531 1211 578 1257 in
605 1209 728 1257 sensu
753 1210 1005 1256 contrario:
1047 1209 1104 1256 ab
1127 1210 1179 1256 iis
1202 1226 1308 1273 quae
1345 1209 1627 1273 praecedunt,
1664 1209 1814 1272 agitur
1853 1209 1900 1256 in
1933 1208 2061 1256 versu
2097 1211 2384 1274 praecedente

366 1276 423 1324 de
446 1270 519 1324 e'su
554 1275 794 1339 sanguinis,
829 1291 923 1338 quo
947 1274 1191 1339 significata
1212 1274 1523 1339 prophanatio,
1565 1287 1618 1322 ut
1644 1273 1896 1322 ostensum:
1945 1291 1972 1322 a
1993 1274 2297 1340 sequentibuS‚
2330 1297 2377 1328 a·

369 1343 494 1407 gitur
526 1345 574 1390 in
603 1342 733 1390 versu
760 1357 887 1389 -mox
923 1341 1136 1405 sequente
1176 1341 1233 1389 de
1272 1341 1485 1390 effusione
1526 1339 1783 1404 sanguinis·,
1819 1356 1954 1402 quare
1990 1341 2064 1389 hic
2101 1343 2158 1390 de
2182 1343 2298 1391 statu
2330 1347 2382 1394 &

364 1412 367 1415 ”
403 1409 604 1456 unitione
626 1406 721 1472 ejus
744 1409 824 1472 qui
865 1406 1129 1456 commiscet
1167 1407 1312 1456 sanfta
1340 1408 1611 1472 prophanis:
1653 1424 1678 1454 a
1712 1406 2038 1471 significatione
2074 1407 2300 1473 sanguinis
2337 1412 2385 1459 in

368 1426 492 1523 {insu
516 1474 757 1531 contrario,
794 1473 969 1539 sanguis
1010 1475 1057 1522 'm
1094 1475 1294 1538 genuino
1334 1473 1457 1521 sensu
1494 1473 1713 1538 fignificat
1736 1472 1937 1532 coeleste,
1971 1474 2021 1522 &
2050 1475 2294 1540 respefflve
2324 1479 2382 1526 ad

369 1541 605 1589 hominem
636 1554 948 1605 regeneratum
972 1538 1247 1604 spiritualem
1282 1540 1500 1604 fignificat
1523 1541 1802 1596 charitatem,
1838 1555 1945 1602 quae
1967 1537 2062 1604 ejus
2085 1542 2265 1590 coeleste
2300 1543 2384 1601 est,

372 1620 416 1655 at
456 1609 504 1655 in
543 1609 767 1655 contrario
810 1606 931 1655 sensu
972 1606 1195 1670 fignificat
1230 1606 1406 1669 sanguis
1434 1606 1699 1654 violentiam
1732 1605 1903 1653 illatam
1937 1607 2155 1667 charitati,
2189 1610 2381 1673 proinde

370 1673 498 1738 quod
537 1675 811 1722 contrarium
853 1673 1051 1721 charitati
1090 1672 1170 1730 est,
1207 1674 1268 1719 ita
1296 1687 1433 1720 omne
1457 1672 1636 1728 odium,
1671 1687 1858 1719 omnem
1884 1671 2156 1732 vindictam,
2191 1691 2385 1724 ornnem

372 1739 703 1797 crudelitatem,
740 1739 964 1804 imprimis
1007 1739 1430 1803 prophanationem,
1466 1750 1519 1786 ut
1555 1735 1935 1801 constare'potest
1970 1737 2026 1785 ab
2048 1739 2133 1788 illis
2157 1741 2204 1789 in
2227 1742 2387 1790 Verbo

374 1807 500 1862 locis,
534 1823 640 1870 quae
670 1806 799 1854 allata
837 1805 939 1853 sunt
974 1823 1034 1853 n:
1065 1801 1177 1870 374,
1214 1805 1264 1854 ὅτ
1292 1806 1418 1870 376:
1454 1822 1480 1852 a
1502 1804 1827 1869 significatione
1858 1806 2022 1852 animae
2059 1806 2106 1853 in
2130 1805 2251 1854 sensu
2275 1823 2385 1856 con·

374 1873 523 1929 trario‚
560 1875 708 1921 anima
731 1874 776 1920 in
800 1872 955 1920 Verbo
978 1872 1201 1937 fignificat
1240 1873 1285 1918 in
1323 1887 1495 1936 genere«
1507 1873 1667 1928 vitam,
1705 1871 1765 1918 ita
1803 1886 1992 1919 omnem
2015 1871 2270 1930 hominem,
2305 1875 2390 1938 qui

374 1940 508 1996 vivit,
544 1938 618 1986 sed
641 1939 784 2002 quaiis
808 1938 951 1987 homo
971 1939 1069 1986 talis
1094 1939 1205 1995 vita,
1241 1940 1302 1986 ita
1323 1935 1523 2002 quoque*
1555 1954 1638 1985 um
1668 1937 1902 1985 hominem
1927 1938 2007 2000 qui
2029 1938 2292 1987 violentiam
2316 1942 2386 1987 in-

375 2003 477 2061 fert,
513 2005 641 2069 quod
666 2006 821 2053 multis
845 2005 1103 2053 confirmari
1142 2015 1167 2051 a
1189 2004 1345 2053 Verbo
1382 2004 1547 2069 potest,
1564 2003 1726 2059 xsolum
1750 2019 1873 2050 nunc
1897 2019 1977 2066 per
1999 2003 2088 2051 hoc
2111 2005 2238 2068 quod
2261 2006 2384 2068 apud

377 2069 557 2127 Mosen,
596 2076 630 2098 “
667 2072 766 2135 Qi
789 2072 1037 2118 comederit
1060 2070 1342 2134 sanguinem,
1378 2070 1496 2118 dabo
1519 2066 1651 2134 facies
1675 2085 1794 2116 meas
1819 2081 1976 2117 contra
1997 2070 2197 2117 Animam
2230 2087 2384 2118 come-

380 2141 413 2164 “
450 2137 633 2184 dentem
658 2137 938 2202 sanguinem,
974 2138 1024 2185 δε
1064 2136 1316 2184 exscindam
1357 2153 1448 2184 eam
1487 2153 1511 2183 e
1552 2135 1704 2183 medio
1739 2135 1900 2199 populi
1939 2133 2053 2198 erS‚
2087 2137 2195 2198 quia
2225 2139 2385 2184 Anima

381 2208 414 2230 “
451 2205 592 2251 carnis
615 2205 661 2251 in
686 2204 897 2268 sanguine
921 2203 1011 2259 illa,
1048 2204 1097 2250 δε
1122 2203 1232 2266 Ego
1260 2202 1366 2250 dedi
1397 2202 1528 2249 illum
1565 2202 1695 2266 super
1730 2201 1877 2257 altare,
1914 2201 1971 2248 ad
2011 2202 2289 2264 expiandum
2314 2202 2384 2250 su·

381 2274 413 2296 “
449 2286 529 2333 per
552 2271 730 2319 Animas
750 2269 937 2326 vestras,
967 2271 1074 2334 quia
1095 2268 1270 2332 sanguis
1288 2267 1378 2332 ipse
1392 2285 1479 2331 pro
1491 2269 1648 2315 Anima
1672 2266 1916 2330 expiabit‚''
1949 2266 2089 2329 Levit
2109 2286 2118 2314 ε
2137 2284 2242 2327 xxm
2264 2287 2277 2315 ε·
2302 2287 2385 2331 10,

387 2353 462 2392 11,
505 2354 576 2395 14.
613 2336 693 2383 ubi
715 2337 862 2383 anima
885 2352 969 2399 pro
995 2337 1086 2382 vita
1129 2336 1175 2382 in
1220 2335 1385 2398 triplici
1425 2332 1563 2390 sensu,
1600 2345 1762 2396 praeter
1786 2332 2017 2380 multoties
2049 2333 2194 2380 alibiq
2239 2335 2392 2400 Qod·

379 2401 592 2448 violentia
614 2402 734 2449 illata
757 2402 958 2449 charitati
980 2401 1117 2448 semet
1141 2404 1375 2464 punitura,
1406 2399 1625 2448 constabit
1648 2399 1704 2446 ab
1726 2401 1778 2446 iis
1801 2415 1906 2462 quae
1923 2398 2182 2462 sequuntur.

457 2469 595 2516 1006.
632 2468 674 2516 E
699 2485 836 2515 manu
861 2469 1009 2515 omnis
1034 2465 1158 2524 ferae,
1193 2467 1318 2530 quod
1343 2466 1565 2529 significet
1592 2466 1650 2531 ‚ab
1673 2467 1820 2522 omni,
1852 2466 1979 2528 quod
2001 2465 2125 2529 apud
2148 2466 2387 2514 hominem

382 2533 655 2591 violentum,
693 2534 863 2582 constat
891 2550 915 2580 a
938 2533 1260 2597 fignificatione
1286 2534 1448 2588 Ferae3
1497 2530 1589 2579 fera‘
1622 2534 1666 2579 in
1697 2531 1850 2578 Verbo
1870 2531 2092 2595 fignificat
2113 2534 2293 2588 vivum,
2331 2545 2384 2579 ut

384 2599 608 2648 ostensum
632 2617 689 2648 n:
719 2605 828 2665 908.
866 2612 910 2648 at
933 2602 979 2647 in
1005 2598 1373 2647 contrariosensu
1397 2596 1489 2646 fera
1510 2598 1733 2662 fignificat
1755 2597 1882 2661 quod
1915 2597 2047 2644 instar
2070 2595 2178 2645 ferae
2210 2597 2288 2654 est,
2325 2599 2388 2645 ita

384 2666 603 2730 quicquid
627 2663 823 2714 ferinum
844 2667 967 2730 apud
1001 2667 1251 2723 hominem,
1286 2665 1413 2729 quod
1446 2667 1582 2712 etiam
1612 2666 1736 2729 prius
1766 2662 1990 2711 ostenfiim
2024 2662 2103 2719 est,
2138 2679 2274 2726 quare
2297 2663 2387 2726 fig-

387 2732 539 2780 nificat
563 2733 796 2780 hominem
831 2734 929 2780 talis
952 2735 1080 2790 vitae,
1116 2749 1280 2796 nempe
1314 2731 1585 2788 violentum,
1621 2730 1697 2778 seu
1727 2731 1807 2793 qui
1845 2729 2107 2776 violentiam
2130 2727 2264 2775 infert
2285 2729 2396 2776 cha-

388 2800 506 2845 ritati
526 2821 540 2854 ·,
577 2815 683 2845 narn
708 2802 743 2846 is
768 2799 902 2846 instar
925 2797 1030 2847 ferae
1051 2798 1141 2847 est:
1178 2799 1320 2846 homo
1337 2797 1399 2845 est
1416 2798 1556 2845 homo
1578 2797 1634 2844 ab
1657 2811 1809 2844 amore
1832 2796 1882 2843 <Sc
1905 2794 2133 2850 charitate,
2171 2806 2218 2841 at
2237 2794 2300 2842 est
2322 2794 2397 2843 fe·
2434 2846 2443 2856 ,

390 2879 436 2909 ra
455 2864 510 2910 ab
534 2865 658 2919 odio,
700 2866 919 2922 vindifta,
955 2867 1005 2913 δε
1030 2864 1307 2914 crudelitate.
2435 2908 2441 2914 .

464 2946 602 2992 ¹007·
638 2931 681 2976 E
710 2947 847 2978 manu
868 2932 1082 2990 hominis,
1117 2932 1242 2993 quod
1267 2931 1324 2977 fit.
1351 2929 1409 2976 ab
1440 2928 1569 2977 omni
1589 2925 1683 2990 ejus
1706 2925 1977 2993 voluntario,
2013 2925 2119 2972 &Xe
2143 2942 2279 2973 manu
2303 2927 2395 2977 virii

392 2993 562 3051 fratris„
602 2996 729 3057 quod
760 2997 810 3042 tit
834 2997 890 3042 ab
914 2998 1043 3044 omni
1079 2995 1174 3060 ejus
1214 2995 1524 3049 intellefiualh,
1552 2991 1721 3053 constat
1745 3008 1782 3038 ‘a
1812 2991 2136 3054 fignificat—ione
2174 2993 2400 3054 hominis,¹

393 3077 499 3110 nam
523 3061 738 3107 effentiale
761 3062 808 3107 &
832 3065 927 3109 vita
949 3063 1146 3109 hominis
1169 3060 1234 3108 est
1263 3058 1357 3123 ejus
1398 3059 1621 3115 voluntas,
1658 3057 1739 3104 sed,
1772 3058 1915 3120 qualis
1947 3057 2166 3107 voluntas*
2188 3059 2285 3105 talis
2308 3059 2400 3107 hoa.

395 3143 510 3181 mo·,
561 3128 609 3173 &
636 3143 661 3174 a
694 3126 1017 3189 significatione
1054 3128 1141 3173 viri
1171 3125 1335 3182 fratris,
1368 3122 1662 3172 intelleftuale
1700 3124 1822 3187 apud
1850 3124 2082 3171 hominem
2105 3137 2295 3172 vocatur
2321 3128 2394 3174 vir

396 3191 544 3250 frater,
580 3193 705 3256 quod
740 3191 964 3239 ostensum
1000 3193 1123 3256 prius
1156 3209 1213 3240 n:
1243 3193 1350 3256 367.
1403 3191 1494 3238 five
1533 3190 1823 3238 intellectuale
1872 3206 2033 3237 verum
2073 3190 2142 3245 fit,
2198 3190 2288 3237 five
2326 3191 2393 3238 in-

397 3259 641 3310 tellectuale
681 3258 883 3326 spurium
906 3294 920 3317 ‚
970 3258 1061 3307 five
1091 3257 1386 3308 intellectuale
1416 3256 1602 3315 falsum,
1629 3256 1770 3322 usque
1802 3268 1992 3305 vocatur
2030 3257 2103 3304 vir
2139 3253 2289 3310 frater,
2324 3257 2402 3304 in-

2190 3320 2405 3371 tellectus.
