2788 3736
317 249 448 317 218
854 239 954 313 e
1042 238 1113 314 E
1199 238 1302 307 Ν,
1380 241 1464 311 E:
1543 240 1623 312 st*
1673 243 1748 312 ⁵1-
1819 243 1885 312 s:-

324 374 559 434 catarattae
597 381 682 430 coeli
722 390 895 444 apertae.
965 372 1056 428 Per
1074 385 1263 438 'annum
1292 375 1685 435 sexcentesimum,
1741 378 1944 432 mensem
1987 380 2262 442 secundum,
2306 383 2359 434 ὅτ

326 444 451 501 diem
475 452 711 498 decimum
746 448 1011 512 septimum,
1047 433 1327 510 significatur
1363 444 1475 503 alter
1513 443 1652 500 status
1676 446 1973 500 tentationis:
2011 450 2140 512 quod
2164 450 2360 515 disrupti

334 519 420 567 fint
444 534 602 566 omnes
643 514 789 563 fontes
829 515 964 579 abyffi
1005 530 1205 577 magnae,
1242 513 1497 577 significant
1537 523 1797 570 extremum
1822 514 2079 565 tentationis
2102 518 2256 581 quoad
2275 513 2360 567 vo-

336 587 526 634 luntaria
548 601 559 630 :
629 583 723 630 uod
747 578 979 644 'cataraetae
996 582 1107 630 coeli
1131 593 1317 645 apertae,
1359 578 1622 644 significant
1645 591 1908 637 extremum
1927 584 2184 633 tentationis
2206 585 2361 650 quoad

339 600 667 700 intelle&ualia.
1944 698 1947 701 Α

356 773 361 779 ,
388 728 470 785 *75
477 735 521 782 5.
558 716 702 782 Qiod
729 732 808 781 per
838 732 1010 779 annum
1033 715 1435 772 sexcentesimum,
1471 712 1672 763 mensem
1710 713 1984 772 secundum,
2015 716 2066 764 ὅτ.
2090 716 2215 765 diem
2238 717 2360 767 deci·

337 802 472 835 mum
508 785 772 850 septimum,
810 782 1087 846 fignificetur
1119 783 1230 830 alter
1277 781 1418 829 status-
1449 783 1731 838 tentationiS,
1767 781 1966 846 sequitur
2005 799 2064 830 ex
2105 783 2212 842 illis,
2252 801 2361 850 quae

338 854 551 902 hastenus
576 848 838 912 distassunt,
865 867 971 898 nam
995 868 1021 899 a
1043 849 1166 898 vers:
1193 851 1220 897 6
1250 848 1308 897 ad
1334 850 1456 897 hunc
1489 867 1506 898 1
1522 868 1560 899 ι.
1597 850 1753 897 εᾶιιῐη
1778 849 1842 898 est
1863 849 1921 897 de
1944 852 2098 913 primo
2122 850 2238 902 statu
2261 864 2364 902 ten-

341 920 540 976 tationis,
576 919 657 983 qui
681 915 774 964 fuit-
794 917 947 980 quoad
971 916 1066 982 ejus
1099 916 1431 981 intelleettialia,
1469 932 1591 964 nunc
1622 928 1778 964 autem
1810 917 1964 981 agitur
1986 917 2043 964 de
2067 918 2208 966 altero
2231 918 2364 978 statu,

342 1002 510 1052 nempe
533 984 686 1051 quoad
711 984 982 1043 voluntaria,
1019 1001 1126 1049 quae
1150 982 1276 1031 causa
1299 982 1379 1041 est,
1415 983 1543 1047 quod
1567 986 1736 1035 iterum
1762 984 1942 1039 dicatur
1965 996 2073 1032 aetas
2087 983 2209 1049 ejus,
2234 987 2361 1050 prius

337 1052 472 1121 ‘quod
513 1050 648 1102 fuerit
684 1051 804 1098 filius
844 1051 1160 1100 sexcentorum
1186 1052 1453 1108 Annorum,
1489 1050 1563 1098 hic
1606 1051 1735 1114 quod
1767 1049 1940 1099 faffflm
1965 1051 2198 1100 diluvium
2234 1058 2366 1102 'anno

346 1119 665 1179 sexcentesimo
693 1116 788 1182 ejus
812 1121 940 1176 vitae,
993 1118 1145 1177 mense
1184 1115 1398 1175 secundo,
1448 1118 1499 1165 &
1533 1118 1608 1166 die
1644 1118 1828 1166 decimo
1868 1117 2088 1182 septimo:
2137 1119 2364 1184 nusquam

348 1188 511 1253 aliquis
534 1183 770 1234 autumare
795 1184 959 1248 potest,
994 1185 1123 1249 quod
1146 1200 1227 1248 per
1250 1200 1391 1237 annos
1414 1185 1558 1231 aetatis
1581 1185 1780 1242 Noachi,
1816 1185 1896 1233 ubi
1921 1186 1971 1235 &
1995 1188 2117 1244 anni,
2159 1188 2209 1235 &
2234 1203 2363 1235 men·

345 1253 428 1313 ses,
465 1257 514 1302 ὅτ
539 1253 650 1310 dies,
677 1251 984 1315 designantur,
1020 1251 1298 1314 intelligatur
1322 1250 1460 1298 status
1485 1252 1744 1302 tentationis
1767 1251 1922 1315 quoad
1945 1252 2220 1311 voluntaria,
2268 1253 2363 1312 sed,

346 1334 400 1372 ut
434 1320 630 1377 ὀὶἃυω,
666 1317 767 1366 talis
801 1315 889 1366 fuit
914 1318 1081 1376 modus
1105 1318 1324 1382 loquendi
1366 1318 1417 1365 ὅτ
1458 1315 1681 1367 scribendi
1705 1318 2163 1382 Antiquiffimorum,
2198 1321 2249 1368 &
2273 1321 2362 1368 im-

348 1388 511 1465 primis
544 1386 750 1434 dele&ati
774 1383 876 1433 sunt
900 1386 948 1434 in
983 1402 1055 1443 eo,
1093 1385 1222 1450 quod
1262 1384 1492 1449 designare
1532 1396 1741 1448 tempora
1769 1385 1819 1432 &
1857 1386 2048 1434 nomina
2079 1387 2271 1450 poffent,
2310 1387 2363 1435 δε

347 1454 454 1502 inde
491 1450 722 1501 historiam
758 1467 891 1500 vero’
911 1452 1106 1510 similem
1144 1451 1450 1507 concinnare;
1490 1451 1537 1503 in
1576 1467 1632 1503 eo
1669 1450 1883 1515 sapientia
1917 1468 2078 1500 eorum
2119 1453 2364 1501 con-stabat.

351 1520 499 1586 Qod
533 1531 686 1568 autem
710 1515 907 1567 sexcenti
931 1521 1034 1569 anni
1056 1535 1152 1568 non
1177 1517 1589 1582 fignifi‘cent'aliud
1624 1534 1764 1582 quam
1800 1517 1967 1567 statum
1991 1520 2248 1567 tentationis
2271 1521 2366 1583 'pri-

352 1603 503 1644 mum,
539 1585 766 1634 ostensum
789 1585 854 1634 est
890 1583 1023 1650 supra
1044 1586 1102 1634 ad
1125 1584 1248 1634 vers:
1279 1586 1336 1641 6,
1372 1584 1446 1632 hic
1469 1584 1675 1633 similiter
1697 1586 1803 1634 anni
1827 1584 2039 1643 sexcenti,
2075 1585 2151 1633 sed
2174 1598 2228 1634 ut
2249 1587 2362 1635 alter

351 1650 486 1705 status
507 1654 767 1701 tentationis
807 1652 1148 1717 significaretur,
1185 1651 1327 1706 additi
1349 1650 1450 1698 sunt
1477 1650 1648 1712 menses
1670 1652 1721 1702 &
1745 1652 1857 1709 dies,
1894 1653 1945 1700 ὅτ
1980 1651 2170 1717 quidem
2194 1652 2367 1702 menses

352 1721 464 1778 du0,
499 1719 574 1767 seu
598 1722 645 1767 in
670 1718 818 1784 mense
850 1719 1063 1777 secundo,
1099 1719 1181 1783 qui
1204 1717 1460 1782 significant
1483 1717 1625 1782 ipsam
1649 1733 1875 1782 pugnam,
1909 1730 1964 1766 ut
1993 1719 2194 1768 constare
2218 1720 2367 1784 potest

352 1805 377 1836 a
407 1785 734 1852 significatione
766 1787 947 1834 numeri
972 1788 1072 1834 Duo
1106 1784 1322 1850 prius.ad
1361 1783 1491 1832 vers:
1532 1801 1575 1833 2.
1616 1782 1755 1847 hujus
1789 1786 1983 1849 Capitis,
2030 1802 2205 1850 nempe·
2233 1787 2367 1851 quod

354 1852 609 1919 significent
650 1852 772 1902 idem
814 1870 864 1903 ac
900 1854 1006 1910 Sex,
1042 1852 1131 1901 hoc
1159 1851 1239 1910 est,
1276 1851 1488 1900 laborem
1524 1852 1574 1900 δε
1614 1867 1840 1915 pugnam,
1890 1863 1998 1899 tum
2031 1851 2368 1918 dispersionem,

357 1928 412 1968 ut
442 1921 503 1969 ibi
527 1918 753 1968 ostensum
785 1921 1021 1968 videatur:
1055 1921 1294 1967 Numerus
1319 1934 1473 1975 autem
1498 1919 1779 1980 Septendecim
1815 1919 2040 1982 significat
2067 1933 2164 1967 tam
2196 1921 2369 1983 princi-

354 1987 486 2056 pium
510 1989 785 2044 tentationis,
824 2004 965 2051 quarn
1007 1987 1150 2044 finem
1186 1987 1463 2054 tentationis,
1497 2001 1555 2038 ex
1590 1985 1720 2038 causa
1747 1986 1856 2050 quia
1894 1986 2174 2049 compofitus
2208 1985 2287 2034 estv
2313 2003 2371 2035 ex

356 2053 569 2102 Numero
606 2053 867 2117 septenario,
903 2054 952 2102 ὅτ
979 2053 1138 2111 decem
1160 2075 1175 2111 3
1227 2053 1307 2116 qui
1333 2068 1552 2106 numerus
1577 2068 1686 2100 cum
1710 2050 1935 2115 fignificat
1966 2053 2246 2116 principium
2271 2065 2370 2101 ten-

358 2123 538 2169 tationis
578 2133 687 2168 tunc
728 2119 924 2168 involvit
964 2121 1030 2183 ad·
1058 2121 1145 2168 dies
1173 2120 1350 2183 septem,
1388 2118 1462 2173 seu
1503 2118 1798 2183 septimanam
1834 2118 2005 2182 septem
2029 2119 2227 2177 dierum,
2262 2136 2371 2183 quae

358 2188 486 2251 quod
509 2186 733 2252 significet
756 2180 1345 2252 principiumtentationis,
1381 2187 1523 2250 prius,
1543 2186 1601 2237 ad
1622 2185 1751 2237 vers:
1777 2202 1817 2246 41
1833 2183 1968 2249 hujus
2008 2187 2184 2251 Capitis
2221 2186 2371 2234 osten-

359 2253 460 2302 sum
493 2256 591 2311 est,
641 2267 687 2302 at
726 2271 834 2302 cum
864 2253 1086 2318 fignificat
1122 2253 1264 2301 finem
1302 2253 1575 2308 tentationiS,
1617 2254 1833 2316 'ut‘Capz
1868 2252 1973 2316 seq:
1998 2269 2134 2301 V111:
2160 2252 2284 2301 vers:
2317 2271 2372 2315 4«,

361 2334 472 2369 tunc
496 2321 667 2384 septem
691 2321 754 2369 est
774 2337 990 2368 numerus
1023 2320 1212 2376 santffms,
1248 2321 1322 2366 cui
1346 2320 1506 2367 decem
1529 2317 1749 2383 adjectus,
1778 2321 1859 2383 qui
1898 2319 2122 2383 fignificat
2145 2319 2375 2384 reliquias,

364 2404 467 2434 nam
498 2387 662 2451 absque
683 2388 882 2452 reliquiis
905 2404 998 2435 non
1021 2387 1168 2452 potest
1192 2388 1439 2450 regenerari
1460 2386 1632 2438 homo:
1668 2386 1798 2450 quod
1821 2402 2038 2437 numerus
2068 2385 2379 2450 septendecim
2440 2411 2446 2417 ·

360 2451 584 2519 significet
624 2456 905 2519 principium
945 2455 1219 2511 tentationis,
1248 2452 1430 2509 ,constat
1469 2452 1593 2517 apud
1628 2454 1895 2514 Jeremiam,
1936 2453 2063 2516 quod
2104 2454 2375 2501 mandatum

325 2523 328 2526 ’
361 2522 418 2578 ei,
456 2516 507 2567 ut
529 2534 697 2569 emeret
713 2538 876 2585 agrum
901 2537 926 2568 a
947 2520 1231 2577 Chanamele,
1267 2520 1365 2567 filio
1386 2521 1539 2584 patrui
1561 2518 1644 2577 sui,
1680 2521 1761 2584 qui
1785 2522 1832 2567 in
1857 2520 2096 2576 Anatoth·,
2132 2521 2181 2567 δε
2204 2534 2385 2593 appeti-L⁴

361 2587 430 2637 dit
469 2589 520 2636 ei-
539 2589 808 2651 Argentum
840 2590 1002 2652 septem
1025 2584 1228 2649 fidorum,
1248 2587 1319 2637 ὅ
1353 2587 1487 2637 decem
1525 2589 1715 2649 argenti,
1753 2588 2119 2650 xxx1129„qui
2158 2600 2375 2634 numerus

362 2655 489 2717 quod
529 2654 751 2718 significet
787 2658 922 2702 etiam
964 2654 1274 2719 captivitatem
1299 2670 1459 2703 eorum
1482 2653 1827 2717 Babylonicam,
1863 2669 1945 2717 per
1966 2668 2107 2716 quam
2133 2651 2373 2715 r‘epraefien-

365 2733 481 2768 tatur
505 2723 691 2769 tentatio
730 2722 955 2780 fidelium,
990 2722 1041 2770 ὅτ
1082 2720 1325 2775 devastatio
1359 2721 1635 2778 infidelium,
1671 2722 1719 2768 ἃ
1745 2720 1935 2783 quidem
1970 2719 2250 2783 principium
2274 2731 2379 2766 ten·

363 2789 541 2835 tationis
585 2789 635 2836 &
675 2789 810 2836 simul
855 2789 958 2836 finis
1001 2790 1258 2841 tentationis
1299 2787 1371 2835 seu
1417 2788 1638 2844 liberatio,
1695 2786 1895 2833 constare
1928 2785 2076 2848 potest
2116 2801 2142 2830 a
2186 2785 2374 2849 sequen-

364 2853 486 2901 tibus
527 2856 572 2906 in
608 2856 768 2919 Capite
807 2856 886 2903 illo
937 2856 1058 2920 apud
1093 2846 1406 2918 Prophetam3
1454 2854 1582 2917 quod
1638 2853 1874 2915 captivitas
1929 2851 1986 2897 ad
2025 2850 2148 2899 vers:
2187 2853 2246 2916 36
2293 2851 2374 2910 ibi,

360 2921 487 2983 quod
528 2919 732 2969 liberatio
777 2939 802 2969 a
825 2921 932 2970 vers
940 2941 960 2979 :2
1002 2920 1064 2987 37'
1107 2921 1209 2986 seq:
1258 2921 1356 2976 ibi·,
1396 2920 1498 2967 talis
1532 2917 1996 2980 numerusxxnusquam
2022 2918 2143 2981 apud
2168 2919 2374 2983 Prophe·

361 2999 456 3035 tam
489 2985 696 3043 exstaret,
732 2988 814 3035 nist
848 3004 1022 3045 arcana,
1057 2988 1172 3035 ficut
1201 2987 1356 3039 omnia
1386 2986 1574 3048 reliqua,
1609 2983 1874 3031 involveret.
1948 2985 2096 3049 Qod
2135 2983 2383 3048 septende—,

360 3046 512 3101 decim
548 3052 803 3116 significent
842 3056 1120 3117 principium
1146 3053 1431 3113 tentationis,
1467 3053 1603 3099 etiam
1628 3049 1827 3098 constare
1846 3050 1995 3115 potest
2017 3050 2072 3098 ab
2094 3063 2226 3099 aetate
2247 3052 2375 3114 Jose-

358 3119 457 3183 phi,
498 3119 904 3183 qui-septendecim
926 3136 1149 3168 annorum
1175 3119 1294 3165 filius
1316 3131 1424 3175 erat,
1470 3114 1579 3165 cum
1603 3118 1757 3164 miffus
1781 3118 1836 3164 ad
1870 3116 2040 3174 fratres,
2078 3119 2127 3165 ὅτ
2161 3119 2388 3169 venditus..
2452 3159 2455 3162 χ

362 3189 411 3234 in
435 3187 721 3250 AEgypturm‚
759 3186 933 3236 Genes:
974 3202 1178 3234 xxxvn:
1220 3202 1263 3233 2.
1305 3186 1433 3248 quod
1464 3185 1678 3231 venditus
1711 3185 1757 3230 in
1781 3185 2065 3249 AEgyptum,
2105 3185 2269 3232 similia
2305 3202 2375 3233 re-

356 3251 609 3317 praesentat,
645 3265 696 3302 ut
721 3252 784 3320 ibi
808 3252 916 3314 loci,
952 3269 1011 3302 ex
1033 3253 1210 3302 Divina
1233 3252 1432 3302 Domini
1463 3250 1794 3310 Misericordia,
1829 3252 2122 3308 ostendetur,
2157 3251 2219 3299 ibi
2235 3251 2374 3327 histo·

2284 3334 2383 3371 rica.
