2788 3736
349 268 552 406 164¹.-
839 296 1813 377 GENESIS.

349 469 418 502 res
440 453 590 509 habet,
628 447 853 513 imprimis
878 445 1078 496 constare
1104 443 1251 511 potest
1287 445 1343 494 ab
1378 445 1467 495 illis
1504 438 1553 494 in
1591 444 1727 495 altera
1747 448 1859 506 vita,
1893 450 1976 514 qui
2005 451 2053 501 in
2082 454 2281 504 cruciatu
2303 454 2355 505 &

350 517 527 569 inferno
549 518 666 574 sunt,
702 516 783 578 qui
809 514 1023 562 continue
1049 512 1370 570 lamentantur,
1405 514 1455 562 ὅτ
1479 524 1618 561 omne
1651 513 1827 579 malu’m
1848 530 2004 579 poenae
2026 518 2234 575 tribuunt
2257 523 2355 570 Do.

353 588 512 642 mino;
550 583 750 632 similiter
790 580 968 645 spiritus
1005 581 1112 629 mali
1149 582 1197 628 in
1228 580 1407 628 mundo
1442 579 1683 644 spirituum
1706 580 1952 640 malorum,
1987 586 2069 648 qui
2091 583 2356 650 jucundum

353 657 449 700 imo
465 649 846 716 jucundissimum
881 647 1013 697 suum
1037 659 1219 712 ponunt
1251 648 1298 695 in
1322 663 1396 705 e0,
1432 659 1484 694 ut
1507 646 1616 694 alios
1640 646 1810 695 laedant
1847 649 1896 697 &
1920 652 2151 714 puniant;⁴
2171 656 2253 718 qui
2275 655 2356 703 lae-

352 719 523 765 duntur
557 718 606 764 &
641 717 894 779 puniuntur
918 727 1080 778 putant
1114 731 1139 762 a
1159 715 1384 770 Domino,
1434 713 1601 778 quibus
1637 713 1814 761 dictum
1860 716 1915 764 ὅτ
1951 715 2195 776 ostensum,
2229 721 2360 786 quod

354 802 406 831 ne
440 784 585 832 hilum
612 783 718 831 mali
752 799 777 829 a
800 783 1024 839 Domino,
1062 781 1136 830 sed
1162 781 1289 844 quod
1314 782 1344 830 ii
1369 779 1651 845 sibimetipsis
1676 780 1850 843 malum
1876 780 2100 841 inferant·,
2135 801 2242 833 nam
2259 787 2359 835 talis

356 852 511 908 status,
550 852 596 897 δε
624 850 709 897 tale
734 847 1044 912 aequilibrium
1078 849 1289 896 omnium
1318 846 1383 895 est
1422 849 1469 896 in
1504 846 1643 895 altera
1663 848 1773 905 vita,
1809 861 1862 896 ut
1895 850 2073 898 malum
2115 851 2266 900 redeat
2301 853 2361 902 ad

354 920 485 965 illum
509 918 589 981 qui
615 916 790 964 malum
813 913 936 973 facit,
977 916 1026 963 δε
1051 916 1105 963 fit
1129 915 1302 963 malum
1328 930 1483 979 poenae
1503 936 1517 970 ;
1553 914 1604 962 &
1627 914 1756 977 quod
1779 931 1872 963 non
1895 918 2030 980 poffit
2062 917 2188 966 aliter
2221 935 2362 984 quam
2415 953 2427 958 ,

352 985 566 1040 existere·‚
601 983 729 1047 quod
753 993 942 1030 vocatur
965 983 1188 1046 permitti,
1223 997 1279 1030 ex
1301 980 1430 1029 causa
1460 980 1788 1030 emendationis
1813 983 1953 1039 mali,
1989 982 2063 1031 sed
2101 984 2241 1050 usque
2261 988 2365 1034 Do·-

360 1054 509 1098 minus
533 1052 669 1108 vertit
701 1065 838 1098 omne
863 1049 1038 1097 malum
1073 1064 1228 1113 poenae
1252 1050 1298 1096 in
1321 1048 1515 1106 bonum,
1554 1046 1615 1094 fic
1649 1059 1701 1095 ut
1733 1049 1851 1097 nihii
1869 1049 2063 1113 usquam
2083 1050 2165 1100 nisi
2191 1052 2366 1102 bonum

357 1135 382 1166 a
404 1112 625 1165 Domino.
699 1116 873 1163 Verum
901 1115 1016 1180 quid
1049 1116 1300 1173 Permiflio,
1336 1130 1473 1163 nemo
1509 1113 1660 1161 adhuc
1700 1118 1860 1172 novit3
1897 1117 2026 1180 quod
2066 1121 2362 1180 permittitur,

359 1197 543 1247 putatur
577 1183 673 1231 fieri
697 1182 753 1230 ab
775 1182 878 1247 Ipso
906 1183 987 1246 qui
1010 1182 1252 1245 permittit,
1288 1182 1394 1246 quia
1410 1181 1649 1245 permittit,
1685 1179 1759 1231 sed
1785 1198 1851 1230 res
1875 1184 1917 1230 se
1938 1183 2118 1248 prorsus
2141 1186 2266 1235 aliter
2288 1186 2364 1236 ha-
2404 1205 2408 1210 ¹

360 1254 451 1309 bet,
487 1251 544 1298 de
566 1266 672 1314 qua,
707 1265 762 1298 ex
784 1250 955 1296 Divina
975 1249 1170 1297 Domini
1192 1247 1523 1304 Misericordia,
1557 1247 1604 1295 in
1637 1246 1935 1311 sequentibus.
2241 1282 2261 1300 ,-

430 1334 539 1383 593.
578 1318 737 1379 Qiem
762 1317 909 1363 creavi
936 1314 1126 1379 desuper
1151 1312 1345 1363 faciebus
1369 1314 1517 1372 humi,
1552 1314 1680 1377 quod
1712 1314 1935 1380 significet
1957 1315 2195 1367 hominem
2226 1335 2252 1366 a
2279 1336 2363 1385 po-

362 1385 554 1433 steritate
578 1384 796 1431 Ecclefiae
819 1383 1178 1446 Antiquiffimae‚
1213 1381 1386 1431 constat
1409 1397 1503 1430 non
1527 1380 1676 1430 solum
1699 1397 1756 1429 ex
1777 1399 1848 1441 eo,
1875 1384 2002 1448 quod
2025 1384 2203 1434 dicatur
2219 1386 2364 1449 homo

361 1467 500 1516 quem
525 1466 613 1498 erec.
621 1452 710 1507 vit,
745 1449 873 1513 quod
896 1448 960 1497 est
981 1464 1122 1513 quem
1152 1449 1461 1513 regeneravit·,
1496 1447 1546 1498 &
1582 1446 1752 1512 postea,
1788 1466 1929 1514 quem
1956 1450 2087 1514 fecit,
2122 1452 2252 1516 quod
2281 1452 2362 1511 est,

358 1534 498 1582 quem
536 1514 739 1580 perfecit,
781 1515 854 1563 seu
888 1516 1167 1580 regeneravit
1214 1514 1354 1580 usque
1382 1527 1436 1563 ut
1475 1512 1618 1562 faetus
1673 1515 1897 1567 coelestis:
1947 1529 2049 1565 tum
2089 1535 2275 1583 quoque
2307 1536 2366 1568 ex

359 1601 429 1641 eo,
485 1583 614 1648 quod
646 1584 824 1631 dicatur
863 1582 1054 1646 desuper
1068 1582 1267 1645 faciebus
1304 1583 1440 1638 humi,
1477 1581 1644 1629 humus
1682 1581 1747 1630 est
1790 1583 1868 1630 ubi
1901 1583 2120 1643 Ecclefia,
2155 1597 2209 1633 ut
2242 1587 2368 1651 prius

363 1650 586 1698 ostensum
619 1649 715 1706 est,
751 1651 888 1697 etiam
926 1649 1106 1706 exinde,
1156 1648 1285 1714 quod
1318 1649 1376 1696 de
1407 1647 1495 1695 illis
1533 1660 1709 1711 agatur,
1745 1651 1826 1713 qui
1851 1650 2116 1699 doctrinalia
2145 1648 2254 1701 fidei
2278 1654 2368 1701 im·

361 1716 607 1764 merserunt
631 1716 955 1780 cupiditatibus
987 1713 1092 1771 suis,
1127 1718 1209 1779 qui
1246 1731 1339 1763 non
1373 1714 1628 1762 habuerunt
1660 1716 1916 1764 doetrinam
1947 1717 2054 1765 fidei
2088 1734 2181 1766 non
2205 1731 2368 1783 potue·

297 1838 299 1840 ¹
363 1795 470 1831 runt
494 1785 556 1830 ita
587 1781 730 1830 facere
750 1805 764 1839 ;
800 1784 881 1846 qui
905 1794 1030 1829 extra
1052 1781 1324 1840 Ecclesiam,
1362 1782 1408 1828 in
1433 1781 1687 1845 ignorantia
1710 1782 1806 1829 veri
1829 1783 1879 1830 δε
1903 1782 2013 1830 boni
2036 1782 2165 1833 sunt:
2207 1788 2287 1849 qui
2322 1787 2370 1833 in

363 1851 629 1914 ignorantia,
668 1849 849 1913 poffunt
887 1849 970 1897 effe
1010 1849 1057 1896 in
1075 1848 1293 1913 ⁴quadam
1340 1846 1483 1911 specie
1522 1847 1812 1906 innocentiae,
1848 1848 1964 1896 dum
2005 1849 2178 1914 aliquid
2212 1863 2371 1900 contra

363 1933 471 1964 vera
494 1917 542 1964 &
575 1916 695 1964 bona
718 1916 825 1963 fidei
849 1916 1100 1979 loquuntur
1119 1915 1168 1963 δε
1193 1925 1352 1979 agunt,
1387 1929 1494 1961 nam
1518 1913 1620 1961 zelo
1643 1914 1848 1978 quodam
1884 1916 1966 1979 agi
2021 1971 2023 1973 ¹
2058 1917 2176 1965 ffunt
2206 1914 2374 1982 pro'eo

364 1983 508 2040 cultu,
544 1999 638 2047 quo
671 1982 728 2030 ab
759 1979 944 2030 infantia
965 1981 1148 2038 imbuti,
1184 1997 1325 2045 quem
1349 1980 1453 2029 ideo
1480 1991 1641 2043 putant
1676 1997 1840 2028 verum
1863 1982 1914 2029 &
1939 1932 2150 2039 ὺόῐξοιιως
2186 1996 2231 2032 at
2255 1999 2371 2032 cum

362 2051 430 2106 iis,
465 2044 545 2112 qui
580 2049 831 2096 doctrinam
871 2047 976 2095 fidei
1001 2048 1124 2110 apud
1164 2047 1206 2095 se
1233 2046 1414 2104 habent,
1454 2046 1536 2093 alia
1571 2046 1751 2109 prorsus
1786 2063 1853 2095 res
1887 2047 1968 2104 est,
2005 2049 2036 2095 ii
2068 2049 2365 2100 commiscere

363 2116 545 2180 poffunt
568 2131 672 2162 vera
694 2112 825 2171 falfis,
862 2116 912 2162 ὅτ
937 2113 1080 2161 saneta
1099 2110 1345 2179 prophanis
1367 2136 1380 2169 ;
1417 2112 1521 2160 inde
1546 2111 1636 2160 sors
1676 2129 1836 2160 eorum
1870 2114 1916 2161 in
1950 2114 2084 2162 altera
2106 2117 2200 2163 vita
2221 2116 2376 2165 multo·

363 2180 492 2246 pejor
514 2181 577 2229 est
616 2181 730 2230 sorte
755 2182 956 2237 illorum,
993 2182 1075 2244 qui
1114 2181 1285 2229 Gentes
1308 2192 1547 2238 vocantur,
1583 2180 1641 2227 de
1675 2180 1859 2245 quibuS,
1901 2197 1959 2229 ex
1980 2182 2153 2230 Divina
2175 2184 2374 2232 Domini·

360 2248 693 2306 ,Misericordia‚
730 2250 777 2295 in
803 2247 1099 2311 sequentibus.
1880 2264 1886 2272 ¹
2275 2275 2277 2277 -

383 2335 387 2338 ·
435 2332 545 2381 594.
584 2315 729 2380 Qod
769 2314 825 2362 ab
861 2314 1045 2361 homine
1080 2314 1137 2361 ad
1177 2313 1381 2370 bestiam,
1420 2313 1470 2360 δε
1510 2311 1651 2377 usque
1673 2311 1727 2360 ad
1752 2315 1925 2378 reptile,
1967 2315 2206 2379 significet,
2243 2318 2377 2381 quod

354 2382 585 2444 quicquid
620 2381 683 2430 est
706 2381 968 2436 voluntatis,
1009 2379 1314 2444 exstingueret
1337 2396 1461 2436 eum,
1498 2379 1669 2427 constat
1703 2396 1760 2427 ex
1790 2381 2120 2446 significatione
2154 2383 2371 2443 hominis,

369 2447 537 2504 bestiae,
563 2449 613 2495 &
637 2448 805 2512 reptilis
826 2466 835 2494 :
878 2447 1020 2495 homo
1043 2462 1134 2495 non
1157 2446 1221 2494 est
1244 2446 1385 2495 homo
1409 2446 1488 2494 nisi
1513 2462 1539 2492 a
1560 2447 1793 2494 voluntate
1817 2452 1867 2496 δε
1894 2448 2140 2507 ἱηῑεΙΙεξῒυ,
2165 2466 2246 2514 per
2266 2468 2378 2515 quae

370 2513 665 2578 distinguitur
688 2531 712 2561 a
729 2514 887 2568 brutis,
924 2526 1084 2562 caetera
1106 2513 1208 2561 sunt
1230 2513 1460 2561 fimillima
1482 2513 1533 2560 iis
1554 2535 1568 2568 3
1605 2513 1726 2576 apud
1750 2514 1833 2562 hos
1865 2516 1998 2578 periit
2030 2517 2183 2565 omnis
2205 2518 2371 2566 volun·

368 2593 434 2628 tas
464 2580 587 2639 boni,
624 2582 674 2629 &
697 2581 949 2629 intelledhis
981 2581 1108 2636 veri3
1145 2581 1248 2628 loco
1272 2580 1518 2629 voluntatis
1560 2579 1668 2628 boni
1709 2579 2006 2630 succefferunt
2027 2582 2204 2632 vesanae
2240 2585 2375 2647 cupi·

371 2647 545 2705 ditates,
587 2647 691 2696 loco
713 2647 962 2695 intellectus
986 2648 1081 2695 veri
1101 2647 1276 2695 vesanae
1300 2646 1557 2711 phantasiae,
1592 2647 1642 2694 &
1667 2647 1739 2695 hae
1772 2650 2040 2702 commixtae
2073 2649 2189 2705 illis3
2241 2664 2378 2712 quare

371 2713 611 2778 postquam
629 2714 688 2761 fic
703 2714 827 2778 quasl
844 2713 1106 2762 deleverunt
1121 2715 1344 2778 reliquiaS,
1363 2730 1454 2762 non
1470 2725 1717 2778 potuerunt
1734 2731 1825 2763 non
1840 2714 2086 2777 exstingui:
2106 2714 2230 2778 quod
2246 2716 2376 2779 quic-

371 2781 486 2841 quid
525 2781 587 2827 est
610 2781 872 2837 voluntatis,
905 2780 1059 2828 bestiae
1095 2783 1146 2829 δε
1173 2781 1348 2845 reptilia
1381 2791 1621 2838 vocantur,
1657 2781 1827 2827 constat
1849 2780 1906 2841 ab
1929 2782 1999 2837 iis,
2033 2796 2140 2843 quae
2162 2783 2287 2844 prius
2319 2781 2375 2832 de

373 2844 518 2892 bestiis
535 2847 585 2893 δε
609 2847 840 2910 reptilibus
864 2846 1031 2895 ostensa
1052 2846 1184 2905 sunt·,
1220 2847 1296 2895 sed
1320 2846 1410 2903 hic,
1436 2848 1544 2909 quia
1565 2846 1624 2892 de
1652 2846 1730 2893 tali
1753 2846 1937 2893 homine
1959 2847 2125 2909 agitur,
2165 2863 2257 2895 non
2286 2849 2376 2913 fig-

373 2912 613 2960 nificantur
641 2929 721 2976 per
761 2914 932 2971 bestias,
971 2913 1104 2961 bonae
1139 2913 1413 2968 affeffioneS,
1456 2911 1530 2958 sed
1564 2911 1714 2967 malae,
1764 2911 1956 2975 proinde
1989 2912 2289 2976 cupiditate83
2325 2918 2377 2966 &1

374 2995 453 3042 per
476 2979 652 3043 reptilia
682 2980 938 3043 voluptates
963 2992 1057 3027 tam
1082 2995 1330 3045 corporeae,
1365 2993 1504 3040 quam
1530 2975 1765 3025 sensuales:
1803 2978 1930 3041 quod
1954 2977 2106 3027 bestiae
2131 2982 2177 3028 δε
2203 2983 2381 3046 reptilia

374 3045 630 3109 significent
662 3045 780 3103 talia,
822 3061 913 3092 non
938 3047 1131 3109 amplius
1156 3057 1260 3109 eget
1291 3042 1635 3092 confirmatione
1658 3057 1719 3102 ex
1740 3044 1918 3102 Verbo,
1948 3047 2055 3111 quia
2077 3045 2134 3093 de
2158 3048 2211 3096 iis
2233 3051 2382 3114 prius,

373 3129 404 3160 n
427 3129 438 3159 ε
465 3128 551 3174 45,
573 3111 655 3172 46,
688 3129 795 3170 142,
828 3129 936 3174 143,
979 3128 1086 3175 quae
1108 3113 1360 3177 videantur,
1411 3122 1423 3130 ·’
1539 3149 1542 3155 .
1796 3118 1798 3120 ’

446 3195 506 3242 59
512 3193 555 3241 5.
594 3178 740 3242 Qod
763 3178 857 3225 avis
880 3177 1105 3225 coelorum
1130 3177 1351 3241 significet
1373 3176 1594 3242 quicquid
1617 3174 1950 3227 effintelleAEtuS
1975 3177 2047 3229 seu
2072 3180 2378 3246 cogitationiS,

378 3243 580 3295 videatur
601 3247 738 3295 etiam
757 3245 901 3311 prim,
935 3260 998 3293 n:
1018 3261 1098 3304 40.
2219 3247 2228 3260 ⁴
2284 3247 2292 3251 ’

2259 3317 2370 3381 4965·
