2788 3736
804 260 1937 329 CAPUTNONUM.
2306 284 2438 347 347

410 405 561 459 solum
582 402 706 470 apud
728 401 966 452 hominem
990 418 1082 451 non
1105 401 1171 451 est
1191 417 1337 459 amor,
1373 399 1454 450 sed
1474 402 1771 459 contrarium,
1805 401 1914 466 quia
1934 400 2080 451 homo
2113 398 2326 450 ordinem
2346 417 2425 450 na-

406 488 525 526 turae
569 473 617 519 in
663 470 711 520 se-
753 469 972 519 destruxit
999 492 1014 526 ;
1057 482 1104 518 at
1126 469 1238 517 cum‘
1258 470 1508 532 regenerari
1530 468 1694 532 potest,
1729 467 1804 516 seu
1840 469 2006 517 iterum
2045 466 2217 517 restitui
2255 467 2425 525 ordini,

410 542 464 591 &
487 540 692 603 accipeie
713 553 921 586 amorem
932 549 1182 594 mutuum,
1215 548 1328 584 tunc
1360 533 1426 583 est
1446 531 1603 583 foedus
1639 534 1716 583 seu
1739 532 2004 600 conjunctio
2040 550 2123 601 per
2144 533 2425 593 charitatem,

406 607 469 656 de
524 621 582 654 ua
604 605 680 653 hic
704 605 870 668 agitur.
2172 657 2175 663 Ι

482 622 524 722 iq
509 671 623 735 056.
664 673 786 720 Inter
806 671 964 719 Deum
986 670 1038 718 &
1075 669 1195 718 inter
1225 683 1418 718 omnem
1441 667 1639 717 animam
1679 668 1837 715 vivam
1875 667 1924 717 in
1962 667 2092 716 omni
2132 683 2282 725 carne,
2317 684 2426 733 qua:

408 737 541 804 super
563 750 696 795 terra,
730 737 860 803 quod
881 735 1107 801 significet
1136 736 1262 801 apud
1282 735 1644 801 unumquemvis
1680 734 1936 792 hominem,
1983 735 2107 799 apud
2146 751 2287 799 quem
2333 736 2424 784 hoc

407 806 505 855 dari
544 804 710 870 potest,
746 803 918 853 constat
938 819 998 851 ex
1034 802 1121 851 illis
1144 818 1251 866 quae
1273 802 1396 851 dicta
1421 801 1540 859 sunt,
1574 801 1705 867 quod
1743 816 1909 864 nempe
1942 801 2000 848 de
2038 800 2125 849 illis
2154 813 2315 865 agatur
2341 805 2425 866 qui

411 872 662 937 regenerari
678 870 877 935 poffunt,
899 882 1040 934 quare
1061 871 1213 918 anima
1233 869 1341 917 viva
1363 870 1410 916 in
1432 869 1564 918 omni
1587 883 1719 917 carne
1739 883 1833 915 non
1855 866 1965 915 alios
1983 865 2220 931 fignificat.

480 955 622 1003 1057.
646 935 796 985 *Vers:
828 952 902 1001 17.
937 937 1003 985 Et
1024 936 1138 985 AExit
1160 937 1280 984 Deus
1296 934 1358 983 ad
1374 934 1567 991 Noach;
1602 933 1860 998 hocstgnum
1870 932 2048 997 faederis
2062 932 2174 998 quod
2179 935 2296 997 erigo
2309 935 2422 982 inter

410 1008 493 1056 Me
515 1005 708 1055 &inter
729 1015 885 1052 omnem
908 1018 1092 1060 carnem,
1180 1002 1361 1067 esuper
1382 1010 1519 1049 terra.
1587 1001 1722 1050 Dixit
1735 1001 1863 1048 Deus
1885 1001 1943 1049 ad
1964 999 2213 1048 Noachum
2246 999 2421 1063 signifi-

409 1083 500 1130 cat,
535 1070 663 1137 quod
693 1070 782 1118 hoc
819 1067 951 1117 sciret
978 1069 1050 1118 Ec
1135 1083 1211 1116 ia:
1247 1068 1338 1116 hoc
1384 1066 1570 1132 fignum
1591 1065 1779 1116 foederis
1800 1066 1931 1131 quod
1964 1067 2097 1130 erigo
2122 1068 2239 1114 inter
2262 1067 2348 1115 Me
2372 1068 2421 1114 δε

409 1138 528 1187 inter
548 1152 739 1186 omnem
769 1148 970 1192 carnem,
1004 1149 1113 1199 quae
1136 1133 1268 1199 super
1305 1145 1440 1192 terra,
1480 1133 1705 1199 fignifioet
1740 1133 1870 1198 quod
1910 1132 2136 1182 indicium
2168 1131 2425 1198 ,praesentiae

407 1204 604 1253 Domini
626 1204 674 1251 in
696 1198 906 1250 charimte
928 1216 1022 1249 non
1046 1200 1195 1250 solum
1216 1200 1323 1250 eflet
1359 1201 1486 1265 apud
1509 1201 1746 1250 hominem
1771 1200 2006 1258 Ecclesiae,
2041 1198 2115 1249 sed
2137 1201 2276 1248 etiam
2298 1199 2422 1266 apud
2461 1257 2467 1270 Ι

408 1270 646 1320 hominem
675 1279 802 1316 extra
831 1266 1099 1316 Ecclesiam.

479 1340 620 1400 1058.
657 1332 808 1400 Qiod
829 1334 949 1383 dixit
968 1335 1098 1384 Deus
1119 1332 1180 1383 ad
1205 1333 1475 1391 Noachum,
1509 1333 1734 1400 significet
1770 1334 1900 1398 quod
1931 1333 2020 1383 hoc
2052 1331 2182 1382 sciret
2202 1332 2419 1390 Ecclesia,

403 1402 579 1453 constat
599 1418 658 1450 ex
679 1400 786 1450 serie
808 1415 980 1459 rerum,
1014 1417 1123 1466 quae
1146 1416 1242 1450 non
1263 1413 1388 1466 patet
1416 1400 1500 1449 nisi
1538 1418 1566 1449 a
1586 1399 1711 1450 sensu
1747 1401 1960 1457 interum
1994 1402 2043 1448 in
2085 1416 2183 1465 quo
2219 1400 2319 1449 haec
2359 1403 2427 1448 ita

404 1469 667 1526 cohaerent3
701 1469 908 1534 primum
933 1467 1087 1517 aetum
1109 1467 1176 1517 est
1196 1467 1256 1517 de
1272 1468 1459 1517 homine
1480 1480 1743 1534 regenerato
1764 1466 1982 1532 spirituali
2005 1469 2123 1516 intra
2137 1467 2389 1516 Ecclesiam
2402 1490 2419 1523 ς

404 1535 621 1594 secundo,
656 1535 714 1584 de
735 1535 867 1584 omni
888 1535 1076 1584 homine
1099 1536 1145 1584 in
1170 1531 1412 1592 universo}
1445 1536 1584 1584 tertio
1621 1535 1680 1583 de
1701 1536 1833 1583 omni
1855 1535 2044 1583 homine
2064 1535 2148 1599 qui
2171 1535 2422 1598 regenerari

405 1602 584 1669 potest;
617 1602 692 1651 hic
715 1601 781 1650 est
801 1601 1012 1660 clausula,
1047 1602 1177 1667 quod
1202 1618 1368 1666 nempe
1406 1601 1496 1651 hoc
1537 1600 1667 1651 sciret
1689 1601 1924 1659 Ecclesia,
1956 1601 2087 1666 quod
2108 1600 2328 1648 Noachus
2364 1600 2420 1648 sit

404 1669 622 1726 Ecclesia,
650 1670 778 1733 prius
799 1667 1026 1717 ostensum
1057 1667 1139 1726 est,
1174 1669 1226 1717 δε
1248 1669 1440 1732 quidem
1476 1669 1569 1725 hic,
1603 1668 1732 1732 quod
1763 1667 1818 1716 fit
1853 1667 2055 1718 Ecclesia
2093 1665 2334 1732 spiritualis
2371 1668 2420 1715 in

403 1739 586 1800 genere,
610 1736 718 1800 quia
739 1733 858 1783 solus
870 1734 1090 1783 Noachus
1114 1736 1403 1790 nominatum
1427 1734 1541 1797 quid
1553 1733 1681 1783 sciret
1702 1750 1827 1783 nunc
1848 1733 2061 1798 sequitur.

480 1819 618 1865 1059.
655 1801 804 1867 Qiod
819 1801 908 1848 hoc
931 1801 1115 1866 signum
1137 1799 1341 1858 foederis,
1375 1800 1505 1864 quod
1529 1801 1637 1864 Ego
1651 1801 1782 1866 erigo
1798 1801 2008 1850 interMe
2029 1799 2211 1849 &inter
2221 1815 2414 1849 omnem

402 1884 603 1925 carnem,
626 1883 734 1932 quae
757 1865 888 1932 super
908 1878 1043 1925 terra,
1067 1866 1290 1931 significet
1311 1867 1441 1931 quod
1462 1866 1688 1926 indicium
1710 1865 1963 1932 praesentiae
1981 1867 2176 1915 Domini
2201 1867 2247 1914 in
2269 1866 2415 1914 chari·-

405 1946 514 1992 tate,
548 1950 643 1982 non
664 1932 812 1982 solum
835 1933 940 1982 estet
961 1933 1086 1997 apud
1108 1933 1345 1982 hominem
1367 1933 1603 1991 Ecclefiae,
1638 1933 1714 1982 sed
1736 1934 1873 1982 etiam
1894 1933 2016 1998 apud
2033 1933 2270 1982 hominem
2291 1945 2421 1982 extra

406 2000 676 2058 Ecclesiam,
711 1998 884 2048 constat
915 2016 942 2047 a
972 1998 1300 2064 significatione
1333 2001 1486 2048 omnis
1508 2000 1670 2058 carnis,
1703 2001 1833 2064 quod
1854 2000 1911 2048 lit
1931 2001 2084 2049 omnis
2105 1999 2268 2057 homo,
2308 2015 2417 2065 pro-

405 2066 512 2117 inde
546 2065 807 2115 universum
839 2082 986 2130 genus
1007 2066 1263 2116 humanum
1283 2089 1298 2123 ;
1332 2066 1462 2132 quod
1477 2066 1539 2115 fit
1562 2066 1824 2116 universum
1856 2082 2002 2130 genus
2023 2066 2298 2124 humanum,
2322 2078 2419 2114 tam

404 2133 534 2198 quod
558 2134 676 2182 intra
697 2132 964 2190 Ecclesiam,
999 2149 1140 2198 quam
1162 2134 1290 2198 quod
1324 2146 1452 2182 extra
1467 2132 1736 2190 Ecclesiam,
1772 2133 1944 2182 constat
1972 2149 2067 2182 non
2098 2132 2246 2181 solum
2282 2147 2340 2180 ex
2361 2148 2419 2180 eo
2466 2143 2474 2151 ‘

404 2199 535 2264 quod
557 2200 735 2248 dicatur
756 2200 909 2248 omnis
930 2215 1050 2258 caro,
1086 2200 1161 2249 sed
1184 2203 1322 2249 etiam
1345 2199 1475 2265 quod
1498 2216 1591 2248 non
1614 2200 1808 2258 dicatur,
1843 2211 1897 2248 ut
1942 2201 2084 2265 prius,
2119 2201 2271 2248 anima
2310 2200 2420 2248 viva

404 2266 452 2312 in
485 2267 615 2315 omni
637 2282 800 2324 carne,
837 2263 1116 2317 manifestius
1152 2268 1290 2315 etiam
1326 2266 1533 2315 redditur
1566 2283 1650 2331 per
1685 2267 1819 2325 illud,
1853 2267 1984 2331 quod
2021 2265 2276 2331 adjiciatur,
2309 2281 2424 2330 quae-

406 2331 540 2396 super
577 2344 707 2380 terra.
777 2333 925 2398 Quod
946 2334 1180 2382 Dominus
1202 2334 1326 2398 apud
1362 2333 1465 2381 illos
1486 2334 1567 2397 qui
1590 2347 1719 2382 extra
1740 2333 2009 2391 Ecclesiam,
2043 2335 2095 2382 &
2118 2334 2291 2382 Gentes
2326 2348 2417 2381 vo·
2472 2385 2475 2389 ⁴

405 2411 582 2455 cantur,
617 2413 749 2462 aeque
770 2399 819 2445 in
840 2398 1052 2448 charitate
1074 2399 1268 2464 praesens
1284 2401 1355 2458 fit,
1390 2417 1442 2448 ac
1465 2400 1590 2465 apud
1613 2400 1714 2448 illos
1735 2402 1817 2465 qui
1836 2401 1952 2449 intra
1974 2399 2244 2457 Ecclesiam,
2281 2398 2416 2463 supra-

407 2463 587 2511 dietum
611 2464 766 2511 videas
787 2478 843 2512 n:
861 2481 971 2527 932.
1004 2483 1145 2530 1032,
1169 2468 1267 2515 imo
1290 2466 1584 2531 praesentior·‚
1617 2465 1747 2516 causa
1769 2466 1849 2524 est,
1873 2466 2002 2531 quod
2034 2479 2156 2515 tanta
2188 2465 2329 2514 nubes
2366 2467 2415 2513 in

384 2542 532 2598 ‘parte
558 2545 721 2577 eorum
744 2530 1032 2579 intellectuali
1064 2549 1157 2580 non
1180 2533 1251 2590 sit,
1286 2545 1454 2597 quanta
1488 2535 1534 2580 in
1556 2536 1795 2582 communi
1817 2533 1944 2597 apud
1982 2535 2045 2582 ita
2066 2545 2251 2581 vocatos
2278 2532 2413 2580 Chri-

404 2596 594 2652 stianos3
619 2609 774 2660 gentes
797 2597 922 2643 enim
946 2598 1157 2660 ignorant
1177 2598 1406 2655 Verbum,
1425 2615 1508 2647 nec
1532 2598 1678 2648 sciunt
1698 2600 1813 2664 quid
1828 2600 2078 2656 Dominus,
2104 2599 2296 2663 proinde
2319 2614 2414 2646 non

406 2662 553 2711 sciunt
574 2662 688 2726 quid
711 2678 875 2710 verum
915 2662 1042 2719 fidei,
1074 2680 1212 2726 quare
1255 2680 1348 2712 non
1385 2665 1569 2728 poffunt
1599 2665 1683 2713 effe
1713 2677 1870 2714 contra
1901 2666 2178 2721 Dominum,
2214 2665 2264 2712 δε
2300 2681 2411 2711 con-

407 2741 478 2776 tra
513 2745 676 2778 verum
712 2729 836 2786 fidei,
876 2728 982 2776 inde
1015 2729 1156 2776 nubes
1205 2746 1368 2779 eorum
1418 2746 1511 2779 non
1550 2730 1613 2778 est
1662 2743 1818 2779 contra
1854 2732 2116 2779 Dominum
2159 2731 2210 2778 &
2256 2731 2415 2781 contra

409 2809 572 2844 verum
608 2795 734 2851 fidei,
768 2794 870 2842 talis
905 2794 1046 2843 nubes
1084 2794 1214 2844 facile
1247 2795 1394 2860 potest
1430 2796 1592 2844 discuti
1630 2813 1738 2844 cum
1781 2796 2076 2845 illustrantur:
2118 2809 2164 2844 at
2199 2797 2412 2846 Christia-

408 2875 573 2908 norum
620 2860 762 2909 nubes
801 2861 934 2910 datur
970 2875 1126 2909 contra
1143 2864 1422 2919 Dominum,
1458 2864 1508 2910 ὅτ
1545 2875 1702 2910 contra
1739 2879 1846 2911 vera
1879 2863 2005 2920 fidei,
2038 2879 2152 2927 quaer
2178 2863 2319 2911 nubes
2350 2866 2417 2913 ita·

409 2925 598 2973 obscura
619 2927 700 2985 est,
725 2933 788 2975 'ut
813 2928 897 2976 slnt
918 2929 1112 2976 tenebrae
1131 2951 1145 2985 3
1181 2931 1231 2977 ὅτ
1255 2945 1364 2976 cum
1387 2929 1549 2976 odium
1572 2927 1635 2976 est
1658 2929 1761 2978 loco
1785 2930 2027 2992 charitatis,
2062 2942 2172 2977 tunc
2208 2930 2271 2978 est
2307 2931 2414 2978 cali-

395 2990 619 3057 ginosum
637 3014 653 3047 ς
702 2993 849 3041 adhuc
874 2997 1020 3058 magis
1054 2995 1177 3059 apud
1215 3012 1293 3043 eos
1329 2998 1409 3058 qui
1447 2996 1729 3060 prophanant
1769 3012 1878 3043 vera
1911 2995 2035 3053 fidei,
2085 2996 2214 3061 quod
2255 3010 2413 3061 gentes

407 3055 552 3104 facere
574 3073 667 3104 non
689 3059 888 3121 possunt,
921 3062 1029 3124 quia
1073 3063 1119 3108 in
1153 3063 1406 3126 ignorantia
1444 3064 1538 3109 veri
1585 3062 1692 3111 fidei
1724 3065 1925 3118 vivunt3
1970 3078 2108 3114 nemo
2134 3065 2411 3128 prophanare

410 3121 557 3186 potest
573 3123 700 3186 quod
723 3125 900 3186 ignorat
922 3126 1052 3190 quale
1074 3127 1154 3184 est,
1172 3129 1223 3176 δε
1246 3129 1375 3193 quod
1398 3129 1452 3176 fit
1473 3147 1484 3176 :
1505 3130 1605 3178 liaec
1629 3128 1757 3176 causa
1779 3128 1858 3187 est,
1883 3130 2010 3193 quod
2029 3130 2178 3193 plures
2202 3146 2260 3176 ex
2284 3130 2428 3190 Gen--

408 3190 530 3237 tibus
562 3186 802 3246 salventur,
836 3206 975 3253 quam
997 3207 1054 3240 ex
1086 3193 1346 3243 Christianis
1364 3195 1545 3308 3Yqu0d
1579 3197 1716 3244 etiam
1738 3196 1971 3244 Dominus
2004 3197 2121 3244 dixit
2165 3195 2286 3259 apud
2310 3194 2410 3240 Lu-

1449 3277 1479 3324 y
1515 3277 1540 3311 2
2124 3306 2128 3311 .
2282 3275 2383 3306 cam
2399 3276 2415 3308 ε
