2788 3736
718 343 1148 430 cA‚PUT
1250 306 1891 405 TERTi'UM.
2164 432 2168 435 ἢ
2298 368 2378 429 55

433 506 537 554 197.
574 489 662 537 Per
684 486 934 551 serpentem
958 486 1080 550 apud
1104 484 1450 560 antiquiffimOS‚
1485 483 1566 546 qui
1588 481 1772 531 fuerunt
1807 483 2008 560 coelestes
2031 475 2254 560 homines,
2272 484 2376 558 vfig-

365 556 630 611 nificabatur
653 553 1016 617 circumspestio,
1043 556 1104 599 ita
1124 551 1328 598 fimihter
1350 548 1542 595 sensuale
1564 565 1646 611 per
1667 549 1795 612 quod
1818 549 1860 595 se
1883 549 2309 613 circumsplcerent,
2329 568 2386 599 ne

362 639 402 678 a<
412 622 541 670 malis
565 631 862 675 nocerentur·,
897 618 1027 683 quod
1047 616 1219 664 constat
1241 630 1298 661 ex
1319 615 1514 660 Domini
1538 614 1687 661 verbis
1712 615 1769 661 ad
1791 613 2033 677 discipulos
2069 621 2103 645 “
2126 617 2252 664 Ecce
2272 617 2382 681 Ego

360 692 397 779 t:
430 690 569 735 mim>
996 684 1044 729 ³¹²
1082 680 1304 792 ¹1:sz
1320 678 1579 792 fflzssffiz
1606 679 2377 797 520‘43‘5‘2355320‘e3533012‘msgss

357 749 1145 881 aenlesiffi’qggifigeffiesificdgssstm
1181 827 1263 874 per
1284 826 1423 874 quern
1447 781 1754 874 significat-um
1800 762 2243 869 Sensualeffiomiffi
2279 815 2380 880 Qi

362 883 479 940 solus
502 881 708 932 Coelestis
732 880 919 935 Homo,
941 878 992 925 ὅτ
1010 877 1142 926 Solus
1166 875 1473 939 circumspicit
1489 878 1538 925 ὅτ
1562 876 1775 940 providet
1789 876 2021 934 omnibus,
2045 892 2184 944 quare
2205 880 2286 942 qui
2310 881 2377 927 in-

356 942 1330 1079 tU1319gunzIepf-tmss:sgljvagtstggtgt-Mulier
1351 1009 1413 1056 ad
1419 1009 1673 1072 serpentem,
1707 1009 1758 1057 de
1782 1009 1939 1072 frublu
1962 1010 2129 1058 arboris
2156 1010 2277 1059 horti
2310 1028 2378 1060 co—

354 1081 586 1135 modernum
621 1078 678 1130 &⁸
699 1077 749 1126 de
759 1076 915 1136 srublu
935 1075 1139 1132 Arboris,
1175 1091 1266 1139 quae
1289 1077 1335 1122 in
1356 1075 1488 1123 medio
1511 1075 1645 1132 horti,
1681 1075 1793 1123 dixit
1817 1077 1952 1133 Deus,
1987 1091 2068 1123 non
2091 1077 2307 1125 comedetis
2327 1079 2378 1126 de
2471 1113 2474 1117 .

353 1147 442 1203 illo,
456 1161 537 1197 ,nec
557 1145 746 1207 tangetis
765 1142 905 1198 illum,
938 1157 988 1189 ne
1009 1141 1106 1189 inde
1127 1143 1382 1189 moriamini.
1453 1141 1494 1188 F
1495 1142 1648 1189 rudtus
1666 1140 1858 1191 Arboris
1881 1142 2001 1189 horti
2023 1141 2087 1189 est
2109 1144 2294 1191 Bonum
2323 1146 2374 1191 ὅτ

355 1212 531 1260 Verum
555 1209 804 1257 revelatum
827 1209 879 1255 iis
913 1206 969 1254 ab
990 1208 1319 1271 Antiqulffima
1341 1206 1540 1254 Ecclesia
1559 1229 1575 1264 ς
1611 1209 1650 1255 F
1651 1208 1805 1255 ruCtus
1828 1208 2040 1264 Arboris,
2073 1224 2180 1272 quae
2211 1210 2258 1256 in
2280 1226 2376 1257 me-

350 1278 429 1326 dio
447 1277 586 1332 horti,
621 1275 679 1323 de
700 1290 796 1338 quo
827 1289 922 1322 non
944 1273 1250 1330 comederent,
1284 1272 1350 1320 est
1374 1274 1557 1320 Bonum
1573 1274 1623 1320 &
1640 1273 1820 1321 Verum
1852 1274 1978 1328 fidei,
2013 1275 2142 1338 quod
2175 1292 2269 1323 non
2297 1276 2367 1323 di-

352 1341 522 1393 scerent
543 1357 601 1390 ex
622 1341 788 1397 semet;
824 1356 917 1388 non
931 1351 1116 1403 tangere
1140 1339 1289 1396 illum,
1314 1338 1380 1386 est
1401 1338 1529 1403 quod
1559 1354 1641 1387 nec
1663 1341 1916 1403 cogitarent
1948 1340 2006 1387 de
2031 1341 2154 1388 bono
2182 1343 2234 1389 &
2261 1358 2371 1389 vero

352 1409 460 1465 fidei
495 1424 554 1456 ex
598 1406 756 1464 semet,
795 1407 873 1454 seu
906 1421 963 1453 ex
998 1404 1181 1452 sensuali
1212 1405 1263 1454 &
1301 1403 1578 1461 scientific03
1642 1407 1769 1469 quod
1815 1406 1921 1453 inde
1962 1419 2261 1465 morerentur,
2310 1408 2374 1456 est

351 1474 479 1538 quod
501 1473 562 1522 fic
579 1474 748 1538 periret
766 1472 897 1529 fides,
932 1471 1005 1519 seu
1022 1471 1174 1521 omnis
1207 1470 1418 1535 sapientia
1438 1471 1489 1519 &
1513 1470 1820 1536 intelligentia.

422 1558 440 1588 1
450 1558 528 1605 99.
554 1539 701 1605 Quod
709 1537 883 1586 fruc'tus
892 1537 1103 1595 Arboris,
1117 1554 1175 1585 ex
1188 1553 1284 1601 quo
1291 1553 1383 1584 non
1397 1537 1705 1596 comederent,
1716 1538 1942 1601 significet
1952 1537 2126 1587 bonurn
2142 1539 2312 1588 &veru
2321 1556 2370 1589 m

352 1605 459 1657 fidei
481 1607 534 1655 iis
557 1606 805 1654 revelatum
827 1604 885 1652 ab
920 1604 1248 1667 Antiquissima
1268 1602 1484 1662 Ecclesia,
1520 1603 1593 1651 seu
1622 1604 1749 1668 quod
1773 1606 2054 1668 cognitiones
2092 1606 2221 1665 fidei,
2258 1623 2370 1655 con-

351 1670 460 1719 stare
484 1671 631 1735 potest
653 1687 712 1719 ex
736 1687 808 1728 eo,
843 1670 971 1734 quod
992 1668 1165 1717 fructus
1187 1668 1355 1717 arboris
1377 1669 1497 1716 horti
1514 1669 1707 1727 dicatur,
1730 1686 1787 1718 ex
1808 1686 1904 1734 quo
1929 1671 2238 1730 comederent,
2278 1690 2374 1721 non¹

349 1749 403 1784 ut
427 1739 570 1801 prius,
604 1737 685 1785 ubi
721 1737 779 1784 de
801 1735 989 1784 Coelesti
1005 1736 1206 1792 homine,
1241 1734 1314 1782 seu
1339 1735 1663 1799 Antiquissima
1684 1736 1898 1794 Ecclesia,
1946 1738 2116 1794 adium,
2140 1739 2271 1802 Cap:
2301 1755 2367 1787 11:

350 1802 475 1851 vers:
507 1804 600 1860 16,Δ
620 1819 680 1850 ex
704 1801 886 1850 Arbore
910 1801 1028 1848 horti
1048 1824 1064 1856 ·,
1117 1801 1274 1848 Arbor
1312 1800 1448 1856 horti,
1484 1812 1537 1847 ut
1572 1800 1636 1848 ibi
1675 1802 1869 1857 dietum,
1920 1802 2144 1864 fignificat
2181 1820 2370 1868 percep-

349 1869 541 1926 tionem,
577 1883 684 1931 quae
705 1867 769 1914 est
786 1866 894 1914 boni
917 1867 968 1914 ὅτ
988 1867 1102 1923 veri,
1138 1866 1266 1930 quod
1289 1865 1464 1914 bonum
1489 1867 1540 1913 &
1563 1881 1742 1924 verum,
1778 1869 1886 1930 quia
1923 1868 2046 1925 inde,
2082 1869 2156 1917 hic
2180 1883 2372 1918 vocatur

349 1932 521 1982 fructus
539 1955 555 1990 3
590 1933 706 1980 ficut
728 1933 865 1980 etiam
887 1929 1059 1979 fruetus
1083 1931 1317 1979 multoties
1340 1931 1616 1993 significatur
1639 1933 1686 1979 in
1707 1932 1878 1980 Verbo.

417 2017 527 2050 200.
563 1997 712 2058 Quod
723 1997 881 2045 Arbor
902 1996 1098 2044 scientiae
1119 1997 1194 2044 hic
1209 1996 1384 2044 dicatur
1406 1998 1454 2044 in
1478 1997 1637 2044 medio
1660 1997 1796 2055 horti,
1834 2000 1959 2063 prius
1975 2011 2127 2048 autem
2144 2001 2270 2066 Cap:
2294 2018 2334 2050 11
2355 2022 2366 2051 :

348 2064 477 2114 vers:
502 2083 552 2130 9,
588 2064 744 2112 Arbor
759 2064 959 2111 vitarum
977 2063 1145 2111 dicitur
1165 2063 1211 2110 in
1229 2062 1384 2110 medio
1407 2063 1542 2119 horti,
1568 2065 1739 2111 nonita
1755 2063 1888 2112 arbor
1910 2065 2122 2125 scientiae,
2146 2068 2210 2114 est
2226 2068 2367 2127 causa,

347 2132 476 2196 quod
498 2130 706 2178 medium
729 2130 850 2177 horti
872 2129 1095 2192 significet
1118 2130 1371 2185 intimum3
1405 2130 1456 2177 ὅτ
1492 2130 1620 2192 quod
1655 2130 1865 2178 Coelestis
1902 2131 2101 2180 hominis
2139 2132 2212 2181 seu
2253 2136 2369 2182 anti·
2397 2148 2400 2151 ’

347 2195 810 2261 quiffimaeEcclefiae
832 2196 1051 2242 intimum
1074 2193 1210 2242 fuerit
1233 2194 1390 2243 Arbor
1404 2196 1622 2253 vitarum,
1647 2213 1754 2260 quae
1775 2196 1839 2244 est
1854 2200 2007 2245 Amor
2023 2199 2072 2246 &
2087 2199 2197 2246 'inde
2220 2200 2333 2247 fides
2347 2224 2363 2257 3

347 2261 655 2327 hujusautem
677 2262 891 2319 hominis,
926 2263 1007 2326 qui
1044 2263 1199 2310 vocari
1234 2260 1383 2325 potest
1420 2261 1562 2310 homo
1598 2263 1791 2310 coelestis
1832 2263 2085 2326 spiritualis,
2122 2264 2194 2312 seu
2235 2265 2368 2330 hujus

347 2328 646 2392 posteritatiS,‚
666 2328 874 2375 medium
896 2327 1018 2376 horti
1041 2326 1114 2375 seu
1137 2328 1372 2385 intimum,
1408 2340 1500 2375 erat
1523 2328 1650 2391 fides.
1721 2329 1941 2393 Amplius
1972 2330 2161 2378 describi
2191 2335 2364 2396 nequit,

347 2396 455 2458 quia
474 2389 805 2458 ignotissimum
827 2393 963 2442 hodie
985 2393 1066 2451 est,
1101 2394 1253 2458 quales
1275 2392 1460 2441 fuerunt
1484 2393 1566 2452 illi,
1602 2396 1682 2459 qui
1713 2391 2018 2460 antiquissimo
2054 2397 2132 2444 illo
2155 2411 2313 2462 tempo
2322 2415 2368 2447 re
2405 2400 2411 2409 ”

350 2462 604 2516 vixerunt-,-
622 2460 718 2508 ssalia
737 2459 917 2524 prorsus
939 2460 1117 2508 indoles
1137 2462 1189 2507 iis
1214 2459 1319 2518 fuit,
1354 2476 1494 2524 quam
1518 2460 1706 2524 usquam
1743 2463 1866 2526 apud
1906 2463 2102 2526 aliquem
2127 2464 2260 2511 hodie
2284 2466 2363 2512 da—

351 2538 456 2574 tur:
491 2541 599 2590 quae
617 2525 808 2582 indoles,
826 2538 880 2573 ut
900 2525 1047 2574 solum
1071 2527 1168 2575 idea
1188 2525 1284 2590 ejus
1306 2528 1521 2589 capiatur,
1578 2526 1667 2575 fuit
1701 2528 1815 2586 talis,
1851 2541 1904 2576 ut
1934 2545 1993 2576 ex
2023 2531 2156 2577 Bono
2192 2531 2364 2581 noffent

346 2593 540 2649 Verum,
565 2591 639 2638 seu
651 2607 709 2639 ex
719 2594 895 2639 Amore
907 2593 1023 2655 quid
1039 2593 1079 2640 F
1082 2593 1199 2648 idei;
1234 2605 1280 2639 at
1296 2608 1405 2640 cum
1423 2593 1665 2642 Generatio
1681 2594 1756 2642 illa
1777 2596 2016 2658 expiravit,
2040 2595 2238 2643 succesfit
2260 2592 2360 2656 alia,

348 2657 654 2721 quasiprorsus
676 2656 849 2705 diversa
870 2657 1023 2705 indole
1060 2669 1153 2705 erat
1187 2657 1243 2704 ab
1266 2659 1333 2715 iis,
1370 2675 1476 2722 quae
1500 2675 1664 2724 nempe
1704 2677 1796 2708 non
1836 2677 1894 2708 ex
1925 2661 2047 2708 bono
2069 2678 2250 2719 verum,
2285 2663 2360 2710 seu

350 2740 407 2772 ex
429 2739 582 2781 ‚amore
602 2740 710 2788 quae
733 2723 840 2771 fidei
863 2724 1015 2780 essent,
1050 2723 1205 2780 nofl'et,
1241 2722 1321 2770 sed.
1336 2740 1443 2787 quae
1465 2740 1523 2771 ex
1546 2741 1659 2772 vero
1696 2726 1824 2773 sciret
1862 2726 2054 2783 bonum,
2091 2727 2163 2774 seu
2194 2744 2250 2775 ex
2272 2729 2358 2775 illis
2402 2744 2405 2746 ·

350 2790 580 2852 qumsunt
601 2791 920 2853 cognitionum
945 2789 1054 2837 fidei
1076 2789 1203 2837 sciret
1225 2805 1331 2853 quae
1348 2789 1449 2836 sunt
1472 2793 1653 2848 amoris,
1675 2793 1727 2839 ὅτ
1750 2792 1873 2855 apud
1894 2791 2127 2856 plerosque
2141 2795 2221 2840 vix
2238 2795 2360 2842 aliud

350 2871 488 2919 quam
507 2857 640 2920 quod
661 2856 847 2903 scirent:
883 2856 982 2904 talis
1007 2857 1199 2903 mutatio
1221 2853 1335 2903 fasta
1356 2854 1421 2903 est
1443 2856 1544 2918 post
1566 2857 1813 2913 diluvium,
1839 2874 1895 2904 ne
1911 2859 2075 2920 periret
2098 2860 2313 2907 mundus.

422 2938 530 2972 201.
556 2923 679 2971 Cum
695 2924 844 2986 itaque
860 2923 958 2969 talis
979 2922 1169 2979 indoles,
1193 2921 1335 2985 qualis
1350 2919 1438 2968 fuit
1460 2924 1867 2986 antiquiffimorum
1882 2938 1983 2970 ante
1999 2924 2246 2983 diluvium,
2266 2942 2358 2975 non

351 2986 654 3041 hodie'existit
685 2989 735 3036 &
769 2990 1014 3045 invenitur,
1051 3004 1143 3035 non
1165 2986 1293 3035 facile
1315 2988 1371 3035 ad
1395 3000 1582 3050 captum
1605 2991 1772 3052 exponi
1796 2989 1959 3052 potest,
1994 2990 2108 3053 quid
2130 2992 2280 3039 Verba
2302 2994 2349 3040 in

350 3053 551 3115 genuino
572 3051 695 3101 sensu
716 3054 995 3109 involvunt,
1017 3056 1239 3101 notiflima
1261 3052 1361 3100 sunt
1386 3054 1431 3100 in
1456 3054 1610 3111 Coelo,
1650 3071 1756 3102 nam
1771 3056 1943 3118 Angeli
1966 3056 2018 3103 ὅτ
2041 3057 2233 3120 Spiritus
2249 3061 2354 3105 An-

351 3119 501 3181 gelici,
537 3119 618 3181 qui
644 3119 859 3166 dicuntur
881 3119 1099 3177 coelestes,
1135 3119 1211 3166 tali
1237 3120 1386 3166 indole
1410 3120 1527 3176 sunt,
1563 3121 1684 3184 quali
1708 3120 1890 3168 fuerunt
1913 3124 2200 3186 antiquissimi
2223 3140 2352 3187 rege-

347 3186 487 3232 nerati
526 3183 626 3231 ante
665 3184 892 3231 diluvium
915 3207 928 3240 3
956 3198 1023 3232 ‘at
1054 3185 1223 3248 Angeli
1269 3187 1319 3232 ὅτ
1356 3184 1534 3250 spiritus
1574 3188 1805 3250 Angelici‚
1854 3189 1933 3251 qui
1973 3188 2187 3236 dicuntur
2225 3189 2350 3252 spiri-

349 3250 505 3307 tuales,
542 3249 618 3296 tali
641 3249 791 3296 indole
813 3249 931 3306 sunt,
974 3251 1094 3314 quali
1117 3251 1216 3314 post
1250 3251 1496 3311 diluvium,
1531 3254 1611 3315 qui
1652 3256 1898 3317 regenerati
1915 3276 1930 3309 3
1971 3254 2036 3301 illi
2066 3256 2115 3302 ὅτ
2158 3254 2205 3301 hi
2239 3271 2348 3301 cum

351 3317 575 3373 varietate,
610 3331 716 3378 quae
740 3314 982 3363 indefinita.

2242 3403 2351 3435 202.
