2788 3736
398 214 538 320 620⁷
882 250 945 314 G
1036 247 1099 311 E
1193 246 1277 310 N
1361 245 1424 311 E
1516 245 1855 325 s-Js.

394 388 540 445 Erum,
578 387 650 436 sed
675 385 800 433 aliter
814 383 994 449 prorsus
1017 383 1058 432 se
1081 399 1149 432 res
1171 381 1319 441 habet,
1355 380 1418 431 est
1442 379 1532 445 ipse
1556 380 1716 439 home,
1751 382 1801 430 ὅτ,
1826 381 1916 446 ipse
1932 382 2109 447 spiritus
2123 389 2390 450 diabolicus,

398 456 480 518 qui
505 454 545 501 se
568 452 824 517 praecipitat
850 473 864 507 ;
901 449 976 499 sed
1011 451 1119 514 quia
1153 451 1214 497 ita
1237 461 1434 514 apparet,
1471 447 1719 496 secundum
1759 451 2082 513 apparentiam,
2098 510 2101 511 7
2116 455 2212 517 imo
2244 457 2399 506 secun„-

401 522 518 568 dum
552 519 743 566 fallacias
775 516 1001 574 sensuum,
1027 518 1088 565 ita
1106 516 1351 580 loquutum
1383 514 1446 566 est
1467 515 1514 562 in
1536 514 1709 571 Verbo,
1728 517 2013 579 ¹cumprimis
2030 533 2184 568 coram
2205 523 2397 584 Judaeis,

399 588 479 650 qui
504 585 615 633 nihil
655 583 831 648 prorsus
877 577 1034 647 capere
1074 582 1305 639 volebant,
1341 580 1423 630 nisi
1461 580 1589 644 quod
1621 581 1725 629 effer
1747 580 1996 631 secundum
2030 582 2193 644 sensus,
2227 591 2398 652 quales.

381 668 580 716 -cunque
619 650 810 699 fallaciae
842 650 1007 706 effent·,
1042 665 1178 715 quare
1211 647 1357 712 sensus
1389 647 1551 701 literae,
1584 648 1854 712 cumprimis
1894 650 2207 715 Propheticae,.
2236 644 2399 706 talibus

401 719 561 784 plenus
584 717 663 775 est,
699 717 811 765 ficut
834 717 957 781 apud
993 717 1257 778 Jeremiam‚
1278 719 1329 773 ,“
1354 714 1429 761 Sic
1463 713 1580 762 dixit
1610 714 1841 776 Jehovah,
1868 712 2073 779 judicate
2110 735 2242 779 mane
2273 718 2400 784 judi-

401 792 434 814 “
471 788 613 842 cium,
651 786 701 832 δε
733 784 891 847 eripite
908 782 1144 847 spoliatum
1183 799 1207 829 e
1245 797 1385 828 manu
1422 781 1705 845 opprefforis,
1741 798 1798 829 ne
1843 795 1971 830 exeat
2010 783 2125 832 sicut·
2139 787 2258 849 &nis
2267 788 2403 850 furor

401 859 435 881 “
472 867 616 908 meuS,
651 852 700 898 &
731 850 908 913 ardeat,
937 850 989 897 δε
1019 865 1157 897 nemo
1177 847 1482 911 exstinguenS,
1516 859 1702 911 propter
1725 847 1946 896 malitiam
1969 865 2160 914 operum
2184 855 2397 913 eorum‚'’

401 935 519 967 xxi:
565 934 634 966 12.
670 915 872 980 judicare
887 914 1120 979 judicium
1150 915 1215 962 est
1237 930 1400 962 verum
1424 913 1588 971 dicere,
1624 915 1794 978 eripere
1817 913 2058 978 spoliatum
2088 914 2277 968 emam
2311 937 2395 986 op-

400 985 603 1050 prefforis
620 983 684 1031 est
724 982 908 1031 bonum'
923 981 1147 1029 charitatis
1170 979 1344 1036 facere·,
1380 981 1501 1044 ignis
1521 995 1607 1044 pro
1623 996 1771 1043 poena¹
1785 979 1987 1030 infernali
2009 999 2169 1032 eorum
2194 988 2273 1050 qui
2296 987 2396 1037 haec

402 1069 493 1100 non
511 1050 698 1107 faciunt,
733 1049 820 1097 hoc
855 1047 935 1105 est,
970 1049 1049 1112 qui
1073 1050 1120 1094 in
1144 1045 1253 1101 falso
1274 1046 1368 1098 odii
1408 1046 1583 1109 degunt
1609 1068 1624 1102 3
1660 1048 1706 1093 in
1747 1045 1868 1094 sensu
1899 1047 2047 1096 literae.
2075 1050 2173 1098 talis
2196 1053 2315 1117 ignis
2346 1055 2397 1104 δι,-

400 1118 528 1166 furor
551 1117 763 1165 tribuitur
797 1115 1005 1176 Jehovae,
1042 1113 1112 1161 sed
1140 1115 1186 1160 in
1211 1111 1333 1160 sensu
1363 1114 1540 1160 interno
1562 1111 1742 1177 prorsus
1764 1115 2041 1162 contrarium
2065 1115 2129 1164 est
2150 1136 2161 1166 ε
2198 1118 2399 1169 similiter

399 1185 521 1249 apud
549 1182 744 1245 Joelem,
778 1182 889 1228 Dies
912 1180 1121 1241 Jehovae,
1151 1184 1184 1206 “
1209 1190 1309 1225 ante
1330 1194 1436 1224 eum
1452 1178 1654 1225 comedit
1675 1180 1808 1240 Ignis,
1835 1179 1998 1243 &post
2030 1198 2140 1229 eum
2160 1185 2398 1245 inflammat

402 1257 438 1279 ‘⁶
459 1246 691 1313 flamma,'’
713 1263 752 1294 11
775 1265 787 1295 ε
832 1263 873 1302 1,
913 1262 955 1307 3.
1028 1244 1174 1308 Apud
1198 1243 1446 1300 Davidem,
1485 1248 1519 1270 “
1544 1242 1764 1290 Ascendit
1779 1245 1938 1292 Fumus
1960 1262 2019 1293 ex
2041 1248 2144 1296 naso
2165 1251 2325 1313 Ipfius,
2345 1255 2393 1302 δε

400 1323 435 1346 “
470 1317 588 1379 Ignis
610 1329 668 1361 ex
692 1328 768 1361 ore
791 1311 933 1376 Ipsius
958 1310 1180 1367 comedit,
1206 1322 1359 1370 prunae
1392 1309 1589 1373 arserunt
1609 1325 1668 1356 ex
1689 1309 1809 1372 Ipso,
1844 1310 1896 1358 δε
1925 1311 2073 1376 caligo
2099 1313 2180 1362 sub
2202 1318 2395 1379 pedibus

398 1390 431 1412 ‘·
469 1381 660 1446 Ipfius,''
681 1378 858 1427 Psalm:
894 1393 1029 1424 xv111
1059 1395 1070 1425 ε
1109 1395 1156 1442 9,
1199 1394 1273 1426 10.
1310 1375 1456 1439 Apud
1480 1374 1661 1433 Mosen,
1700 1380 1734 1402 ‘⁶
1758 1377 1876 1439 Ignis
1897 1378 2103 1427 accensus
2127 1380 2175 1427 in
2191 1382 2255 1428 ira
2277 1399 2396 1442 mea,

400 1455 435 1478 ιι
470 1450 518 1498 gc
542 1447 709 1496 ardebit
731 1446 855 1509 usque
876 1443 936 1492 ad
948 1442 1158 1506 infernum
1181 1442 1385 1501 infimum,
1420 1458 1470 1489 ac
1503 1442 1713 1499 comedet
1727 1454 1891 1491 terram
1915 1446 1965 1494 δε
1986 1459 2264 1508 proventum
2282 1446 2394 1512 ejus,
2439 1448 2441 1450 ’

401 1522 435 1544 “
470 1516 519 1565 &
560 1513 839 1575 inflammabit
861 1508 1156 1558 fundamenta
1190 1509 1473 1564 montium,”
1506 1509 1662 1556 Deut:
1698 1524 1879 1558 xxx11:
1918 1527 1995 1559 22.
2031 1511 2111 1559 ubi
2151 1514 2270 1577 ignis
2309 1532 2396 1580 pro

397 1583 533 1639 odiis,
570 1577 727 1627 fumus
766 1594 851 1642 pro
873 1575 1006 1633 falsiS,
1039 1592 1145 1638 quae
1185 1574 1307 1638 apud
1355 1574 1589 1623 hominem
1616 1596 1630 1630 ;
1666 1590 1773 1637 quae
1808 1575 2070 1624 tribuuntur
2108 1572 2300 1639 Jehovae
2324 1581 2396 1630 seu

396 1649 622 1704 Domino,
658 1661 714 1692 ex
737 1643 875 1693 causis
891 1643 948 1690 de
980 1642 1145 1705 quibus
1169 1641 1345 1688 diElum
1371 1662 1385 1697 ;
1422 1652 1605 1703 apparet
1624 1656 1809 1704 quoque
1843 1642 1904 1690 ita
1926 1641 2128 1702 infernis,
2164 1647 2290 1709 quod
2312 1648 2392 1710 Je-

399 1714 550 1764 hovah
567 1713 639 1760 seu
656 1711 889 1759 Dominus
908 1709 994 1756 hoc
1029 1706 1179 1765 faciat,
1214 1705 1289 1761 sed
1312 1705 1493 1771 prorsus
1511 1708 1790 1755 contrarium
1814 1708 1894 1766 est,
1930 1711 1963 1756 ii
1986 1708 2088 1759 sunt
2109 1713 2189 1776 qui
2213 1712 2294 1761 fibi
2307 1713 2394 1763 hoc

397 1781 586 1836 faciunt,
623 1780 730 1843 quia
752 1779 798 1824 in
815 1776 1028 1824 odiorum
1050 1772 1386 1838 :ignibus-sunu
1418 1773 1528 1821 inde
1566 1786 1706 1838 patet,
1743 1774 1825 1823 nisi
1859 1772 2004 1823 sensus
2028 1778 2229 1826 internus
2252 1780 2416 1828 Verbi--

397 1848 572 1903 sciatur,
609 1860 750 1909 quam
773 1841 900 1903 facile
923 1842 1066 1891 homo
1089 1843 1135 1888 in
1159 1839 1409 1905 phantafias
1448 1842 1582 1905 poffit
1620 1840 1724 1888 labi.
1796 1841 2011 1890 Similiter
2035 1843 2076 1891 se
2099 1843 2257 1902 habuit
2286 1863 2395 1895 cum

398 1915 531 1963 Fumo
563 1913 613 1960 δε
638 1913 755 1975 Igne,
791 1910 869 1973 qui
888 1908 1007 1956 visus
1031 1909 1208 1972 populo
1231 1924 1255 1954 e
1289 1918 1445 1954 monte
1467 1907 1603 1965 Sinai,
1639 1921 1750 1965 cum
1788 1907 1862 1956 lex
1882 1909 2282 1974 promulgaretur;
2317 1914 2396 1975 Je-

397 1980 548 2029 hovah
570 1980 692 2026 enim
709 1976 783 2025 seu
798 1976 1031 2023 Dominus
1053 1987 1234 2038 apparet
1248 1974 1493 2037 unicuique
1517 1973 1659 2038 qualis
1683 1973 1762 2032 est,
1798 1975 1993 2039 Angelis
2011 1977 2268 2026 coelestibus
2284 1979 2397 2028 ficut

397 2047 493 2105 Sol,
530 2044 723 2108 Angelis
746 2041 1041 2107 spiritualibus
1065 2041 1177 2088 ficut
1193 2041 1346 2097 Luna,
1369 2040 1499 2088 bonis
1524 2040 1736 2088 omnibus
1759 2041 1874 2089 sicut
1896 2042 2009 2089 Lux
2026 2043 2164 2092 variae
2186 2042 2395 2108 jucundi-

396 2115 500 2161 tatis
524 2114 573 2160 &
609 2110 896 2159 amoenitatis,
923 2120 983 2155 ,at
1023 2107 1152 2154 malis
1197 2107 1310 2155 ficut
1330 2105 1487 2154 furnus
1509 2107 1558 2154 &
1582 2106 1695 2155 ficut
1735 2108 1854 2171 ignis
1881 2108 2148 2157 consumens
2168 2133 2185 2166 ·,
2218 2112 2267 2158 ὅτ
2291 2113 2400 2176 quia

396 2180 567 2241 Judaei,
605 2194 713 2225 cum
730 2174 1097 2240 promulgaretur
1119 2174 1239 2231 Lex,
1273 2173 1385 2220 nihil
1402 2173 1626 2220 charitatis
1648 2172 1885 2230 habebant,
1920 2173 1993 2223 sed
2023 2175 2145 2238 apud
2166 2192 2241 2224 eos
2266 2194 2396 2225 amor

387 2246 462 2293 ¹sui
480 2247 529 2293 ὅτ
554 2244 717 2292 mundi
751 2242 1014 2306 regnabant,
1050 2240 1240 2304 proinde
1264 2256 1356 2287 non
1370 2239 1450 2287 nisi
1475 2253 1615 2303 quam
1633 2239 1757 2299 ⁴mala
1774 2241 1821 2286 &
1841 2237 1959 2296 falsa,
1995 2240 2099 2287 ideo
2122 2239 2328 2305 apparuit
2344 2245 2396 2292 iis

397 2325 451 2359 ut
473 2312 623 2374 fumus
638 2312 687 2357 δε
703 2311 829 2372 ignis,
866 2324 973 2355 cum
1000 2308 1045 2354 in
1069 2307 1231 2369 eodem
1249 2306 1425 2353 instanti
1445 2305 1636 2369 Angelis
1659 2318 1712 2352 ut
1735 2305 1814 2352 Sol
1834 2306 1884 2353 δι’
1901 2306 2013 2353 Lux
2029 2307 2236 2367 coelestis,
2271 2311 2406 2375 quod'

398 2377 725 2440 itaapparuerit
748 2374 941 2435 Judaeis,
977 2374 1086 2435 quia
1116 2372 1239 2428 tales,
1276 2370 1447 2418 constat
1470 2371 1590 2434 apud
1621 2370 1797 2429 Mosen,
1836 2378 1870 2398 “
1895 2372 2137 2425 Habitavit
2159 2375 2304 2438 gloria
2319 2377 2398 2439 je-
2480 2383 2483 2386 ’

397 2449 434 2471 “
468 2443 606 2490 hovae
630 2441 760 2505 super
783 2452 938 2489 monte
961 2439 1110 2493 Sinai·‚
1140 2439 1190 2485 ὃς
1215 2435 1412 2501 εΐρεὲὶυε
1436 2436 1596 2500 gloriae
1619 2437 1812 2498 Jehovae
1836 2438 1948 2486 ficut
1980 2441 2097 2503 Ignis
2118 2442 2322 2490 comedens
2354 2444 2400 2492 in

402 2516 436 2537 “
472 2511 615 2573 capite
632 2508 816 2563 montis,
852 2518 953 2553 ante
969 2505 1127 2552 oculos
1151 2504 1352 2551 filiorum
1369 2503 1584 2561 Israelis,''
1626 2503 1789 2551 Exod:
1828 2521 1978 2553 xxrv:
2023 2507 2096 2563 16,
2131 2524 2201 2573 ¹7·
2245 2510 2395 2572 Apud

402 2566 636 2630 Eundem,
674 2579 708 2601 “
733 2574 877 2620 Mons
896 2572 1014 2619 Sinai
1031 2570 1233 2618 fumabat
1249 2581 1372 2635 totus
1406 2569 1497 2627 ille,
1534 2586 1687 2617 coram
1711 2571 1836 2633 quod
1856 2570 2083 2619 descendit
2107 2572 2238 2638 super
2262 2575 2394 2624 illum

401 2648 435 2669 “
471 2640 675 2703 Jehovah
700 2641 745 2687 in
768 2641 886 2701 Igne,
922 2639 971 2686 ὅτ,
995 2636 1187 2685 ascendit
1217 2635 1377 2684 Fumus
1412 2635 1529 2684 illius
1555 2636 1681 2690 ,ficut
1703 2639 1861 2698 Fumus
1884 2637 2097 2700 fornacis,
2134 2642 2183 2688 δε
2220 2635 2396 2691 contre-

401 2713 435 2737 “
470 2709 587 2755 muit
603 2719 726 2755 totus
750 2722 881 2755 mons
898 2704 1077 2760 valde,?'
1103 2703 1240 2751 Exod
1257 2721 1271 2750 2
1291 2719 1381 2751 xlx
1400 2720 1417 2765 :g
1444 2707 1518 2759 18,
1547 2704 1596 2750 &
1614 2703 1742 2759 alibi,
1790 2709 1823 2730 “
1848 2705 2100 2753 Acceffistis
2136 2707 2186 2764 ὃς
2224 2706 2400 2756 stetistis

402 2779 435 2801 “
471 2773 551 2821 sub
569 2785 740 2835 monte,
775 2788 885 2819 cum
909 2787 1040 2818 mons
1053 2771 1251 2833 flagrans
1268 2770 1383 2831 Igne,
1421 2768 1558 2831 usque
1581 2769 1637 2816 ad
1668 2785 1748 2816 cor
1770 2770 1894 2826 coeli,
1941 2772 2133 2830 tenebrae,
2168 2765 2216 2819 &
2257 2774 2399 2832 nubes,

356 2891 358 2893 ,
402 2844 436 2865 “
471 2840 519 2886 &
539 2840 701 2901 calig03
726 2840 775 2886 ὅτ
799 2839 1019 2901 loquutus
1040 2837 1102 2884 est
1118 2836 1325 2898 Jehovah
1349 2834 1406 2882 ad
1429 2851 1512 2882 vos
1528 2852 1554 2882 e
1577 2836 1707 2883 medio
1730 2837 1896 2899 Ignis,''
1920 2838 2074 2884 Deut:
2105 2837 2186 2886 lvi
2215 2855 2231 2885 1
2247 2856 2288 2895 1,
2321 2857 2397 2897 12,

407 2905 536 2968 Cap:
571 2921 635 2951 v:
680 2924 749 2968 ¹9·
777 2916 895 2960 turn,
929 2910 966 2930 “
992 2903 1184 2951 FaAEium
1216 2917 1323 2953 cum
1348 2901 1578 2961 audivistis
1603 2918 1767 2949 vocem
1799 2919 1822 2948 e
1843 2901 1999 2949 medio
2017 2903 2299 2962 tenebrarum,
2347 2907 2399 2955 δι

407 2976 440 2998 “
477 2987 609 3017 mons
636 2970 836 3032 flagrans
860 2972 982 3032 Igne,
1014 2971 1063 3016 δε
1088 2967 1402 3022 aeceffistisad
1427 2984 1518 3025 me,
1546 2969 1604 3019 ,δε
1628 2966 1832 3023 dixistis,
1868 2983 1997 3030 quare
2022 2969 2260 3028 moriemur,
2297 2974 2398 3036 quia

407 3042 439 3064 “
476 3037 652 3084 comedet
675 3052 747 3084 nos
762 3037 879 3097 Ignis
901 3052 1076 3096 magnus
1098 3036 1166 3081 hic
1193 3057 1207 3090 3
1243 3034 1275 3080 fi
1293 3033 1510 3080 addentes
1528 3048 1611 3090 nos
1628 3032 1780 3081 videre
1802 3048 1964 3082 vocem
1990 3034 2181 3095 Jehovae
2203 3037 2292 3084 Dei
2315 3054 2397 3086 no-

408 3101 483 3149 stri
505 3102 716 3165 ampliu5‚
751 3102 1202 3156 moriemur,”-Deut:
1240 3115 1298 3146 v:
1326 3115 1418 3156 20,
1455 3115 1533 3164 21,
1574 3114 1649 3144 22.
1720 3098 1934 3146 Similiter
1957 3099 1998 3147 se
2019 3099 2215 3159 haberet,
2241 3103 2273 3150 fi
2297 3105 2398 3167 quis

405 3169 531 3226 alius,
555 3171 636 3231 qui
660 3170 706 3214 in
730 3168 855 3224 odio,
882 3167 930 3214 &
954 3165 1163 3213 odiorum
1190 3164 1375 3227 spurcis,
1401 3164 1543 3226 degit,
1569 3163 1741 3211 videret
1763 3166 2040 3223 Dominum,
2066 3183 2157 3214 non
2181 3168 2306 3216 aliter
2322 3171 2396 3233 Ip-

407 3233 508 3282 sum
531 3235 685 3283 videre
702 3234 866 3299 poffet,
896 3247 1035 3297 quam
1050 3248 1107 3281 ex
1129 3230 1239 3280 odio
1261 3230 1309 3279 δι
1325 3226 1419 3293 ejus
1436 3229 1621 3294 spurciS,
1657 3230 1874 3295 quae-sunt
1890 3234 2144 3299 recipientia
2167 3234 2397 3347 radiogum

798 3328 802 3332 -
1714 3320 1719 3325 ⁸
2041 3315 2047 3317 ’
2321 3316 2403 3348 om
