2788 3736
344 245 441 307 622-
823 231 1857 303 ²GE'NESIS.

346 383 492 433 homo
525 394 605 445 per
628 377 806 442 spiritus
831 374 882 423 &
907 373 1094 438 angelos
1129 389 1155 421 a
1175 374 1389 423 Domino
1412 382 1594 439 regatur
1621 396 1636 432 ;
1665 393 1774 427 eum
1814 377 1995 442 spiritus
2018 378 2126 427 mali
2149 378 2378 444 incipiunt
2454 374 2458 378 ⁴

352 448 594 503 dominari,
631 459 741 492 tunc
780 439 929 505 angeli
965 442 1013 488 in
1041 439 1203 488 labore
1235 439 1339 488 sunt
1369 441 1600 491 avertendi
1646 443 1765 491 mala
1801 445 1853 493 δε
1893 444 2012 502 falsa,
2047 462 2194 510 ¹quare
2234 446 2382 494 existit

350 530 541 580 pugna·,
577 512 678 558 haec
707 523 863 573 pugna
898 505 978 564 est,
1013 522 1120 570 quae
1156 522 1240 570 per
1271 508 1630 570 perceptionem,
1667 507 1914 567 dictamen,
1941 512 1999 561 c&
2034 511 2375 570 conscientiam,

353 580 569 627 sentitur:
618 591 676 624 ex
715 577 785 632 iis,
822 586 927 621 tum
978 589 1004 620 a
1039 573 1379 630 tentationibus,
1405 572 1521 621 -scire
1550 573 1774 637 potuiffet
1797 574 1940 624 homo
1961 576 2210 635 manifeste,
2249 579 2380 642 quod

359 645 538 708 spiritus
567 642 618 690 δε
642 640 791 706 angeli
814 639 938 704 apud
959 655 1067 686 eum
1097 637 1215 696 sunt,
1251 639 1332 686 nisi
1366 640 1414 686 in
1437 641 1664 703 corporeis
1699 651 1823 688 totus
1859 652 2010 691 tantus
2032 644 2152 700 effet,
2187 657 2240 692 ut
2263 645 2378 692 nihii

356 711 508 758 credat
524 707 653 772 quod
670 708 837 754 dicitur
860 706 916 753 de
940 704 1163 771 spiritibus
1183 706 1233 754 &
1256 705 1425 767 angelis
1443 727 1458 761 ;
1483 722 1620 769 quare
1637 705 1762 763 taleS,
1785 707 1820 754 si
1837 706 2378 775 centiesisentirentpuga

354 792 449 833 nas,
486 773 626 838 usque
651 774 856 821 dicerent
877 773 961 819 effe
989 771 1251 836 phantafias‚
1289 773 1338 819 &
1379 772 1616 836 quoddam
1657 773 1798 821 animi
1828 785 2078 836 aegrotum,
2113 775 2242 837 quod
2267 784 2376 823 ‘cau-

354 842 501 891 satur:
523 855 716 904 pugnas
755 840 805 887 &
846 838 952 885 inde
988 837 1165 886 sensum
1186 840 1352 885 vivum
1377 838 1540 886 millies
1566 837 1745 895 millies,
1779 839 1831 887 δε
1877 837 1969 888 fere
2011 841 2228 888 continue
2257 857 2377 891 nunc

362 910 478 956 intra
499 906 676 970 aliquot
694 920 834 953 annos
857 903 1007 952 sentiri
1029 904 1142 952 mihi
1172 904 1334 952 datum
1357 903 1437 961 est,
1463 916 1566 952 tum
1588 906 1777 969 quinam
1799 905 1954 963 essent,
1978 906 2148 970 quales,
2171 906 2376 965 ubinam,

359 973 546 1038 quando
568 971 814 1028 alluerunt,
847 986 956 1018 cum
979 969 1278 1027 discesserunt,
1313 971 1363 1018 δε
1386 986 1496 1018 cum
1518 972 1570 1018 iis
1590 971 1822 1034 loquutus.
2136 1032 2138 1035 v

426 1044 534 1089 228.
571 1039 732 1104 Qam
770 1036 989 1100 exquisita
1024 1037 1257 1100 perceptio
1288 1037 1558 1101 angelorum
1597 1036 1668 1094 fit,
1719 1053 1834 1085 num
1874 1037 2045 1101 aliquid
2079 1039 2217 1086 intrat
2249 1039 2377 1103 quod

357 1117 515 1155 contra
535 1120 701 1153 verum
739 1103 847 1150 fidei
888 1102 940 1150 ὅτ
980 1102 1155 1150 bonum
1187 1103 1369 1160 amoris,
1412 1119 1506 1151 non
1529 1102 1716 1151 describi
1739 1103 1903 1167 potest,
1937 1105 2196 1167 percipiunt
2215 1105 2378 1153 millies

356 1172 461 1237 plus
484 1171 614 1235 quale
637 1170 683 1217 id
708 1168 836 1233 quod
859 1169 1009 1225 intrat,
1044 1169 1094 1216 δε
1118 1167 1304 1230 quando
1326 1170 1476 1227 intrat,
1511 1180 1650 1233 quam
1673 1168 1766 1233 ipse
1787 1168 1948 1226 horno,
1987 1171 2069 1233 qui
2098 1173 2180 1218 vix
2203 1171 2377 1234 aliquid

357 1239 490 1286 novit
512 1236 569 1284 de
591 1252 669 1284 eo:
691 1235 958 1282 .minimum
990 1235 1281 1297 cogitationis
1317 1235 1443 1298 apud
1479 1235 1718 1295 hominem
1739 1234 1803 1282 est
1825 1235 2160 1298 perceptibilius
2186 1237 2374 1300 angelis,

356 1319 498 1369 quarn
522 1300 617 1366 ejus
642 1302 920 1357 maximum,
956 1300 1083 1363 quod
1107 1299 1296 1363 quidem
1320 1300 1596 1357 incredibile,
1633 1300 1709 1348 sed
1731 1300 1795 1348 est
1816 1302 2112 1349 veriffimum.

357 1434 408 1483 aa
427 1366 696 1482 &325⁶ss
703 1386 714 1414 ²
744 1385 766 1421 ·¹
780 1384 821 1423 ¹⁹
843 1382 928 1479 ἰέἰ
961 1367 1168 1478 &im-{5
1188 1365 2194 1492 {Zi'zaffl'e''Zimssffzff‘'b‘’Eiussssiffussuossniu’
2233 1385 2371 1481 “⁷5²³ssss

356 1517 482 1565 quam
504 1469 647 1560 didisti
663 1444 1066 1555 mfflmijs-aaeaedit
1087 1498 1193 1546 mihi
1214 1498 1264 1545 de
1287 1499 1454 1556 arbore,
1487 1467 1734 1547 &uomedil
1803 1500 1867 1547 Et
1890 1499 2001 1547 dixit
2025 1450 2377 1563 Jehodalvmgeui

355 1567 538 1623 mulieri,
574 1581 703 1630 quare
724 1564 801 1611 hoc
810 1564 969 1626 ficisti,
1005 1562 1060 1612 ἔθ’
1084 1563 1197 1611 dixit
1218 1564 1384 1620 mulier,
1407 1568 1579 1627 serpens
1600 1565 1758 1626 decepit
1790 1581 1868 1621 me,
1893 1565 1948 1613 ἔθ’
1972 1564 2050 1612 edi.
2119 1565 2252 1632 Quid
2275 1565 2376 1613 haec

355 1633 626 1695 significant,
669 1647 727 1677 ex
771 1631 895 1693 prius
938 1629 1172 1692 explicatis
1203 1628 1405 1685 constat;
1457 1646 1621 1692 nempe
1658 1630 1786 1694 quod
1824 1630 2060 1678 Rationale
2098 1630 2296 1678 hominis
2327 1630 2370 1678 se

357 1697 532 1762 paffum
558 1697 614 1744 fit
653 1696 802 1758 decipi
832 1713 858 1742 a
879 1696 1066 1759 proprio
1089 1695 1217 1758 quod
1254 1697 1296 1743 ei
1332 1695 1536 1753 charum,
1567 1695 1652 1743 vseu
1681 1695 1738 1743 ab
1770 1712 1922 1743 amore
1945 1695 2027 1753 sui,
2064 1707 2118 1742 ut
2141 1696 2253 1743 nihil
2276 1712 2373 1745 cre-

357 1764 502 1820 deret,
543 1762 623 1809 nis1
662 1762 837 1808 videret
874 1762 924 1808 ἃ
962 1760 1151 1807 sentiret.
1224 1759 1432 1824 Qisque
1468 1761 1621 1808 videre
1654 1761 1817 1824 potest,
1852 1761 1982 1824 quod
2017 1761 2223 1821 Jehovah
2244 1763 2374 1810 Deus

357 1845 455 1876 non.
481 1828 738 1892 alloquutus
761 1827 815 1879 fit
838 1825 1104 1889 serpentem,
1140 1826 1190 1874 δε
1214 1825 1343 1890 quod
1358 1825 1542 1890 serpens
1564 1842 1657 1874 non
1679 1825 1832 1884 fuerit,
1857 1841 1939 1874 nec
1962 1826 2091 1889 quod
2114 1827 2374 1890 alloquutus

357 1893 561 1952 sensuale,
597 1893 730 1958 quod,
764 1909 844 1956 per
881 1892 1132 1956 serpentem
1171 1891 1467 1956 significatur,
1521 1891 1595 1939 sed
1633 1892 1762 1955 quod
1797 1891 1884 1939 alia
1915 1891 2166 1948 involvant,
2201 1899 2372 1956 'nempe

356 1960 482 2023 quod
506 1961 786 2023 perceperint
808 1957 849 2004 se
872 1958 1092 2020 deceptos
1125 1957 1209 2004 effe
1241 1973 1325 2021 per
1345 1956 1506 2014 sensus,
1542 1957 1594 2004 &
1617 1959 1724 2020 quia
1756 1956 1799 2004 se
1822 1969 2103 2013 amaverunt,
2144 1958 2272 2020 quod
2291 1963 2373 2005 cuss-

357 2026 559 2090 piverint
602 2023 870 2087 cognoscere
910 2038 1025 2069 num
1056 2038 1221 2069 verum
1257 2022 1379 2080 esset,
1417 2022 1547 2087 quod
1580 2022 1849 2070 audiverunt
1869 2021 1941 2070 -de
1963 2023 2191 2078 Domino,
2225 2023 2274 2071 ὅτ
2310 2023 2369 2072 de

357 2091 451 2139 fide
474 2092 522 2138 in
544 2089 717 2154 Ipsum,
757 2090 806 2136 δε
831 2088 891 2136 fic
915 2090 1121 2152 primum
1143 2088 1321 2136 credere
1343 2088 1583 2136 voluerint.

403 2174 456 2206 12
463 2174 540 2221 30.
578 2153 735 2219 Hujus
773 2154 1040 2219 posteritatis
1075 2154 1253 2202 malum
1288 2154 1528 2204 dominans
1565 2165 1659 2202 erat
1691 2155 1844 2202 Amor
1881 2153 1964 2211 sui,
2007 2170 2100 2202 non
2139 2155 2200 2202 ita
2238 2154 2371 2202 fimul

361 2238 491 2271 amor
511 2222 690 2335 ffindi’
731 2221 846 2269 sicut
868 2220 1034 2276 hodie,
1080 2235 1194 2268 ‘nam
1234 2221 1351 2268 intra
1374 2221 1538 2269 domos
1574 2221 1623 2268 &
1663 2218 1852 2268 familias
1875 2221 1979 2271 vixe‘
1979 2233 2104 2278 runt,
2138 2236 2220 2268 nec
2258 2237 2370 2286 opes

359 2289 516 2337 affecta
604 2300 636 2335 t.

427 2371 537 2418 231.
574 2352 761 2400 Malum
794 2352 1011 2401 Ecclefiae
1033 2353 1373 2416 Antiquissimae
1406 2357 1499 2400 n'on
1536 2351 1684 2400 solum
1721 2368 1829 2416 quae
1869 2364 1972 2400 ante
2011 2352 2258 2409 diluvium,
2292 2351 2370 2400 sed

357 2420 495 2468 etiam
532 2419 704 2469 malum
742 2418 955 2465 Ecclefiae
979 2419 1203 2482 Antiquae
1237 2435 1344 2482 quae
1381 2418 1483 2483 post
1522 2418 1769 2476 diluvium,
1809 2431 1915 2466 tum
1952 2419 2128 2466 malum
2150 2417 2368 2481 Ecclesia:

361 2485 586 2550 Judaicae,
623 2496 677 2531 ut
715 2483 764 2532 &
802 2484 906 2531 dein
941 2484 1115 2531 malum
1138 2484 1353 2532 Ecclefiae
1375 2498 1511 2532 novae
1540 2484 1615 2531 seu
1637 2486 1847 2548 gentium
1871 2484 1972 2548 post
1994 2484 2246 2532 adventum
2265 2483 2369 2532 Do·

361 2552 494 2608 mini,
529 2551 643 2598 ficut
665 2551 799 2598 etiam
820 2550 993 2597 malurn
1017 2549 1233 2598 Ecclefiae
1255 2550 1503 2608 hodiernae,
1527 2550 1606 2606 est,
1643 2563 1696 2597 ut
1718 2567 1809 2598 non
1833 2550 2017 2598 credant
2037 2550 2251 2598 Domino*
2284 2560 2365 2597 aut

358 2618 531 2673 Verbo,
575 2615 649 2666 sed
672 2616 849 2663 sibimet
873 2617 922 2663 &
946 2615 1138 2663 sensibus
1158 2615 1245 2664 suis
1264 2639 1279 2672 3
1304 2617 1409 2664 inde
1428 2617 1552 2664 nulla
1567 2616 1679 2664 fides
1694 2639 1711 2673 ·‚
1728 2617 1778 2664 ὅτ
1801 2632 1909 2664 cum
1927 2616 2051 2664 nulla
2063 2615 2194 2671 fides,
2211 2613 2365 2662 nullus

359 2699 488 2730 amor
525 2683 743 2745 proximi,
779 2682 839 2729 fic
863 2698 998 2730 omne
1032 2680 1191 2729 falsum
1231 2684 1282 2730 δε
1306 2683 1495 2730 malum.

360 2745 2237 2878 ruffi?,offioep‘sslffls‘ciefissffissaqfflwiss{2305{mmi‘ssnssssaalefflssi‘effltussississ{1¹31
2259 2745 2362 2858 sisti

358 2895 498 2943 quam
522 2881 670 2943 poffit,
712 2880 744 2925 fi
770 2879 896 2927 sciret
918 2879 1062 2926 homo
1084 2893 1253 2943 quanta
1275 2880 1427 2942 caligo
1445 2880 1567 2936 inde,
1605 2878 1945 2941 obstupesceret.

430 2962 539 3008 233.
576 2945 664 2991 Per
688 2943 925 2992 scientifica
945 2947 1176 3008 explorare
1200 2945 1407 3008 mysteria
1429 2945 1553 3001 fidei,
1585 2957 1680 2991 tam
1701 2943 1968 3006 impoffibile
1991 2942 2071 2999 est,
2097 2958 2148 2990 ac
2171 2942 2365 2990 Camelo

357 3011 518 3059 intrare
547 3026 628 3073 per
660 3008 861 3056 foramen
885 3027 1022 3066 acus3
1071 3012 1121 3058 &
1151 3022 1246 3057 tam
1279 3010 1562 3073 impoffibile,
1600 3022 1654 3057 ut
1691 3010 1755 3056 est
1791 3009 1943 3056 Costae
1982 3025 2134 3071 regere
2175 3008 2360 3055 fibrillas

357 3079 609 3140 purissimas
642 3076 832 3138 pecffmris
860 3077 909 3123 δε
934 3077 1115 3131 cordis·,
1165 3089 1256 3123 tam
1291 3077 1482 3123 craffum
1511 3078 1561 3124 &
1585 3075 1735 3123 multo
1765 3075 1912 3123 adhuc
1949 3077 2141 3131 crastiua,
2178 3073 2243 3121 est
2265 3073 2359 3120 sen-

355 3141 474 3192 suale
512 3143 562 3191 &
588 3138 888 3192 'scientificum
911 3141 1152 3206 respeffive
1177 3143 1233 3190 ad
1259 3141 1481 3207 spirituale
1504 3144 1554 3191 δε
1578 3141 1786 3191 coeleste:
1831 3143 1921 3205 equi
1961 3139 2109 3189 solum
2131 3140 2362 3187 recondita

2170 3217 2358 3261 naturae,
