2788 3736
391 327 523 400 340
895 300 1865 375 GENESLS.

392 441 538 500 stiam,
573 441 623 491 &
647 454 728 505 per
750 437 892 487 feram
915 449 1063 496 terrae,
1079 452 1194 487 nam
1217 438 1402 496 dicitur,
1437 439 1474 466 “
1496 437 1625 503 erigo
1646 435 1801 487 foedus
1825 454 1982 503 meum
2003 456 2115 490 cum
2136 440 2266 491 omni
2281 443 2393 492 Am‘·

392 524 464 555 ma
487 511 614 564 viva,
650 505 709 560 ad
731 520 884 561 avem,
918 505 977 552 ad
1001 503 1202 562 bestiam,
1231 505 1282 553 &
1305 504 1363 552 ad
1386 502 1526 552 feram
1549 505 1730 552 terrae.”
1898 521 1900 525 ‘
2028 540 2032 551 ψ.
2119 544 2124 560 ,,
2163 543 2165 545 .
2382 541 2385 545 .

468 590 604 633 1041.
640 572 694 620 In
717 571 1021 635 generationes
1047 570 1216 629 saeculi,
1252 570 1380 635 quod
1401 569 1626 635 significet
1659 582 1883 635 perpetuo
1915 575 2075 622 omnes
2108 575 2192 639 qui
2222 592 2247 623 e
2271 590 2400 629 novo

393 652 615 695 creantur,
665 636 840 686 constat
883 653 910 684 a
946 637 1272 701 significatione
1316 637 1672 700 generationum>
1709 635 1898 696 saeculi3
1949 642 2254 702 generationes
2290 641 2395 690 sunt

391 704 683 768 posteritates,
718 720 824 768 quae
844 719 870 751 a
891 702 1132 767 prioribus,
1168 716 1221 751 ut
1241 719 1267 750 a
1289 702 1375 750 suis
1408 703 1682 768 parentibus,
1718 702 1819 751 sunt
1837 725 1855 759 ·,
1889 701 2107 752 saeculum
2145 705 2214 763 esi:
2230 723 2391 772 perpe·

391 784 527 818 tuum
549 792 563 826 ς
600 771 672 818 hic
695 771 844 834 agitur
866 769 923 817 de
947 769 1033 817 illis
1056 784 1162 833 quae
1186 756 1439 833 regEnerata
1462 768 1580 826 sunt,
1615 785 1752 833 quare
1775 785 1855 833 per
1878 772 2234 834 regenerationes
2251 771 2390 822 saecu.-

390 837 422 884 li
463 836 778 899 intelliguntur
801 834 885 893 illi,
920 836 1000 899 qui
1023 835 1128 882 inde
1152 847 1372 900 perpetuo
1395 847 1727 899 regenerantur,
1763 835 1851 884 hoc
1873 835 1953 894 est,
1988 838 2070 900 qui
2102 853 2127 885 e
2150 844 2278 886 novo
2297 854 2393 889 cre-

390 915 557 959 antur,
594 903 748 952 omnia
769 902 816 957 in
841 900 963 969 sensu
987 902 1164 949 interno
1203 900 1244 949 se
1282 901 1446 949 habent
1468 901 1711 966 praedicate
1755 901 1814 950 ad
1856 902 1953 960 illa,
1986 902 2044 951 de
2086 902 2253 968 quibus
2298 907 2394 969 agi-

390 981 482 1019 tur.
2370 991 2381 1014 ·.

391 1068 393 1070 -
464 1051 603 1095 1042.
642 1035 823 1082 Arcum
846 1034 953 1082 dedi
976 1034 1022 1082 in
1046 1032 1183 1092 nube,
1219 1033 1346 1098 quod
1369 1032 1591 1098 significet
1627 1032 1793 1082 statum
1817 1034 2016 1084 hominis
2037 1031 2396 1100 regeneratigspiss

386 1101 576 1160 ritualis,
611 1103 695 1163 qui
716 1099 849 1147 instar
871 1115 998 1148 arcus
1023 1099 1146 1163 iridis
1169 1099 1232 1147 est
1254 1119 1264 1148 ε
1299 1098 1487 1164 quisque
1512 1101 1662 1147 mirari
1685 1099 1848 1163 potest,
1882 1102 2009 1164 quod
2034 1118 2162 1150 arcus
2189 1103 2236 1151 in
2273 1102 2392 1155 nube

390 1167 463 1214 seu
488 1168 580 1224 iris,
617 1168 663 1212 in
686 1165 843 1212 Verbo
864 1168 1106 1229 accipiatur
1129 1181 1213 1229 pro
1237 1162 1366 1228 signo
1389 1163 1591 1222 foederiS,
1616 1181 1725 1213 cum
1749 1166 1832 1213 Iris
1857 1182 1948 1214 non
1978 1167 2101 1214 aliud
2139 1168 2209 1224 fit,
2249 1184 2391 1232 quam

388 1233 631 1296 quoddam
655 1230 897 1294 exsurgens
921 1247 978 1278 ex
1001 1228 1338 1279 modificatione
1361 1231 1590 1279 radiorum
1614 1231 1727 1280 lucis
1751 1247 1778 1278 a
1798 1230 1888 1280 sole
1904 1245 2013 1280 tunc
2037 1234 2084 1280 in
2097 1235 2241 1297 guttis
2263 1251 2393 1298 aquae

389 1299 586 1362 pluviae,
621 1312 706 1344 nec
730 1296 854 1355 aliud
876 1312 1016 1360 quam
1043 1295 1239 1344 naturale
1262 1296 1516 1360 quoddam,
1551 1312 1633 1344 nec
1680 1297 1793 1344 ficut
1836 1297 1919 1345 alia
1955 1297 2081 1362 signa
2118 1297 2305 1351 foederis
2342 1303 2395 1350 in⁴

387 1363 604 1420 Ecclefia,
639 1362 697 1410 de
718 1361 886 1426 quibus
910 1378 1022 1410 mox
1044 1363 1168 1426 prius
1188 1380 1199 1410 ι
1237 1360 1311 1408 sed
1340 1362 1468 1426 quod
1490 1378 1618 1410 arcus
1641 1363 1692 1420 in,
1712 1362 1832 1410 nube
1855 1363 2137 1428 repraesentet
2160 1381 2390 1430 regenera-

387 1431 579 1487 tionem,
614 1429 664 1477 &
688 1428 922 1492 significet
944 1427 1109 1476 statum
1147 1428 1344 1477 hominis
1368 1430 1614 1491 regenerati
1650 1427 1903 1492 spiritualis,
1938 1445 2030 1479 non
2062 1429 2192 1479 alicui
2226 1444 2390 1480 notum

383 1496 468 1544 efle
491 1494 652 1559 potest,
688 1494 768 1542 nisi
785 1495 860 1542 cui
883 1494 1044 1542 datum
1064 1493 1238 1550 videre,
1271 1494 1321 1542 &
1346 1493 1450 1541 inde
1467 1493 1592 1551 scire,
1616 1495 1858 1558 quomodo
1874 1494 1915 1543 se
1938 1511 2006 1544 res
2021 1495 2151 1544 habet
2171 1515 2186 1546 ι
2219 1499 2393 1562 Angeli

386 1561 650 1624 spirituales,
684 1562 765 1624 qui
788 1575 946 1608 omnes
967 1558 1150 1608 fuerunt
1173 1559 1378 1608 homines
1400 1559 1615 1608 Ecclefiae
1639 1559 1876 1627 spiritualis
1898 1564 2160 1625 regenerati,
2185 1564 2231 1611 in
2255 1564 2389 1613 altera

385 1630 496 1685 vita,
531 1642 641 1675 cum
675 1626 885 1674 sistuntur
907 1625 1311 1690 conspiciendiita,
1351 1639 1534 1689 apparet
1556 1624 1731 1684 circum
1754 1639 1906 1690 caput,
1941 1627 2057 1676 ficut
2077 1645 2205 1678 arcus
2229 1630 2352 1678 iridis
2372 1654 2391 1687 ·,

385 1692 463 1750 sed
493 1693 641 1750 irides,
677 1707 783 1755 quae
815 1704 1046 1755 apparent,
1083 1691 1124 1738 se
1165 1691 1328 1738 habent
1366 1690 1545 1755 prorsus
1590 1689 1837 1740 secundum
1868 1693 2032 1740 statum
2071 1711 2246 1753 eorum,
2282 1697 2388 1746 inde

384 1761 520 1808 etiam
545 1757 881 1821 cognoscuntur
905 1759 952 1804 in
975 1757 1098 1806 coelo
1121 1758 1169 1804 ὅτ,
1195 1759 1240 1804 in
1265 1756 1442 1805 mundo
1465 1755 1720 1820 spirituum,
1755 1758 1910 1821 quales
1934 1758 2037 1806 sunt
2057 1779 2068 1808 :
2101 1761 2230 1823 quod
2253 1762 2389 1810 instar

384 1825 508 1872 iridis
531 1835 755 1888 appareat,
791 1821 916 1872 causa
937 1822 1015 1880 est,
1051 1822 1177 1887 quod
1209 1822 1424 1871 naturalia
1459 1838 1619 1870 eorum
1659 1823 2049 1888 correspondentia
2089 1824 2387 1890 spiritualibus

383 1891 518 1939 talem
543 1890 735 1954 speciem
759 1889 925 1947 sistant,
959 1888 1024 1936 est
1047 1889 1331 1938 modificatio
1353 1888 1465 1936 lucis
1490 1888 1725 1953 spiritualis
1748 1906 1774 1936 a
1795 1891 2020 1948 Domino,
2057 1891 2104 1939 in
2125 1908 2287 1952 eorum
2309 1910 2386 1951 na·.-

384 1956 601 2005 turalibus
621 1956 640 2012 3'
670 1956 716 2003 hi
757 1955 927 2020 Angeli
967 1954 1084 2013 sunt,
1119 1957 1199 2020 qui
1239 1955 1456 2003 dicuntur
1495 1956 1741 2018 regenerati
1765 1971 1879 2020 aqua
1917 1959 1967 2004 ὅτ
2003 1955 2179 2020 spiritu,
2214 1960 2385 2023 Angeli

383 2039 494 2071 vero
516 2021 718 2070 coelestes
741 2022 986 2085 regenerati
1010 2022 1129 2085 igne.
1200 2021 1252 2069 In
1277 2020 1548 2070 naturalibus
1588 2023 1649 2068 ita
1686 2020 1728 2067 se
1750 2021 1918 2078 habet,
1961 2034 2013 2069 ut
2045 2023 2171 2071 color
2207 2025 2393 2083 existat„

383 2088 519 2136 debet
551 2088 634 2135 effe
673 2087 910 2151 quoddam
951 2085 1195 2134 obscurum
1235 2088 1286 2134 ὅτ
1333 2090 1536 2143 niveum,
1590 2086 1663 2133 seu
1697 2089 1881 2150 nigrum
1918 2089 1968 2141 ἅτ
1995 2087 2166 2146 album,
2203 2091 2249 2136 in
2279 2107 2386 2154 quae

384 2170 495 2203 cum
536 2154 650 2201 radii
686 2154 798 2200 lucis
835 2169 892 2200 ex
915 2152 1020 2200 Sole
1065 2153 1288 2209 incidunt,
1331 2152 1579 2210 secundum
1619 2153 1788 2199 variam
1827 2165 2175 2216 temperaturam
2210 2155 2385 2204 obscuri

384 2223 434 2268 δι
450 2221 588 2278 nivei,
611 2218 684 2267 seu
709 2219 830 2283 nigri
851 2219 900 2267 &
915 2218 1025 2275 albi„
1043 2234 1099 2265 ex
1117 2219 1453 2266 modificatione
1477 2219 1706 2266 radiorum
1723 2218 1835 2264 lucis
1858 2220 2164 2278 influentium,
2190 2221 2385 2270 existunt

384 2286 582 2343 colores,
640 2301 840 2349 quorum
884 2285 1072 2348 quidam
1119 2285 1265 2347 magis
1317 2297 1394 2332 aut
1441 2286 1590 2332 minus
1643 2284 1831 2331 trahunt
1882 2301 1939 2331 ex
1984 2285 2268 2349 obscuro&
2314 2290 2385 2349 ni}-

381 2367 487 2415 gro,
525 2352 729 2416 *quidam
778 2352 924 2414 magis
961 2363 1038 2397 aut
1085 2351 1237 2397 minus
1291 2366 1349 2397 ex
1404 2351 1539 2397 niveo
1578 2348 1649 2397 seu
1695 2349 1813 2406 albo,
1865 2351 1970 2397 inde
2025 2351 2254 2401 diverfitas
2306 2347 2382 2402 eor

383 2434 520 2474 rum3
556 2418 860 2480 comparative
882 2415 924 2463 se
946 2416 1077 2463 habet
1100 2433 1167 2463 res
1201 2417 1248 2463 in
1287 2415 1603 2480 spiritualibus,
1640 2415 1700 2463 ibi
1740 2415 2000 2464 Obscurum
2038 2417 2102 2465 est
2140 2422 2380 2483 proprium

382 2483 680 2531 intellefimale
719 2481 791 2530 seu
825 2479 1002 2539 falsum,
1040 2484 1089 2529 ὅτ
1112 2483 1317 2545 Nigrum
1357 2481 1420 2529 est
1457 2483 1696 2546 proprium
1729 2482 2036 2530 voluntarium
2070 2484 2265 2533 hominis
2308 2485 2386 2534 seu-

382 2550 581 2607 malum,
611 2549 739 2613 quod
762 2547 962 2596 absorbet
984 2550 1034 2595 &
1056 2547 1303 2612 exstinguit
1333 2548 1480 2595 radios
1512 2547 1660 2604 lucis;
1696 2560 1741 2596 at
1779 2549 1989 2596 Niveum
2035 2550 2084 2597 &
2109 2551 2289 2599 Album
2319 2552 2383 2602 est

385 2632 548 2664 verum
588 2616 639 2663 &
674 2615 848 2663 bonum
887 2614 1013 2677 quod
1063 2613 1206 2661 homo
1244 2626 1374 2677 putat
1418 2612 1560 2662 facere
1607 2631 1664 2661 ex
1704 2613 1857 2671 semet,
1909 2615 2036 2678 quod
2093 2617 2281 2664 reflecti-t
2328 2619 2378 2665 &

383 2680 526 2745 &ejicit
560 2698 587 2730 a
618 2679 659 2728 se
692 2681 837 2729 radios
871 2680 1016 2737 lucis5
1051 2680 1164 2728 radii
1186 2680 1315 2736 luciS,
1349 2681 1430 2743 qui
1460 2683 1506 2728 in
1531 2680 1605 2728 illa
1624 2679 1849 2737 incidunt,
1885 2681 1935 2727 &
1964 2681 2040 2728 illa
2074 2682 2198 2744 quasi
2229 2682 2379 2729 modi?

382 2746 545 2804 ficant,
572 2746 673 2795 sunt
695 2765 719 2795 a
741 2748 963 2802 Domino,
1001 2758 1053 2793 ut
1086 2762 1112 2793 a
1134 2746 1236 2793 Sole
1275 2745 1502 2809 sapientiae
1537 2748 1585 2794 δε
1627 2746 1956 2808 intelligentiae,
1988 2761 2095 2794 nam
2121 2747 2233 2793 radii
2265 2746 2381 2797 lucis

384 2813 617 2875 spiritualis
651 2829 741 2860 non
765 2813 838 2860 alii
877 2812 994 2869 sunt,
1026 2828 1107 2860 nec
1141 2812 1353 2860 aliunde:
1386 2813 1489 2874 quia
1511 2812 1724 2859 naturalia
1758 2810 2104 2873 correspondent
2143 2811 2384 2875 spiritualir—

385 2877 485 2933 bus,
520 2879 624 2925 inde
647 2879 733 2934 est,
763 2895 871 2926 cum
905 2879 1024 2926 circa
1058 2878 1298 2925 hominem
1334 2890 1646 2941 regeneratum
1686 2876 1988 2938 spiritualem„
2014 2878 2069 2924 in.
2101 2878 2234 2925 altera
2265 2881 2382 2937 vita,

383 2943 557 2991 sistatur
590 2946 655 2990 ita·
678 2944 948 3000 videndum,
1000 2944 1126 3007 quod
1164 2955 1369 3007 appareat
1417 2942 1558 2990 su'nile
1595 2942 1717 2989 arcui
1764 2942 1810 2988 in
1845 2941 1991 2998 nube,
2031 2945 2112 3006 qui
2151 2960 2279 2992 arcus
2314 2946 2385 2993 est

384 3008 712 3072 repraesentatio
742 3009 1043 3072 spiritualium
1075 3010 1122 3055 in
1155 3007 1249 3071 ejus
1281 3007 1583 3055 naturalibus:
1638 3006 1758 3070 apud
1796 3006 2030 3056 hominem
2065 3024 2383 3073 regeneratum.

381 3074 655 3139 spiritualem
676 3073 739 3120 est
762 3075 1000 3137 proprium
1024 3073 1340 3129 intellectuale,
1359 3074 1433 3120 cui
1452 3073 1683 3120 Dominus
1705 3072 1893 3120 insinuat
1913 3074 2235 3133 innocentiam,
2272 3077 2375 3126 cha-

381 3144 567 3190 ritatem.
594 3142 647 3188 ὅτ
679 3139 1061 3195 misericordiam,
1115 3136 1362 3185 secundum
1400 3139 1704 3202 receptionem
1738 3138 1902 3186 horum
1936 3140 2163 3188 donorum
2197 3142 2253 3189 ab
2292 3144 2373 3191 ho-

380 3209 521 3264 mine,
557 3218 742 3270 apparet
773 3203 869 3269 ejus
909 3206 999 3262 iris,
1036 3220 1144 3251 cum
1174 3203 1336 3250 sistitur
1359 3204 1571 3260 videnda,
1608 3205 2069 3270 eospulchrior,.quo
2099 3209 2243 3270 magis
2268 3225 2373 3270 pro-

376 3278 533 3339 prium
575 3272 884 3328 veientanum
915 3270 1111 3320 hominis
1138 3282 1393 3330 remotum,
1421 3270 1675 3330 subactum„
1708 3273 1822 3322 &in
1852 3270 2117 3338 obsequium
2144 3267 2378 3328 redactum

2296 3342 2381 3394 est..
