2788 3736
586 303 963 372 CAPUT
1010 302 1557 369 DECIMUM
1604 301 2168 391 QUARTUM.
2274 329 2453 394 557*

399 445 481 503 est,
515 455 568 493 ut
590 444 807 500 nullum;
844 442 950 491 mali
981 442 1028 491 in
1051 441 1240 507 ipsamet
1260 439 1337 488 sua
1373 439 1468 487 vita
1508 439 1626 498 sunt,
1662 457 1768 488 cum
1812 441 2159 506 aggrediuntur,
2195 446 2411 493 continue

399 507 522 560 eni'm
547 515 739 575 cupiunt
762 515 977 575 perdere;
1013 509 1123 556 boni
1146 509 1193 555 in
1216 505 1403 571 ipsamet
1427 506 1502 553 sua
1524 508 1618 553 vita
1641 507 1758 564 sunt,
1795 523 1904 554 cum
1930 510 2162 556 neminem
2194 512 2407 575 aggredi-

399 589 554 634 untur,
585 579 635 625 &
666 592 774 625 cum
802 575 934 623 usum
956 574 1163 639 praestare
1195 573 1380 638 possunt
1402 572 1511 620 alios
1544 588 1570 619 a
1593 573 1721 619 malis
1744 571 2044 621 defendendo.
2082 612 2115 636 --

475 646 613 704 1684.
649 645 704 691 In
739 642 856 690 valle
880 641 1078 698 Siddim,
1114 640 1240 705 quod
1274 639 1496 703 significet
1525 639 1844 697 immundum,
1881 640 2052 688 constat
2083 640 2140 689 ab
2178 642 2265 691 illis
2296 659 2404 708 quae

399 710 529 774 supra
567 711 625 758 ad
654 709 778 757 vers:
816 726 862 772 3,
898 707 958 755 de
985 707 1105 754 valle
1127 706 1325 764 Siddim,
1359 706 1410 753 &
1435 706 1555 772 mari
1571 703 1685 760 saliS‚
1721 705 1841 753 dicta
1862 705 1979 754 sunt.

472 778 611 840 1685.
649 778 772 824 Cum
807 773 1164 823 Kedorlaomero
1200 788 1306 836 rege
1328 772 1487 828 Elam,
1519 771 1570 819 &t
1591 770 1812 831 Thideale
1854 788 1961 836 rege
1989 773 2167 831 Goiim,
2204 777 2254 824 &
2277 778 2400 825 Am-

398 843 575 906 raphele
599 859 706 907 rege
729 841 956 897 Schinear‚
990 841 1041 888 &
1065 837 1275 905 Arjocho
1298 855 1406 903 rege
1427 836 1613 895 Ellasar,
1646 837 1776 900 qu'od
1816 837 2039 900 significet
2078 856 2183 888 vera
2206 844 2256 891 ὅτ
2281 843 2399 891 bona

399 910 449 956 in
473 910 677 957 Externo
699 909 927 964 Homine,
964 906 1135 964 constat
1172 922 1231 954 ex
1265 904 1591 969 significatione
1628 902 1879 951 eorundem
1927 906 1972 951 in
2009 908 2137 954 vers:
2183 925 2221 958 1.
2267 907 2405 973 hujus

396 989 449 1022 ca
483 988 570 1022 1t1s.
1391 1004 1397 1006 a
1525 988 1531 992 ·
1601 1014 1605 1018 ,

447 991 615 1103 ond
638 1041 966 1090 Kedorla'omer
992 1050 1074 1089 rex
1097 1040 1235 1088 Elam
1265 1037 1490 1103 significet
1505 1053 1629 1094 vera,
1665 1038 1716 1084 &
1741 1036 1935 1086 Thideal
1965 1053 2044 1084 rex
2070 1038 2228 1088 Goiim
2263 1040 2403 1100 bona„

396 1109 451 1156 &
480 1110 631 1155 caeteri
663 1124 771 1172 quae
795 1108 919 1163 inde,
955 1106 1128 1153 constat
1149 1121 1208 1153 ex
1225 1118 1298 1162 eo,
1332 1104 1462 1167 quod
1485 1104 1559 1152 hic
1591 1103 1679 1151 alio
1717 1104 1875 1151 ordine
1915 1103 2221 1171 recenseantur
2258 1108 2401 1157 iidem

394 1174 549 1238 Reges
571 1189 621 1221 ac
643 1172 773 1237 supra
796 1171 921 1220 vers:
938 1173 982 1220 ἰ.
1008 1171 1072 1218 ibi
1089 1172 1227 1220 tertio
1250 1171 1370 1228 loco,
1405 1170 1481 1218 hic
1504 1170 1657 1234 primo
1678 1170 2006 1218 Kedorlaomer
2040 1187 2119 1218 rex
2140 1173 2276 1219 Elam
2296 1196 2310 1229 ;
2341 1176 2399 1223 -&

392 1239 459 1286 ibi
481 1250 644 1303 quarto
666 1239 786 1295 loco,
822 1237 896 1285 hic
920 1237 1116 1285 secundo
1138 1236 1335 1284 Thideal
1359 1252 1439 1283 rex
1469 1237 1659 1283 Goiim:
1718 1236 1782 1282 est
1804 1237 1980 1282 Verum
2024 1239 2155 1300 quod
2187 1241 2398 1302 primum

395 1304 461 1352 est
484 1321 676 1370 pugnae,
712 1321 768 1353 ex
791 1304 918 1350 Vero
940 1305 1064 1351 enim
1088 1315 1335 1367 pugnatur,
1371 1318 1478 1349 nam
1517 1317 1577 1348 ex
1617 1301 1741 1348 Vero
1781 1301 1978 1349 noscitur
2022 1304 2135 1366 quid
2160 1302 2320 1353 falsum
2344 1308 2396 1355 δε

391 1372 507 1435 quid
542 1372 734 1428 malum,
769 1385 905 1434 quare
937 1386 1111 1434 pugnae
1134 1370 1242 1416 tales
1264 1366 1484 1431 nusquam
1510 1367 1706 1415 existunt
1728 1381 1968 1431 antequam
2008 1368 2152 1417 homo
2190 1371 2396 1421 imbutus

391 1437 458 1484 est
479 1435 670 1485 scientiis
690 1439 740 1485 δε
763 1437 1102 1499 cognitionibus
1124 1437 1222 1483 veri
1241 1435 1301 1502 ,δε
1324 1433 1450 1490 boni,
1486 1433 1591 1480 inde
1613 1449 1695 1496 per
1715 1434 2144 1492 Kedorlaomerum,
2180 1439 2260 1500 qui
2299 1441 2395 1502 pri-

392 1518 476 1551 mo
498 1503 603 1551 loco
623 1503 698 1550 hic
719 1506 997 1559 nominatur,
1033 1501 1311 1564 significatur
1331 1499 1510 1546 Verum
1533 1500 1662 1562 quod
1678 1497 1767 1546 fuit
1790 1500 1911 1563 apud
1935 1501 2231 1558 Dominum;
2267 1505 2396 1567 quod

389 1568 773 1683 {³3⁰}3e53-2‘3t
802 1583 871 1680 ‘231
887 1566 1405 1695 ῡὲἓέῗὲἓῗῗῖήῗέῗέἓ
1425 1565 1569 1694 8ξέ
1580 1564 1647 1678 ,ῗῗ
1668 1565 2396 1699 ἶὲεῖὲῗςῗὴέῗωῖἓὲὲᾚὲἑὲἰῗ

389 1701 520 1765 quod
543 1701 736 1748 Thideal
752 1670 839 1747 ’rex
861 1698 1040 1764 Gojim,
1076 1697 1150 1744 seu
1179 1697 1409 1761 gentium,
1426 1696 1649 1760 significet
1671 1689 1889 1755 Bonum,
1926 1701 1975 1747 ὅτ
1998 1699 2126 1762 quod
2149 1703 2302 1750 caeteri
2324 1673 2394 1751 re:

392 1783 474 1831 ges
497 1783 603 1814 vera
625 1769 675 1814 δι
700 1766 832 1822 bona,
867 1781 976 1829 quae
1009 1764 1112 1811 sunt
1133 1765 1253 1811 inde.

465 1834 604 1882 1686.
642 1833 858 1896 Qatuor
880 1847 1009 1896 reges
1033 1846 1143 1878 cum
1165 1831 1384 1894 quinque,
1419 1829 1548 1893 quod
1586 1829 1809 1894 significet
1849 1830 2014 1880 horum
2054 1833 2289 1891 unionem,
2341 1835 2392 1884 &

392 1898 575 1946 illorum
608 1897 910 1954 disunionem,
946 1896 1147 1945 constare
1162 1895 1309 1961 potest
1324 1896 1686 1960 afignificatione
1707 1910 1920 1961 quatuor,
1946 1900 1996 1946 &
2019 1915 2044 1945 a
2066 1899 2397 1963 significatione

294 1987 299 1992 ·
390 1967 625 2029 quinque·,
648 1978 842 2028 quatuor
865 1964 1119 2028 fignificant
1139 1965 1358 2011 unionem
1381 1964 1488 2026 quia
1510 1965 1652 2026 paria,
1686 1964 1799 2011 ficut
1833 1981 2019 2029 quoque
2043 1965 2138 2013 duo
2161 1982 2270 2014 cum
2294 1966 2394 2031 spe-

393 2033 516 2078 ctant
557 2030 771 2098 conjugia
808 2047 978 2087 rerum,
1013 2043 1067 2078 ut
1104 2046 1289 2094 quoque
1319 2028 1604 2079 observatum
1642 2045 1700 2078 n:
1739 2046 1868 2094 7²03
1903 2034 2105 2095 quinque
2127 2045 2281 2080 autem
2303 2032 2396 2080 dis·
2490 2086 2492 2089 ξ

388 2100 605 2145 unionem
628 2100 734 2162 quia
755 2114 937 2162 parum,
972 2109 1026 2145 ut
1047 2095 1273 2145 ostensum
1295 2112 1347 2145 n:
1368 2096 1483 2161 649,
1518 2095 1560 2144 se
1583 2095 1748 2144 habent
1770 2098 1925 2145 omnia
1945 2098 2190 2162 praedicate
2210 2098 2268 2146 ad
2290 2116 2391 2148 rem
2410 2156 2414 2158 ¹

386 2163 445 2210 de
467 2179 558 2226 qua
579 2167 741 2227 agitur.
2361 2219 2363 2221 .

463 2230 601 2293 1687.
637 2229 762 2278 Vers
770 2249 798 2279 ε’
817 2246 889 2278 ιο.
926 2233 991 2279 Et
1014 2231 1146 2279 vallis
1166 2230 1327 2279 Siddim
1342 2232 1468 2292 putei
1498 2233 1623 2292 putei
1660 2231 1911 2286 bituminis·,
1963 2231 2020 2280 Es?
2054 2230 2268 2293 fugerunt
2313 2248 2389 2281 rex

388 2296 570 2342 Sodomae
590 2295 646 2343 &
669 2297 867 2353 AEnorae,
889 2297 946 2346 δ’
969 2298 1202 2345 ceciderunt
1225 2298 1303 2354 ibi,
1328 2297 1384 2346 &
1400 2296 1552 2356 residui
1570 2299 1616 2344 in
1636 2308 1811 2346 montem
1823 2297 2047 2360 fugerunt.
2118 2297 2261 2344 Vallis
2284 2298 2388 2356 Sid-

387 2360 485 2407 dim
510 2363 636 2423 putei
658 2364 785 2424 putei
807 2362 1058 2420 bituminis,
1093 2363 1317 2428 significat
1350 2363 1648 2414 immundum
1685 2361 1926 2411 falsitatum
1962 2364 2013 2411 ὅτ
2052 2363 2389 2427 cupiditatum:

386 2427 437 2473 δε
461 2424 678 2489 fugerunt
700 2443 779 2475 rex
799 2428 1016 2476 Sodomae
1039 2431 1090 2477 &
1112 2433 1308 2478 Amorae
1331 2431 1381 2477 &
1422 2429 1685 2477 ceciderunt
1727 2430 1807 2487 ibi,
1843 2429 2066 2492 significat
2103 2431 2231 2494 quod
2271 2431 2386 2481 mala

386 2492 439 2538 &
461 2490 566 2539 falsa
589 2492 665 2540 illa
686 2494 836 2541 victa:
872 2495 923 2542 &
945 2494 1108 2541 residui
1131 2495 1179 2542 in
1202 2508 1411 2544 montem
1434 2494 1673 2559 fugerunt,
1697 2496 1919 2560 significat
1936 2497 2063 2560 quod
2081 2513 2178 2543 non
2192 2512 2381 2553 omnes,

385 2573 520 2605 mons
539 2558 603 2606 est
625 2575 753 2606 amor
775 2558 840 2607 sui
869 2560 920 2606 ὅτ
952 2560 1130 2607 mundi.
2356 2596 2357 2599 η

459 2627 598 2674 1688.
634 2625 777 2672 Vallis
801 2626 983 2673 Siddim
1029 2626 1156 2688 putei
1178 2627 1322 2688 putei,
1369 2625 1446 2673 seu
1483 2626 1616 2689 plena
1648 2627 1802 2690 ⁴puteis
1835 2626 2091 2684 bituminis,
2135 2628 2263 2691 quod
2295 2628 2385 2692 fig-

381 2691 538 2739 nificet
561 2691 860 2739 immundum
899 2690 1143 2739 falsitatum
1178 2696 1228 2741 &
1267 2691 1590 2754 cupiditatum,
1641 2692 1812 2740 constat
1852 2708 1881 2738 a
1916 2690 2243 2755 significatione>
2268 2695 2382 2741 Sid-

383 2757 499 2815 dim,
556 2758 684 2820 quod
724 2758 778 2806 fit
826 2758 1155 2815 immundum,
1205 2757 1262 2805 de
1300 2774 1391 2821 qua
1422 2756 1554 2821 supra
1592 2758 1650 2804 ad
1690 2758 1816 2806 vers:
1845 2776 1896 2820 3:
1950 2771 2053 2813 tum
2097 2775 2122 2805 a
2159 2759 2381 2823 significa·

382 2825 504 2886 tione
538 2838 801 2886 puteorum,
853 2825 983 2888 quod
1018 2825 1104 2872 fint
1126 2822 1332 2871 falsitates
1350 2859 1366 2881 ,
1417 2825 1468 2871 δε
1508 2824 1745 2870 bituminis
1782 2824 1907 2887 quod
1957 2824 2045 2871 sint
2081 2827 2380 2889 cupiditates;

344 2924 348 2927 .
381 2890 508 2950 putei
529 2904 752 2938 vocantur
774 2889 980 2938 falsitates
1011 2906 1070 2937 ex
1094 2890 1334 2938 immunda
1371 2905 1504 2953 aqua,
1539 2890 1588 2938 ὅτ
1627 2889 1835 2938 bitumen
1873 2891 2140 2954 cupiditates
2179 2908 2240 2941 ex
2258 2892 2382 2942 faedo

382 2952 623 3015 sulphureo
644 2957 803 3004 nidore
825 2959 871 3004 in
894 2957 971 3004 tali
994 2973 1121 3021 aqua.
1869 2961 1873 2966 ’

456 3022 594 3083 1689.
631 3022 779 3084 Qod
799 3022 1015 3087 fugerunt
1045 3040 1125 3070 rex
1161 3023 1380 3070 Sodomae
1419 3024 1470 3070 δε
1494 3025 1708 3079 Amorae,
1743 3025 1793 3071 &
1831 3023 2093 3072 ceciderunt
2127 3025 2206 3081 ibi,
2242 3026 2380 3088 signi-

382 3085 488 3132 ficet
518 3085 647 3148 quod
671 3087 786 3133 mala
808 3090 859 3135 ὅτ
896 3088 1000 3137 falsa
1037 3090 1122 3136 illa*
1151 3090 1289 3147 νίἑὶει,
1325 3088 1496 3137 constat
1515 3105 1583 3148 „ex
1614 3089 1938 3152 significatione
1970 3091 2188 3138 Sodomae
2223 3094 2273 3138 ὅτ
2308 3094 2382 3138 A-

379 3167 542 3207 morae,
579 3151 705 3214 quod
730 3152 814 3199 fint
839 3155 956 3200 mala
989 3156 1313 3218 cupiditatum,
1350 3157 1400 3203 &
1440 3154 1545 3203 falsa
1573 3155 1923 3219 persuasionum,
1979 3156 2036 3203 de
2083 3172 2172 3218 qua
2213 3155 2377 3219 supra,

379 3217 452 3264 hic
484 3232 563 3264 rex
588 3217 805 3264 Sodomae
830 3219 878 3265 &
905 3222 1099 3266 Amorae
1132 3238 1217 3283 pro
1252 3222 1468 3269 omnibus
1500 3223 1628 3269 malis
1668 3223 1717 3269 ὅτ
1760 3221 1874 3270 falsis
1913 3223 2051 3268 etiam
2083 3237 2164 3284 per
2192 3235 2378 3268 caeteros

377 3299 504 3350 reges
528 3283 813 3346 significatis:
848 3296 952 3331 tum
974 3300 1030 3331 ex
1053 3284 1378 3347 significatione
1402 3287 1558 3350 fugere
1583 3290 1631 3335 δε
1657 3288 1829 3344 cadere,
1866 3286 1991 3351 quod
2018 3286 2070 3334 sit
2095 3289 2231 3333 vinci.
2263 3351 2293 3398 6

2236 3369 2254 3399 1
2293 3369 2379 3417 90.
