2788 3736
684 286 1175 352 CAPUT
1269 273 2016 350 OCTAVUM.
2277 306 2403 370 251

377 428 558 476 turbam
582 425 742 475 talium
775 424 1016 489 spirituum
1058 423 1139 481 est,
1179 421 1345 487 quibus
1379 421 1543 468 abaffis
1578 419 1652 468 seu
1689 418 1891 483 dispersis
1931 419 1986 466 fit
2011 417 2135 483 quasi
2182 417 2405 475 serenum,

377 494 507 559 quod
531 495 811 558 principium
848 493 912 539 est
949 490 1250 555 dispositionis
1291 489 1502 536 omniurn
1542 489 1589 533 in
1629 486 1851 533 ordinem.
1925 488 2194 549 Antequam
2230 486 2405 550 aliquid

377 562 426 608 in
448 561 657 608 ordinem
697 560 934 622 redigitur,
971 558 1397 606 communissimum
1421 553 1503 610 est,
1528 553 1658 617 quod
1681 555 1888 616 primum
1914 554 1960 599 in
1985 551 2226 600 confusum
2249 554 2402 618 quod-

362 628 505 685 dam,
541 627 663 691 quasi
689 627 839 682 chaos,
877 625 1152 688 redigantur,
1191 625 1253 669 ita
1275 635 1383 685 quae
1407 621 1523 667 male
1547 620 1794 676 cohaerent,
1821 621 2127 677 dissociantur,
2152 637 2261 684 quae
2285 636 2399 668 cum

377 693 609 742 dissociata
631 693 748 750 sunt,
785 705 895 740 tunc
919 690 1118 755 disponit
1140 689 1373 736 Dominus
1394 686 1473 734 -illa
1496 688 1542 734 in
1568 685 1809 741 ordinem;
1847 689 2099 750 comparari
2129 686 2215 734 hoc
2251 686 2400 750 potest

376 777 484 809 cum
513 761 599 807 illis
621 777 728 822 quae
751 758 947 806 existunt
969 759 1018 804 in
1041 766 1216 812 natura,
1253 754 1331 802 ubi
1362 769 1548 818 quoque
1570 753 1728 800 omnia
1767 753 1821 799 δε·
1859 752 2033 816 singula
2071 755 2117 800 in
2154 753 2396 802 confusum

375 827 614 891 quoddam
630 828 755 890 prius
772 825 1059 887 rediguntur,
1079 836 1323 886 antequam
1339 821 1670 884 disponuntur;
1689 818 1770 866 nisi
1781 819 1997 882 procella:
2014 817 2163 867 forent
2180 822 2227 867 in
2245 835 2394 870 atmo-

375 894 563 958 sphaera,
573 909 680 958 quae
696 893 952 954 diffiparent
964 889 1277 953 heterogenea,
1289 887 1508 952 nusquam
1528 886 1798 934 serenaretur
1820 901 1909 942 aer,
1934 884 2009 932 sed
2027 901 2396 937 coacervarentur

375 959 583 1025 pestifera
602 961 649 1006 in
668 958 943 1023 perniciem:
980 955 1185 1003 similiter
1224 957 1270 1003 in
1299 970 1492 1019 corpore
1508 954 1729 1009 humano,
1755 952 1837 1000 nisi
1858 952 2014 1000 omnia
2031 951 2273 1016 sanguinis,
2300 967 2394 1002 tam

374 1029 685 1091 heterogenea,
709 1040 847 1089 quam
871 1023 1173 1087 homogenea,
1199 1022 1414 1070 continue
1437 1023 1487 1069 δε
1502 1036 1585 1084 per
1599 1021 1722 1068 vices
1735 1020 2014 1068 confluerent
2035 1021 2160 1084 prius
2183 1022 2231 1067 in
2247 1037 2396 1068 unum

374 1095 488 1151 Cor,
512 1095 564 1142 δι
587 1093 649 1140 ibi
671 1089 1071 1147 confunderentur,
1097 1089 1271 1153 liquida
1294 1088 1716 1152 conglutinarentur
1738 1087 1784 1134 in
1799 1087 2063 1151 perniciem,
2099 1088 2149 1136 ὅτ
2174 1087 2395 1151 nusquam

373 1160 549 1225 singula
570 1157 915 1222 disponerentur
942 1156 1155 1204 'distinete
1178 1156 1235 1204 ad
1260 1154 1361 1204 suos
1391 1154 1525 1203 usus:
1562 1156 1624 1203 ita
1645 1169 1830 1219 quoque
1865 1153 1907 1202 se
1931 1153 2066 1202 habet
2089 1154 2213 1219 ap'ud
2242 1155 2393 1203 homi·

371 1244 478 1275 nem
511 1225 884 1290 regenerandum.
955 1223 1103 1289 Qod
1144 1235 1326 1280 ventus,
1363 1224 1410 1270 in
1450 1221 1593 1286 specie
1616 1223 1793 1269 Ventus
1830 1221 2072 1277 orientalis,
2119 1221 2230 1270 nihil
2268 1222 2393 1271 aliud

311 1335 318 1340 .
369 1293 607 1358 significet,
632 1307 773 1357 quam
798 1290 1118 1356 dispersionem
1142 1288 1357 1338 falsorum
1397 1290 1447 1337 δε
1473 1289 1717 1345 malorum,
1753 1287 1826 1336 seu
1859 1288 1987 1354 quod
2012 1288 2138 1336 idem
2175 1289 2257 1346 est,
2293 1305 2390 1337 ma·

368 1361 524 1408 lorum
552 1359 793 1424 spirituum
813 1359 863 1406 &
888 1361 1149 1422 geniorum,
1175 1358 1224 1405 δε
1246 1357 1360 1404 'dein
1385 1354 1723 1420 dispositionem
1751 1356 1797 1402 in
1821 1355 2046 1411 ordinem,
2082 1355 2280 1404 constare
2306 1372 2389 1421 po-

370 1426 455 1475 test
477 1429 522 1475 in
547 1426 710 1474 verbo:
746 1437 800 1473 ut
829 1425 951 1490 apud
977 1424 1174 1482 Esaiam,
1214 1429 1247 1450 “
1265 1421 1512 1488 Disperges
1534 1439 1627 1480 eos,
1653 1423 1702 1470 ὅτ,
1719 1424 1879 1470 Ventus
1901 1419 2070 1469 auferet
2093 1439 2186 1480 eos,
2211 1423 2260 1470 δι
2276 1425 2388 1471 Pro-

371 1499 406 1522 “
440 1494 541 1542 cella
565 1492 791 1558 dissipabit
813 1509 921 1548 eos·,
956 1493 1007 1541 &
1043 1505 1093 1539 tu
1126 1490 1350 1539 exultabis
1374 1490 1422 1538 in
1446 1490 1670 1551 Jehovah,
1707 1491 1755 1537 in
1778 1489 1946 1537 San&o
1968 1487 2133 1537 Israelis
2167 1490 2390 1554 gloriabe-

367 1562 443 1619 ris,
461 1562 490 1582 ”
513 1577 626 1608 xm:
677 1561 747 1609 16.
784 1559 864 1607 ubi
889 1557 1101 1624 dispersio
1123 1569 1413 1622 comparatur
1434 1570 1590 1615 vento,
1618 1558 1666 1605 &
1691 1556 1916 1621 diffipatio
1937 1556 2166 1620 procellae,
2191 1573 2299 1621 quae
2325 1557 2390 1605 est

369 1628 624 1690 malorum;
650 1639 760 1674 tunc
774 1627 856 1690 qui
870 1626 1116 1691 regenerati
1134 1624 1400 1675 exultabunt
1417 1625 1464 1671 in
1479 1623 1700 1686 jehovah.
1772 1623 1921 1687 Apud
1934 1623 2181 1681 Davidem,
2212 1629 2245 1651 ‘⁶
2263 1625 2387 1671 Ecce

369 1699 405 1722 “
440 1710 567 1758 reges
590 1693 631 1741 se
646 1705 1001 1757 congregarunt,
1027 1693 1325 1739 transiverunt
1340 1707 1444 1748 una,
1464 1692 1495 1737 ii
1511 1691 1738 1747 viderunt,
1754 1689 1814 1737 sic
1830 1689 2126 1754 obstupefaffi
2141 1690 2259 1748 sunt,
2278 1707 2388 1738 con·

371 1766 405 1788 “
440 1759 525 1808 fusi
550 1759 666 1816 sunt,
702 1758 981 1816 festinarunt,
1017 1770 1160 1807 terror
1196 1757 1493 1822 apprehendit
1521 1773 1597 1804 eos
1639 1757 1719 1813 ibi,
1768 1756 1902 1804 dolor
1923 1757 2038 1804 ficut
2082 1760 2383 1820 parturientis,

370 1831 405 1854 “
440 1843 520 1890 per
542 1829 722 1874 Ventum
746 1826 1007 1874 Orientalem
1032 1823 1342 1887 confringe8,’'
1365 1839 1562 1871 xtvnr:
1603 1841 1649 1887 5,
1675 1824 1722 1880 6,
1753 1838 1798 1887 7,
1827 1828 1869 1872 8.
1909 1823 1982 1870 hic
2007 1823 2271 1871 describitur
2294 1836 2383 1871 ter-

367 1909 444 1940 ror
466 1894 516 1940 &
541 1890 763 1949 confusio,
801 1894 847 1939 in
870 1908 966 1956 quo
989 1890 1091 1938 sunt
1114 1907 1173 1938 ex
1197 1892 1352 1938 Vento
1375 1889 1611 1947 orientali3
1648 1889 1894 1955 descriptio
1926 1889 2025 1940 haec
2056 1889 2112 1938 ab
2133 1890 2238 1948 illis,
2273 1907 2382 1955 quae

366 1960 486 2007 fiunt
519 1959 566 2007 in
598 1959 775 2006 mundo
807 1958 1067 2024 spirituum,
1104 1957 1310 2005 desumta
1341 1957 1421 2015 est,
1475 1963 1581 2005 n'am
1618 1955 1765 2004 sensus
1804 1958 2006 2004 internus
2032 1957 2175 2004 Verbi
2208 1958 2283 2005 illa
2311 1959 2382 2005 in-

365 2025 528 2074 volvit.
601 2025 749 2089 Apud
783 2026 1048 2086 Jeremiam,
1086 2029 1119 2051 ‘⁶
1144 2025 1291 2073 Ponet
1315 2036 1480 2073 terram
1503 2040 1664 2072 eorum
1705 2025 1751 2071 in
1791 2023 2039 2088 stuporem,
2074 2024 2189 2072 sicut
2225 2027 2385 2073 Ventus

366 2097 401 2120 ‘⁶
437 2092 655 2140 orientalis
678 2091 932 2156 dispergam
956 2108 1032 2139 eos
1056 2107 1211 2139 coram
1234 2090 1385 2148 hoste;
1421 2093 1595 2142 cervice
1619 2092 1668 2138 δε
1691 2107 1783 2138 non
1817 2088 2015 2138 faciebus
2048 2089 2280 2155 respiciam
2304 2108 2383 2138 eos

367 2164 402 2187 “
439 2160 484 2207 in
508 2160 582 2206 die
605 2160 728 2205 exitii
753 2176 932 2217 eorum,
949 2160 977 2180 ”
1008 2175 1139 2206 xviii
1161 2177 1171 2206 :
1221 2160 1295 2216 16,
1329 2175 1400 2223 17.
1438 2158 1511 2206 hic
1535 2157 1740 2206 similiter
1768 2171 1932 2206 ventus
1955 2158 2181 2206 orientalis
2202 2174 2287 2223 pro
2312 2158 2380 2206 di-

364 2226 584 2289 spersione
638 2225 866 2274 falsorum.
936 2226 1110 2273 Similia
1152 2224 1526 2290 repraesentantur
1563 2242 1643 2289 per
1682 2226 1890 2272 Ventum
1929 2225 2228 2282 Orientalem‚
2285 2242 2381 2290 quo

365 2292 639 2340 exsiccatum
665 2308 786 2340 mare
797 2292 941 2357 Suph,
979 2306 1031 2340 ut
1054 2293 1138 2340 filii
1159 2292 1328 2340 Israelis
1353 2293 1603 2349 transirent,
1640 2293 1700 2358 de
1722 2309 1817 2356 quo
1842 2293 1889 2339 in
1912 2292 2087 2340 Exodo
2110 2294 2186 2350 ita,
2227 2297 2259 2319 ‘⁶
2279 2292 2380 2340 Ab—

366 2363 400 2390 ‘-‘
436 2358 569 2409 duxit
592 2359 799 2419 Jehovah
825 2376 946 2407 mare
977 2360 1135 2424 Suph,⁴
1158 2376 1242 2424 per
1263 2363 1442 2408 Ventum
1472 2360 1732 2409 Orientalem
1766 2360 2080 2408 vehementem
2114 2372 2209 2407 tota
2232 2360 2378 2417 nofte,

366 2429 401 2452 “
436 2424 487 2472 &
523 2425 673 2488 posuit
709 2442 829 2473 mare
860 2428 906 2473 in
942 2426 1131 2484 siccum,
1168 2428 1218 2474 &
1254 2426 1389 2479 sciffae
1419 2426 1521 2475 sunt
1545 2424 1753 2490 Aquae,’'
1781 2443 1894 2474 xiv:
1938 2444 2012 2476 21.
2048 2427 2177 2493 quod
2218 2427 2380 2475 similia

363 2491 674 2555 repraesentata
706 2492 792 2539 sint
815 2509 895 2555 per
914 2509 1049 2556 aquas
1073 2496 1207 2541 maris
1231 2493 1376 2558 Suph,
1412 2510 1463 2541 ac
1500 2494 1574 2541 hic
1613 2493 1860 2557 significata
1898 2510 1978 2559 per
2022 2510 2157 2558 aquas
2180 2494 2380 2549 Diluvii,

361 2558 535 2606 constat
567 2559 687 2614 inde,
723 2559 851 2622 quod
873 2559 1105 2623 AEgyptii‚
1154 2575 1236 2625 per
1273 2576 1390 2624 quos
1426 2561 1533 2607 mali
1572 2559 1887 2624 repraesentati,
1937 2560 2148 2609 submersi
2189 2561 2291 2617 sint,
2326 2561 2377 2607 δε

363 2625 445 2672 filii
484 2625 649 2672 Israelis
673 2642 753 2688 per
776 2642 892 2688 quos
927 2629 1191 2688 regenerati,
1226 2639 1279 2672 ut
1320 2627 1395 2674 hic
1435 2627 1672 2680 Noachus,
1708 2626 1990 2691 transgressi3
2043 2643 2213 2691 perque
2255 2643 2378 2673 mare

359 2691 505 2756 Suph,
530 2692 645 2740 sicut
667 2709 748 2756 per
771 2693 1021 2749 diluvium,
1059 2693 1290 2739 damnatio
1314 2705 1367 2740 ut
1389 2693 1439 2740 δε
1464 2696 1666 2750 tentatio,
1703 2695 1764 2740 ita
1786 2710 1869 2756 per
1884 2691 2092 2740 Ventum
2113 2693 2375 2741 orientalem

361 2758 581 2822 diffipatio
604 2775 822 2822 aquarum
848 2758 920 2806 seu
947 2758 1172 2806 malorum
1207 2759 1526 2816 damnationis,
1562 2773 1640 2807 aut
1676 2760 1964 2815 tentationis;
2018 2772 2070 2808 ut
2099 2777 2282 2824 quoque
2320 2775 2379 2808 ex

361 2825 553 2872 Cantico
586 2826 731 2874 Mosis
755 2826 994 2890 postquam
1027 2822 1274 2890 transgressi
1315 2825 1432 2883 sunt,
1469 2825 1657 2883 constat,
1696 2826 1858 2873 Exod:
1888 2843 1974 2874 xv:
2018 2840 2044 2873 ι·
2066 2827 2125 2873 ad
2156 2845 2230 2892 19,
2256 2828 2306 2875 δε
2329 2845 2377 2874 a·

359 2891 458 2954 p'ud
481 2891 675 2949 Esaiam,
714 2898 747 2919 “
771 2892 1033 2940 Devovebit
1050 2893 1258 2954 Jehovah
1281 2892 1487 2956 linguam
1505 2894 1640 2940 maris
1656 2893 1873 2958 AEgypti,
1910 2896 1959 2940 ὅτ
1984 2894 2170 2958 agitabit
2187 2910 2378 2941 manum

362 2963 396 2985 “
431 2956 554 3003 suam
578 2958 708 3021 super
730 2960 972 3008 flumenin
1009 2960 1293 3009 vehementia
1316 2962 1443 3007 Venti
1482 2959 1564 3017 sui,
1601 2962 1912 3024 percutietque
1958 2960 2074 3007 illud
2118 2963 2164 3008 in
2203 2961 2376 3024 septem

361 3030 395 3052 “
431 3024 634 3077 flumina,
659 3025 720 3072 =&
745 3028 865 3074 viam
902 3025 1035 3073 faciet
1069 3028 1116 3074 in
1141 3026 1329 3083 calceis;
1365 3040 1468 3074 tum
1493 3028 1575 3074 erit
1615 3026 1769 3073 semita
1792 3027 2000 3091 Reliquiis
2037 3028 2198 3092 populi
2215 3028 2374 3092 Ipsius,

361 3095 395 3118 “
429 3092 509 3153 qui
533 3089 732 3137 residuus
754 3093 838 3138 erit
861 3091 917 3138 ab
941 3092 1164 3152 Aschure,
1201 3094 1599 3157 quemadmodum
1624 3092 1712 3140 fuit
1736 3091 1901 3150 Israeli,
1938 3110 2047 3141 cum
2072 3094 2321 3142 ascenderet
2352 3110 2375 3139 e

360 3163 394 3184 “
428 3170 545 3204 terra
567 3156 817 3218 AEgypti,''
841 3174 893 3203 xi
916 3177 926 3205 ε
960 3176 1034 3220 15,
1058 3161 1148 3222 26.
1186 3161 1265 3208 ubi
1295 3160 1452 3208 semita
1475 3161 1675 3225 reliquiis
1699 3160 1862 3226 populi
1886 3161 2049 3210 residui
2074 3161 2130 3211 ab
2154 3159 2373 3218 Aschure,

354 3240 440 3292 pro
464 3221 752 3287 dispositione
775 3223 822 3270 in
846 3223 1068 3272 ordinem.
1134 3226 1137 3228 ’

1350 3360 1398 3405 K
1424 3358 1459 3407 k
1495 3377 1522 3408 2
1892 3328 1909 3335 I
2270 3362 2380 3423 843.
