2788 3736
305 2875 335 2906 ᾳ

736 283 1170 349 CAPUT
1266 282 1930 350 OCTAVUM.
2244 313 2385 377 κῃ

371 418 609 468 dicantur:
643 417 774 481 quod
799 413 1073 465 manifestius
1097 413 1298 464 constare
1326 413 1475 478 potest
1507 412 1565 462 ab
1587 414 1656 462 his
1679 430 1786 479 quae
1809 430 1932 464 nunc
1956 413 2204 481 sequuntur
2225 418 2283 470 de
2306 436 2393 469 nu·

369 502 499 535 mero
526 487 695 549 viginti
719 484 903 549 septem.

439 571 550 617 901.
588 553 736 616 Qod
773 551 990 615 septimus
1020 551 1071 599 ὅτ,
1117 549 1366 615 vigesimus
1401 547 1498 596 dies
1538 548 1763 612 significet
1799 547 2018 607 sanctum,
2054 550 2160 599 inde
2199 553 2392 613 constat,

374 623 483 685 quia
507 619 788 684 compositus
811 618 875 666 est
898 635 955 666 ex
992 617 1136 666 tribus
1170 619 1218 664 in
1252 616 1294 665 se
1339 616 1409 663 bis
1449 614 1779 679 multiplicatis,
1821 618 1905 664 tria
1940 618 1986 664 in
2027 616 2069 664 se
2092 618 2392 684 multiplicata

369 686 472 735 sunt
494 703 684 744 novem,
725 686 775 735 δι
799 686 900 736 haec
923 700 1095 733 novem
1136 685 1303 732 iterum
1333 698 1415 746 per
1437 683 1523 730 tria
1545 682 1847 746 multiplicata
1883 682 1987 730 sunt
2008 685 2175 748 viginti
2199 686 2390 753 septem,

367 770 507 818 quare
529 756 576 802 in
599 752 686 802 hoc
710 767 903 801 numero
925 763 1117 816 regnant
1138 751 1252 806 tria,
1289 752 1350 798 ita
1367 749 1686 813 Antiquissimi
1709 748 2011 812 supputabant
2034 750 2134 798 suos
2152 769 2386 814 numeros,

365 819 418 868 δε
448 838 528 885 per
560 821 661 869 illos
687 820 797 867 nihil
829 819 910 866 nifi
949 834 1090 882 quam
1130 833 1200 865 res
1239 815 1581 880 intelligebant:
1617 815 1748 880 quod
1771 818 1858 862 tria
1887 816 2010 864 idem
2052 818 2310 882 significent
2333 839 2387 872 ac

367 887 557 952 septem,
599 887 798 936 constare
819 884 966 950 potest
990 883 1047 932 ab
1085 884 1188 941 illis,
1225 900 1331 947 quae
1354 899 1468 931 mox
1490 884 1616 947 prius
1640 882 1760 930 dicta
1800 880 1902 930 sunt
1922 901 1933 929 ε
1972 882 2101 930 causa
2123 901 2281 934 arcana
2303 890 2383 947 est,

370 956 499 1019 quod
522 955 751 1003 Dominus
775 952 1060 1000 resurrexerit
1072 953 1163 999 Die
1177 951 1366 1006 Tertio,
1390 948 1486 1014 ipsa
1503 950 1695 998 Domini
1720 949 2004 998 Resurrectio
2028 951 2226 1000 involvit
2248 970 2390 1004 omne

371 1022 590 1078 sanetum,
624 1021 676 1069 δε
696 1021 909 1068 omnium
938 1017 1322 1074 resurrectionem,
1369 1033 1508 1080 quare
1546 1017 1594 1064 in
1625 1015 1825 1064 Ecclefia
1849 1016 2039 1078 Judaica
2071 1034 2289 1068 numerus
2313 1022 2388 1071 hic

369 1089 756 1152 repraesentativus
777 1084 924 1133 sacius
947 1085 1027 1142 est,
1061 1086 1199 1149 inque
1222 1083 1379 1132 Verbo
1400 1083 1464 1132 est
1486 1082 1691 1140 sm&us;
1726 1084 1930 1131 similiter
1957 1100 2008 1131 ac
2043 1085 2090 1132 in
2115 1086 2268 1143 Coelo,
2308 1089 2391 1138 ubi

366 1157 548 1208 numeri
587 1154 717 1210 nulli,
756 1153 833 1200 sed
857 1152 958 1200 loco
981 1153 1096 1200 Tria
1128 1153 1180 1200 &
1220 1152 1407 1215 Septem
1447 1151 1546 1199 idea
1568 1152 1831 1198 communis
1865 1150 2014 1198 sancia
2033 1151 2388 1204 Resurrectionis

367 1223 419 1282 ἃ,
443 1222 688 1270 Adventus
710 1220 907 1268 Domini
927 1237 936 1266 :
978 1219 1108 1283 quod
1131 1220 1244 1267 Tria
1279 1220 1329 1267 δε
1354 1219 1541 1283 Septem
1575 1217 1722 1266 sancta
1747 1218 2019 1281 significent,
2067 1219 2240 1268 constat
2264 1238 2290 1270 a
2322 1222 2386 1271 se-

370 1284 610 1354 quentibus
633 1321 635 1323 >
658 1287 771 1335 locis
810 1288 858 1335 in
896 1287 1087 1341 Verb03
1130 1285 1253 1351 apud
1277 1284 1462 1343 Mosen,
1511 1290 1546 1312 “
1569 1286 1787 1349 Tangens
1826 1297 2067 1333 mortuum
2115 1288 2389 1338 immundus

371 1362 407 1384 ‘⁶
442 1358 603 1419 Septem
635 1354 797 1411 diebus,
832 1353 907 1402 hic
943 1353 1143 1417 expiabit
1179 1352 1221 1401 se
1263 1351 1342 1401 illo
1381 1354 1428 1401 in
1452 1354 1542 1400 Die
1562 1353 1725 1410 Tertio,
1757 1353 1807 1400 &
1841 1353 1929 1400 Die
1967 1355 2151 1415 Septimo
2183 1357 2389 1416 mundus

350 1429 404 1476 ,“
437 1425 547 1470 erit:
589 1422 640 1470 δε
679 1422 710 1468 fi
734 1437 828 1469 non
851 1422 1101 1485 expiaverit
1138 1418 1181 1469 se
1203 1421 1250 1468 in
1276 1421 1363 1468 Die
1378 1420 1541 1476 Tertio,
1582 1419 1633 1466 δε
1658 1421 1705 1466 in
1728 1421 1816 1468 Die
1842 1421 2023 1481 Septimo
2063 1437 2157 1468 non
2183 1424 2386 1473 mundus

369 1495 405 1518 “
438 1491 536 1538 erit.
576 1514 577 1517 =
607 1489 708 1554 Qi
743 1490 892 1552 tangit
925 1485 1182 1536 confossum
1218 1486 1392 1552 gladio,
1441 1499 1519 1535 aut
1555 1499 1815 1543 mortuum,
1856 1498 1934 1534 aut
1971 1502 2023 1534 os
2062 1487 2276 1547 horniniS,
2309 1503 2389 1541 aut

371 1562 406 1586 “
440 1555 748 1620 sepulchrum,
789 1556 1060 1603 immundus
1098 1556 1185 1603 erit
1209 1556 1369 1617 Septem
1393 1555 1533 1610 Dies·,
1570 1552 1745 1618 sparget
1785 1554 1986 1601 mundus
2018 1553 2151 1618 super
2182 1557 2390 1606 immun·

370 1629 406 1654 “
438 1623 554 1672 dum
579 1625 625 1671 in
650 1625 738 1671 Die
760 1623 922 1680 Tertio,
972 1622 1020 1671 &
1054 1623 1100 1670 in
1124 1624 1212 1670 Die
1234 1623 1432 1684 Septimo,
1471 1622 1522 1668 δε
1546 1621 1746 1684 expiabit
1767 1637 1875 1668 eum
1910 1622 1956 1668 in
1980 1623 2070 1669 Die
2090 1622 2301 1685 Septim03
2335 1624 2389 1673 &t

371 1695 406 1719 “
440 1690 609 1739 lavabit
629 1689 771 1737 vestes
794 1689 908 1746 suaS,
944 1690 995 1738 ὅτ
1018 1689 1169 1737 abluet
1193 1688 1234 1736 se
1251 1690 1298 1736 in
1321 1690 1464 1752 aquis,
1489 1687 1539 1735 &
1564 1687 1766 1734 mundus
1790 1688 1875 1734 erit
1898 1689 1944 1734 in
1969 1687 2199 1751 vespera,’'
2223 1690 2384 1740 Num:

365 1774 480 1806 xxx.
532 1774 596 1805 11:
646 1773 721 1814 12,
778 1757 852 1813 16,
901 1774 973 1820 ¹9·
1024 1754 1155 1819 quod
1207 1755 1305 1803 haec
1344 1753 1704 1818 repraesentativa
1764 1753 1866 1810 lint,
1924 1753 1997 1802 seu
2039 1755 2165 1818 quod
2201 1769 2385 1806 externa

369 1823 624 1888 significent
647 1825 833 1879 interna,
875 1820 1106 1870 manifeste
1144 1821 1334 1875 constat,
1374 1833 1428 1868 ut
1466 1821 1594 1884 quod
1634 1818 1905 1868 immundus
1936 1822 2042 1868 esset
2080 1823 2159 1885 qui
2183 1825 2387 1886 tetigerit

370 1903 628 1946 mortuum,
664 1888 939 1945 confossum,
986 1905 1038 1936 os
1061 1888 1277 1945 hominis,
1317 1886 1623 1952 sepulchrum,
1663 1903 1770 1951 quae
1799 1888 1954 1934 omnia
1987 1889 2034 1934 in
2058 1887 2181 1936 sensu
2207 1891 2386 1938 interno
2452 1944 2458 1947 ,

368 1957 625 2022 significant
662 1956 859 2004 hominis
898 1956 1096 2021 propria,
1133 1971 1241 2019 quae
1282 1967 1461 2003 mortua
1492 1955 1542 2002 &
1582 1954 1847 2019 prophana:
1895 1966 1998 2001 tum
2037 1971 2220 2019 quoque
2255 1958 2386 2020 quod

368 2024 535 2072 lavaret
559 2023 616 2079 se,
653 2024 699 2070 in
731 2024 876 2087 aquis,
912 2025 962 2070 δε
986 2021 1114 2085 quod
1146 2024 1193 2069 in
1215 2021 1397 2086 vespera
1431 2021 1666 2076 mundus;
1709 2022 1770 2068 ita
1790 2036 1976 2085 quoque
1999 2021 2094 2068 dies
2117 2024 2292 2079 tertius,
2331 2025 2384 2072 δε

370 2085 466 2139 dies
490 2090 707 2154 septimus
731 2088 1081 2154 repraesentativi
1106 2088 1223 2145 sunt,
1267 2087 1566 2152 fignificantes
1590 2086 1811 2145 sanetum,
1843 2089 1954 2152 quia
1989 2089 2037 2135 in
2068 2089 2154 2136 illis
2179 2091 2383 2154 expiare-

370 2170 462 2215 tur,
499 2157 550 2205 &
589 2155 651 2205 fic
691 2157 893 2205 mundus
925 2157 1041 2204 esset.
1111 2156 1348 2212 Similiter,
1423 2156 1470 2202 ui
1498 2154 1727 2203 redierunt
1749 2171 1775 2202 a
1799 2154 1958 2219 praelio
1981 2166 2138 2203 contra
2162 2156 2385 2206 Midiani-

370 2237 454 2282 tas,
493 2224 550 2271 de
587 2224 772 2288 quibus,
809 2228 844 2250 “
866 2223 964 2271 Vos
988 2222 1362 2271 castrametamini
1415 2223 1504 2270 oris
1542 2234 1673 2269 extra
1710 2220 1850 2269 castra
1878 2224 2040 2284 Septem
2071 2224 2196 2278 Dies,
2232 2225 2384 2272 omnis

374 2297 410 2319 “
443 2292 527 2354 qui
564 2290 735 2339 occidit
756 2291 972 2347 animam,
1013 2289 1063 2338 ὅτ
1103 2291 1255 2338 omnis
1293 2290 1373 2354 qui
1413 2290 1567 2352 tetigit
1605 2286 1895 2344 confoffum3
1948 2287 2186 2351 expiabitis
2225 2306 2310 2338 vos
2334 2292 2383 2339 in

351 2358 354 2359 ⁷
375 2363 410 2385 “
449 2359 538 2404 Die
558 2359 721 2414 Tertio,
746 2358 796 2404 &
818 2358 866 2404 in
881 2358 969 2404 Die
990 2358 1223 2420 Septimo,''
1246 2357 1408 2405 Num:
1434 2371 1575 2404 xxxr:
1609 2370 1680 2417 19.
1718 2355 1766 2402 Si
1788 2355 1878 2403 hoc
1894 2353 2041 2402 solum
2065 2356 2224 2403 rituale
2247 2355 2384 2417 foret,

371 2424 423 2472 δε
445 2424 541 2470 dies
575 2424 733 2470 tertius
757 2425 804 2471 &
831 2422 1048 2487 septimus
1071 2441 1164 2472 non
1189 2422 1578 2488 repraesentativus
1602 2423 1653 2470 δε
1687 2421 2014 2486 significativus
2046 2422 2182 2470 sancti
2206 2422 2279 2472 seu
2301 2440 2382 2472 ex·

371 2490 598 2554 piationis‚
633 2487 751 2537 fore‘t
780 2502 1016 2538 mortuum
1039 2491 1170 2553 quid,
1205 2491 1319 2538 ficut
1340 2490 1469 2556 quod
1492 2489 1655 2553 absque
1678 2488 1822 2547 causa,
1854 2489 1906 2537 δε
1937 2489 2064 2537 causa
2086 2489 2250 2553 absque
2273 2491 2382 2549 fine,

370 2558 446 2605 seu
482 2556 596 2604 ficut
633 2556 880 2619 separatum
918 2573 942 2603 a
978 2556 1103 2604 causa
1141 2558 1191 2604 ὅτ
1224 2557 1323 2604 haec
1361 2574 1387 2604 a
1428 2555 1508 2603 suo
1545 2557 1652 2612 fine,
1699 2557 1763 2603 ita
1806 2572 2094 2619 nequaquam
2136 2558 2382 2605 Divinum.

372 2623 521 2689 Qod
544 2624 656 2671 Dies
676 2624 860 2670 Tertius
898 2623 1287 2686 repraesentativus
1322 2620 1474 2676 fuerit,
1509 2623 1561 2670 ὅτ
1585 2624 1647 2669 ita
1668 2621 1993 2686 significativus
2018 2622 2168 2679 sancti,
2210 2624 2383 2671 constat

371 2688 600 2738 manifeste
636 2690 692 2736 ab
714 2689 938 2737 Adventu
961 2690 1156 2736 Domini
1194 2688 1327 2751 supet
1363 2701 1573 2736 montem
1595 2689 1734 2745 Sinai,
1775 2689 1832 2736 de
1854 2705 1950 2752 quo
1983 2690 2045 2735 ita
2075 2703 2381 2753 praeceptum,

371 2762 408 2784 ⁸‘
439 2758 576 2806 Dixit
598 2756 806 2818 Jehovah
835 2757 890 2803 ad
915 2755 1100 2812 Mosen,
1140 2756 1212 2803 abi
1235 2755 1291 2802 ad
1315 2755 1565 2819 populum,⁴
1602 2757 1649 2801 δι
1670 2755 1889 2820 [απὲῗῇἱεα
1912 2771 2005 2812 eos,
2036 2755 2172 2802 hodie
2193 2756 2245 2804 δε
2268 2773 2382 2815 cras,

377 2828 411 2850 ‘⁸
446 2837 499 2870 ut
520 2824 680 2885 lavent,
695 2823 837 2871 vestes
861 2821 973 2879 suam,
1010 2825 1060 2870 δε
1085 2822 1170 2870 fint
1193 2824 1335 2887 parati
1358 2821 1416 2868 ad
1442 2823 1570 2869 Diem
1587 2820 1796 2877 Tertium,
1829 2822 1939 2885 quia
1961 2823 2007 2869 in
2033 2824 2121 2869 Die
2132 2827 2173 2871 Y
2171 2826 2278 2871 ertio
2302 2825 2381 2872 de-

377 2893 411 2915 “
447 2889 625 2938 scendet
646 2890 853 2952 jehovah
877 2891 923 2937 in
947 2889 1093 2937 oculis
1117 2890 1266 2937 omnis
1292 2888 1453 2953 populi
1476 2887 1608 2952 super
1625 2900 1833 2935 montem
1852 2889 2024 2946 Sinai,’'
2066 2888 2204 2943 Exod
2224 2908 2235 2938 ε
2261 2907 2378 2939 xxx:

382 2973 456 3012 10,
499 2973 574 3011 11,
616 2974 693 3020 15,
736 2954 807 3003 16.
843 2957 1062 3004 Similiter
1090 2957 1216 3020 quod
1241 2955 1379 3018 Josua
1418 2955 1619 3002 tranfiret
1643 2955 1894 3015 Jordanem
1920 2955 1991 3002 die
2014 2956 2164 3012 tertio,
2205 2956 2262 3005 de
2285 2974 2383 3022 quo

376 3022 452 3077 ita,
490 3027 524 3048 “
559 3022 783 3086 Praecepit
799 3023 950 3084 Josua.
986 3025 1164 3080 transite
1188 3040 1269 3088 per
1292 3022 1500 3069 medium
1524 3021 1788 3078 castrorum,
1824 3021 1876 3068 &
1914 3023 2149 3086 praecipite
2188 3025 2380 3087 populo,

376 3094 413 3115 “
447 3087 659 3143 dicendo,
693 3102 842 3151 parate
865 3090 997 3136 vobis
1019 3092 1258 3145 viaticum,
1292 3091 1399 3154 quia
1423 3089 1504 3137 aT
1500 3088 1619 3136 ribus
1630 3089 1792 3136 Diebus
1822 3105 1907 3137 vos
1932 3089 2203 3137 transeuntes
2217 3091 2382 3151 Jorda-

375 3160 408 3182 “
443 3169 550 3201 nem
572 3153 712 3210 hunc,
735 3153 793 3201 ad
809 3156 1091 3203 veniendum
1105 3157 1366 3204 haereditare
1388 3157 1603 3213 terrmn,”
1622 3155 1727 3217 Jos:
1757 3172 1805 3204 r:
1838 3173 1910 3203 11.
1930 3156 2052 3219 Cap:
2083 3172 2123 3202 11
2144 3175 2156 3204 :
2187 3173 2228 3204 2.
2263 3169 2382 3205 tran-

376 3223 484 3268 situs
502 3219 714 3282 Jordanis
734 3221 1074 3284 repraesentabat
1096 3224 1481 3270 introductionem
1499 3222 1699 3269 filiorum
1718 3221 1900 3279 Israelis,
1937 3222 2023 3270 hoc
2039 3221 2119 3278 est,
2154 3237 2383 3285 regenera-

376 3300 549 3344 torum,
586 3288 632 3333 in
649 3288 871 3351 Regnum
893 3288 1087 3336 Domini
1107 3311 1122 3345 ·,
1157 3289 1310 3352 josua,
1345 3291 1425 3352 qui
1449 3290 1720 3348 introduxit,
1743 3288 1900 3354 Ipsum
1918 3290 2195 3345 Dominum,
2230 3289 2281 3335 ac
2297 3287 2384 3400 l‘iioc

1368 3355 1418 3402 N
1455 3371 1485 3401 n
1570 3363 1577 3371 ·
2343 3355 2382 3405 ie
