2788 3736
667 246 1148 310 CAPUT
1239 244 2025 311 SEPTIMUM.
2253 271 2383 337 2113

370 403 429 436 ex
466 385 633 452 quibus
669 384 857 442 constat,
893 384 1021 450 quod
1044 384 1118 431 hic
1151 383 1354 431 similiter
1375 383 1431 431 fit
1451 383 1662 445 repetitio
1685 384 1896 447 priorum
1917 401 1928 431 :
1964 383 2047 447 qui
2070 383 2118 432 in
2142 382 2239 433 solo
2263 384 2388 434 sensu

369 454 514 502 literae
537 464 705 509 manet,
742 469 835 501 non
855 451 1002 516 potest
1031 451 1157 499 aliter
1179 450 1304 508 scire,
1339 465 1481 514 quarn
1519 449 1650 512 quod
1681 449 1736 497 sit
1769 449 2006 514 quoddam
2030 450 2297 500 historicum
2323 455 2388 501 ita

368 523 648 585 repetitum;
684 519 760 567 sed
796 520 869 566 hic
908 518 1022 566 ficut
1045 518 1166 575 alibi,
1202 516 1428 581 nusquam
1465 514 1616 578 aliqua
1638 516 1803 563 vocula
1827 516 1908 574 est,
1943 533 2052 581 quae
2086 517 2309 583 superflua
2329 520 2382 568 δε

368 588 531 644 inanis,
567 588 673 651 quia
694 585 758 634 est
779 585 988 633 Verbum
1011 585 1205 632 Domini
1224 606 1240 639 ς
1275 582 1468 647 proinde
1491 597 1585 628 non
1609 581 1756 644 aliqua
1776 585 2002 646 repetitio,
2037 585 2117 633 nili
2155 585 2387 650 significet.

364 654 490 710 alia,
527 655 578 702 δε
618 653 812 717 quidem
850 653 942 709 hic,
978 651 1092 699 ficut
1120 651 1274 723 prius,
1309 647 1439 712 quod
1476 647 1532 695 fit
1571 650 1758 695 tentatio
1796 652 1963 713 prima,
1999 668 2106 714 quae
2129 651 2193 700 est
2225 653 2384 717 quoad

369 717 465 784 ejus
505 719 832 777 intelleftualia,
883 720 934 766 δε
973 717 1078 764 dein
1116 732 1212 780 ejus
1253 716 1441 763 tentatio
1479 714 1633 778 quoad
1656 714 1940 762 voluntaria:
1977 733 2083 778 quae
2113 721 2381 768 tentationes

368 786 494 851 apud
533 786 891 850 regenerandum
929 781 1211 838 succedunt;
1263 798 1370 830 nam
1409 781 1533 830 aliud
1570 779 1750 844 prorsus
1787 780 1852 829 est
1880 785 2044 830 tentari
2067 786 2222 847 quoad
2245 787 2378 834 intel-

369 853 588 910 lefiiualia,
625 856 675 902 δε
699 851 822 899 aliud
844 850 1006 898 tentari
1027 849 1455 914 quoadvoluntaria
1482 872 1497 906 ;
1535 848 1722 895 tentatio
1742 848 1896 912 quoad
1919 849 2233 899 intellectualia
2266 852 2378 902 levis

367 919 450 977 est,
485 932 529 968 at
561 915 921 980 tentatioquoad
943 916 1197 964 voluntaria
1217 916 1282 964 est
1302 916 1470 979 gravis·

441 1003 468 1052 7
474 1005 500 1051 3
507 996 550 1050 5'.
587 985 734 1051 Qod
756 984 974 1032 Tentatio
1012 983 1163 1047 quoad
1200 982 1531 1039 intellectualia,
1567 980 1819 1047 seu'quoad
1863 980 1983 1041 falsa,
2018 999 2126 1048 quae
2148 985 2271 1049 apud
2294 985 2378 1034 ho-

369 1054 562 1110 minem,
597 1052 711 1100 levis
744 1051 815 1107 sit,
850 1050 979 1105 causa
1013 1049 1094 1107 est,
1129 1051 1236 1114 quia
1271 1049 1415 1097 homo
1446 1050 1495 1096 in
1528 1046 1719 1096 'fallaciis
1756 1047 1963 1097 sensuum
1987 1051 2069 1108 est,
2103 1052 2153 1099 &
2191 1050 2376 1101 fallaciae

368 1119 576 1168 sensuum
603 1118 710 1165 tales
727 1116 866 1174 sunt,
901 1129 956 1165 ut
993 1132 1087 1164 non
1101 1176 1106 1178 Π
1121 1119 1288 1181 poffint
1310 1133 1403 1164 non
1427 1116 1619 1172 intrare;
1655 1133 1793 1180 quare
1815 1117 1952 1164 etiam
1977 1115 2106 1165 facile
2129 1117 2377 1167 discutiun-

367 1196 477 1243 tur;
513 1187 634 1234 ficut
647 1201 806 1232 omnes
829 1185 910 1248 qui
934 1184 982 1231 in
1021 1182 1146 1232 sensu
1168 1184 1313 1232 literae
1334 1182 1476 1232 Verbi
1515 1195 1715 1241 manent,
1752 1184 1831 1231 ubi
1855 1184 2101 1248 loquutum
2124 1184 2189 1232 est
2220 1184 2378 1234 secun0

367 1255 482 1301 dum
517 1265 703 1317 captum
741 1250 956 1307 hominis,
991 1251 1185 1315 proinde
1222 1250 1472 1298 secundum
1511 1248 1704 1298 fallacias
1746 1249 1841 1315 ejus
1879 1250 2106 1309 sensuum,
2140 1252 2307 1316 quibus
2339 1253 2374 1301 fi

366 1319 629 1384 simpliciter
665 1318 809 1365 fidem
848 1317 1031 1375 habent,
1066 1319 1176 1382 quia
1212 1317 1275 1365 est
1297 1316 1506 1366 Verbum
1530 1317 1743 1374 Domini,
1777 1318 1951 1365 tametsi
1976 1320 2022 1365 in
2044 1317 2228 1366 fallaciis
2252 1318 2375 1379 sunt,

365 1385 505 1450 usque
536 1384 666 1433 facile
689 1384 731 1432 se
754 1384 910 1432 instrui
933 1387 1201 1448 patiuntur;
1236 1397 1290 1432 ut
1318 1401 1405 1449 pro
1426 1384 1656 1448 exemplo,
1692 1386 1773 1449 qui
1808 1384 1950 1433 credit
1989 1385 2116 1449 quod
2138 1386 2374 1435 Dominus

365 1453 588 1510 irascatur,
623 1452 797 1517 puniat,
835 1451 1010 1498 malum
1031 1452 1185 1516 impiis
1208 1450 1356 1510 faciat,
1394 1455 1430 1500 is
1451 1451 1558 1516 quia
1579 1467 1636 1498 ex
1658 1450 1783 1498 sensu
1799 1451 1942 1499 literae
1963 1452 2050 1500 hoc
2070 1449 2222 1510 habet,
2246 1451 2377 1501 facile

362 1519 510 1586 potest
543 1517 797 1575 informari,
829 1518 1069 1581 quomodo
1102 1518 1143 1566 se
1183 1535 1251 1566 res
1294 1518 1458 1568 habet:
1494 1519 1659 1582 pariter
1689 1517 1722 1565 fi
1759 1518 2021 1584 fimpliciter
2043 1520 2204 1577 credit,
2239 1520 2371 1584 quod

362 1589 539 1637 bonum
562 1584 707 1633 facere
728 1587 868 1649 poffit
902 1602 958 1632 ex
988 1584 1046 1642 se,
1083 1587 1133 1633 &
1155 1585 1283 1650 quod
1317 1585 1576 1634 mercedem
1600 1587 1647 1631 in
1668 1584 1804 1634 altera
1825 1587 1919 1632 vita
1941 1587 2130 1650 accipiat
2161 1588 2193 1633 s1'
2223 1586 2375 1635 bonus

268 1667 274 1670 ·
362 1655 418 1703 fit
446 1669 503 1701 ex
526 1651 583 1707 se,
619 1654 655 1699 is
679 1653 818 1700 etiam
838 1650 981 1708 facile,
1017 1652 1173 1700 instrui
1203 1652 1367 1717 potest,
1403 1652 1534 1717 quod
1563 1651 1738 1699 bonum
1759 1653 1888 1716 quod
1911 1651 2034 1710 facit,
2071 1653 2126 1701 fit
2147 1669 2173 1700 a
2202 1655 2373 1702 Domi-

363 1739 442 1783 no,
477 1721 526 1767 &
550 1720 781 1766 Dominus
822 1718 1080 1765 mercedem
1117 1719 1195 1766 det
1234 1721 1372 1782 gratis
1412 1735 1468 1766 ex
1492 1716 1833 1772 MisericordIa:
1886 1723 2026 1782 quare
2047 1720 2163 1767 dum
2187 1721 2295 1768 tales
2320 1723 2372 1768 in

363 1788 658 1846 tentationem
694 1784 844 1848 quoad
884 1783 1199 1846 intellecsiualia
1237 1785 1311 1832 seu
1349 1784 1458 1833 tales
1497 1782 1689 1832 fallacias
1713 1787 1919 1842 veniunt,
1955 1803 2046 1833 non
2067 1787 2249 1849 poffunt
2284 1788 2369 1835 nisi

365 1855 522 1916 leniter
544 1852 722 1908 tentari,
756 1850 909 1914 >estque
931 1850 1032 1898 haec
1069 1852 1219 1915 prima
1251 1853 1456 1908 tentatio,
1491 1851 1542 1899 δε
1563 1849 1647 1908 vii(
1670 1865 1852 1915 apparet
1873 1865 1926 1899 ut
1949 1855 2154 1910 tentatio,
2197 1854 2255 1901 de
2277 1870 2376 1918 qua

363 1935 485 1967 nunc
521 1919 684 1982 agitur.
753 1917 906 1964 Aliter
927 1931 1040 1964 vero
1078 1916 1120 1964 se
1152 1918 1284 1966 habet
1306 1918 1541 1975 cum‘illiS‚
1578 1918 1658 1982 qui
1680 1935 1773 1965 non
1796 1935 1852 1965 ex
1885 1919 2078 1982 simplici
2112 1920 2250 1968 corde
2270 1937 2368 1968 cre-

360 1987 479 2034 dunt
501 1983 674 2039 Verbo,
698 1981 784 2031 'sed
816 1985 864 2030 in
899 1982 1082 2031 fallaciis
1109 1985 1159 2032 &
1198 1983 1459 2033 falsitatibus
1495 1984 1538 2032 se
1560 1985 1851 2042 confirmant,
1886 2002 1940 2032 ex
1964 1986 2107 2043 causa,
2142 1987 2271 2052 quod
2302 1985 2370 2034 fa·

363 2065 499 2101 veant
539 2065 700 2098 eorum
731 2050 1071 2114 cupiditatibus,
1107 2052 1156 2099 &
1189 2068 1248 2100 ex
1271 2052 1353 2100 hac
1378 2052 1505 2099 causa
1538 2051 1783 2115 impulsiva
1806 2053 2035 2100 ratiocinia
2055 2069 2115 2100 ex
2140 2054 2182 2102 se
2205 2054 2255 2101 &
2279 2053 2368 2101 suis

362 2118 630 2181 scientificiis
664 2116 794 2180 plura
817 2128 1097 2183 congerunt,
1150 2120 1199 2166 &
1229 2119 1334 2166 dein
1371 2119 1527 2166 eadem
1562 2134 1643 2182 per
1665 2118 1873 2166 Verbum
1906 2119 2198 2180 confirmant,
2230 2121 2281 2169 &
2305 2121 2370 2168 fic

363 2182 757 2251 imprimuntfibi,
793 2183 1149 2247 persuadentque
1181 2186 1308 2250 quod
1332 2183 1492 2233 fal-sum
1522 2187 1573 2233 lit
1601 2201 1779 2232 verum.

434 2264 460 2317 7
467 2251 542 2316 36.
578 2249 724 2314 Qiod
755 2251 1026 2307 Noachum,
1058 2250 1132 2298 seu
1170 2248 1408 2301 hominem
1446 2270 1583 2301 novae
1618 2250 1751 2315 hujus
1775 2252 2008 2311 Ecclesiae,
2045 2254 2293 2312 concernit,
2330 2255 2367 2302 is

362 2318 450 2367 fuit
487 2316 602 2373 talis,
637 2317 765 2380 quod
802 2317 1064 2380 {impliciter
1100 2319 1344 2367 crediderit
1380 2320 1482 2373 illis,
1519 2335 1626 2384 quae
1660 2319 1818 2367 habuit
1840 2337 1896 2367 ex
1921 2322 2249 2384 Antiquiffima
2269 2321 2365 2369 Ec-

362 2386 508 2439 clefia,
543 2399 650 2448 quae
674 2380 867 2430 ’fuerunt
900 2383 1163 2433 doctrinalia
1184 2385 1385 2443 collecta,
1421 2388 1471 2434 δι’
1494 2386 1671 2435 redaCta
1694 2387 1740 2432 in
1762 2387 1992 2451 quandam
2025 2388 2246 2436 dofirinae
2269 2387 2362 2435 for-

362 2468 488 2500 mam
512 2449 693 2506 abillis,
727 2465 832 2512 quae
856 2450 1126 2499 Chanochus
1151 2452 1261 2500 dieii
1285 2452 1416 2502 fiant:
1454 2454 1505 2501 &
1545 2451 1723 2518 prorsus
1764 2454 1952 2501 diversae
1984 2454 2148 2501 indolis
2184 2453 2271 2502 fuit
2305 2455 2364 2502 ab

360 2517 718 2572 antediluvianiS,
755 2517 835 2579 qui
870 2518 1116 2579 perierunt,
1151 2520 1201 2567 δε
1226 2519 1446 2583 nephilirn
1471 2521 1598 2578 dieti,
1633 2521 1712 2583 qui
1753 2520 2019 2568 do&rinalia
2041 2521 2148 2568 fidei
2174 2523 2365 2568 immer-

360 2586 509 2634 serunt
540 2582 679 2631 foedis
717 2581 804 2629 suis
836 2583 1174 2646 cupiditatibus,
1212 2587 1261 2632 δε
1298 2586 1358 2633 fic
1389 2598 1626 2650 captarunt
1659 2587 1776 2634 diras
1798 2586 2111 2651 persuafiones,
2147 2604 2172 2635 a
2194 2588 2361 2654 quibus

361 2652 564 2701 recedere
597 2665 688 2697 non
711 2648 894 2705 vellent,
931 2661 1164 2712 utcunque
1200 2650 1255 2698 ab
1288 2651 1382 2698 aliis
1422 2653 1757 2709 instruerentur,
1807 2655 1857 2700 δε
1897 2655 1949 2700 iis
1978 2654 2366 2701 demonstraretur

361 2719 488 2783 quod
526 2716 651 2765 falsa:
700 2715 906 2762 homines
945 2715 1140 2779 duplicis
1170 2715 1304 2780 hujus
1327 2720 1447 2782 genii
1483 2719 1556 2766 seu
1593 2719 1759 2766 indolis
1782 2719 1915 2766 hodie
1944 2737 2129 2784 quoque
2160 2720 2362 2778 dantur,

360 2786 435 2832 sed
457 2784 521 2831 illi
544 2782 672 2831 facile
694 2782 874 2846 poffunt
898 2783 1159 2845 regenerari,
1188 2783 1235 2830 hi
1259 2796 1412 2831 autem
1435 2785 1632 2845 difficile.

430 2866 535 2915 737.
571 2849 718 2914 Qod
757 2864 839 2912 per
859 2849 1123 2906 Noachum,
1159 2851 1288 2912 quod
1328 2851 1446 2898 filius
1480 2850 1788 2899 sexcentorum
1822 2856 2046 2900 annorum
2081 2853 2364 2919 significetur

360 2918 497 2966 status
519 2917 695 2979 primus
717 2916 973 2963 tentationis
997 2913 1108 2978 ejuS,
1134 2917 1304 2964 constat
1320 2934 1376 2964 ex
1393 2934 1463 2974 eo,
1489 2918 1615 2981 quod
1629 2918 1704 2965 hic
1728 2917 1866 2981 usque
1883 2920 1940 2966 ad
1955 2919 2375 2985 Heberum5Capt·

361 3002 435 3041 Χῖ,
469 2998 550 3046 per
571 2997 800 3039 numerOS,
836 2983 885 3028 &
903 2998 984 3045 per
1013 2994 1165 3030 aetates
1187 3000 1432 3041 annorum,
1464 2986 1512 3031 δε
1552 3001 1633 3049 per
1671 2986 1871 3042 nomina,
1907 2986 2019 3033 nihil
2041 2987 2163 3035 aliud
2187 2988 2358 3052 fignifi-

362 3063 536 3103 centur‚
572 3061 711 3110 quam
734 3053 817 3104 reS,
853 3049 1123 3096 ficut'etiam
1146 3066 1227 3113 per
1249 3062 1400 3098 aetates
1425 3053 1471 3098 &
1509 3054 1695 3098 nomina
1717 3053 1930 3099 omnium
1952 3055 1999 3100 in
2023 3055 2150 3119 Cap:
2177 3070 2222 3100 v.
2260 3056 2359 3102 Hic

360 3117 488 3184 quod
512 3114 703 3161 sexcenti
726 3115 831 3159 anni
854 3113 1107 3176 ‘significent
1145 3116 1312 3163 statum
1350 3119 1554 3181 primum
1592 3120 1865 3176 tentationis,
1915 3120 2112 3167 constare
2150 3121 2296 3183 potest
2331 3138 2361 3173 a

362 3183 577 3234 numeris,
613 3179 693 3246 qui
730 3178 792 3224 ibi
815 3179 1124 3251 dominantur,
1160 3185 1239 3245 qui
1264 3183 1366 3230 sunt
1392 3186 1543 3232 Decem
1582 3186 1630 3232 &
1657 3189 1750 3242 Sex,
1786 3187 1867 3249 qui
1897 3186 1965 3232 bis
1990 3188 2036 3232 in
2069 3186 2110 3232 se
2133 3186 2362 3247 multipli-

363 3252 482 3307 cati;
519 3259 733 3295 numerus
772 3259 914 3308 major
951 3247 1001 3293 δε
1042 3250 1192 3294 minor
1230 3250 1478 3298 eorundem
1503 3251 1612 3298 nihil
1639 3264 1810 3299 mutat:
1847 3252 1973 3315 quod
1998 3253 2151 3300 Decem
2178 3254 2353 3306 attinet,

2234 3332 2369 3381 Pl‘lufl-
