2788 3736
637 297 984 398 ‘GARUT
1050 306 1541 399 DECIMUM
1587 310 2151 404 QUARTUM.
2266 320 2403 408 ‘549

395 449 622 499 bellarunt.
691 443 958 494 Duodecim
978 448 1104 494 annis
1127 443 1410 503 sex-viverunt
1430 445 1805 506 Kedorlaomer0‚
1839 446 2099 513 significant
2137 449 2266 514 quod
2297 452 2415 503 mala

391 516 446 564 δε
469 515 573 564 falsa
596 531 689 562 non
710 512 1000 576 apparuerint
1030 514 1080 559 in
1101 514 1311 577 pueritia,
1344 512 1421 560 sed
1455 512 1584 576 quod
1624 512 1886 562 serviverint
1921 515 2051 565 bonis
2089 516 2141 565 &
2179 520 2299 567 veris
2333 537 2414 584 ap·

395 582 685 648 parentibus:
737 580 788 626 ὅτ
822 578 1140 629 tertiodecimo
1172 594 1293 630 anno
1337 578 1626 637 rebellarunt,
1668 579 1925 644 fignificant
1954 584 2236 648 principium
2271 598 2415 638 tenta-

394 652 577 698 tionum
611 650 657 697 in
724 646 897 697 ueritia.
1229 691 1235 702 ,,
1334 684 1336 686 .

468 717 608 780 1667.
645 664 795 781 (ἕωά
818 711 1069 764 duodecim
1095 714 1232 763 annisv
1260 712 1541 764 serviverunt
1575 713 1952 775 Kedorlaomero,
1989 716 2243 781 significent
2280 721 2413 783 quod

393 783 512 831 mala
533 784 584 831 δε
617 781 723 831 falsa
754 795 848 829 non
871 783 1162 845 apparuerint
1192 783 1240 831 in
1272 783 1481 847 pueritia,
1522 780 1600 829 sed
1630 781 1760 844 quod
1794 781 2058 832 serviverint
2075 785 2204 832 bonis
2222 787 2272 834 &
2289 789 2412 836 veris

390 850 729 914 apparentibus,
763 845 938 896 constat
970 864 1028 896 ex
1050 848 1439 914 repraesentatione
1472 849 1525 897 &
1547 847 1875 911 significatione
1907 850 2269 910 Kedorlaomeri,
2305 865 2411 902 tum

391 933 452 963 ex
478 917 680 974 illorum,
715 916 798 979 qui
819 911 1118 974 serviverunt‚
1155 916 1214 964 de
1238 916 1406 980 quibus
1437 915 1570 978 supra
1601 913 1728 962 vers:
1761 933 1801 964 1.
1836 927 1892 962 ut
1914 916 1964 963 δε
1996 933 2055 964 ex
2079 918 2410 982 significatione

393 982 671 1032 duodecim:
706 980 1037 1030 Kedorlaomer
1058 999 1168 1031 cum
1199 982 1287 1030 illis
1331 983 1414 1046 qui
1452 982 1749 1029 nominantur
1793 979 1926 1045 supra
1944 983 2069 1031 vers:
2104 1002 2152 1041 2,
2186 985 2412 1048 fignificat

392 1047 513 1098 bona
534 1052 585 1098 δε
618 1066 722 1098 vera
763 1051 1025 1113 apparentia
1040 1049 1170 1112 apud
1190 1049 1473 1105 Dominum,
1508 1049 1571 1096 ita
1592 1047 1851 1096 Externum
1875 1048 2115 1097 hominem
2139 1053 2297 1114 quoad⁴
2316 1053 2410 1111 illa,

391 1115 467 1164 hic
501 1116 830 1176 Kadorlaomer
852 1116 901 1161 in
924 1114 1176 1178 complexu
1199 1130 1287 1178 pro
1308 1114 1525 1163 omnibus
1547 1116 1629 1179 qui
1654 1116 1949 1164 nominantur
1981 1115 2107 1165 vers:
2136 1134 2178 1166 2.
2216 1130 2269 1165 ut
2291 1135 2406 1182 quo-

391 1199 484 1246 que
515 1199 574 1230 ex
612 1182 912 1246 -sequentibus
961 1180 1151 1238 constat,
1185 1193 1289 1228 tum
1327 1197 1386 1228 ex
1401 1197 1460 1228 eo
1478 1182 1607 1244 quod
1625 1179 1761 1229 fuerit
1782 1198 1860 1229 rex
1877 1183 2051 1240 Ehmi,
2081 1183 2143 1234 de
2159 1183 2289 1248 cujus
2315 1186 2403 1249 fig-

327 1252 333 1254 ’
389 1250 648 1298 nificatione
672 1251 799 1314 prius
822 1251 977 1298 aestum
998 1245 1082 1304 est,
1115 1262 1282 1311 nempe
1310 1247 1440 1310 quod
1461 1247 1518 1295 fit
1541 1247 1654 1294 fides
1676 1263 1734 1294 ex
1755 1247 1982 1307 charitate,
2018 1249 2092 1296 hic
2116 1249 2221 1299 ideo
2243 1268 2410 1301 verum

390 1316 441 1362 δε
464 1316 656 1373 bonum,
692 1331 799 1363 nam
835 1316 949 1364 fides
981 1314 1033 1361 δε
1055 1328 1163 1378 quae
1201 1314 1329 1371 fidei,
1364 1329 1459 1361 non
1486 1312 1590 1362 sunt
1628 1313 1711 1361 nisi
1751 1329 1873 1372 vera,
1910 1316 1960 1363 &
1999 1315 2186 1364 charitas
2220 1319 2270 1366 δε
2299 1337 2408 1383 quae

387 1382 616 1429 charitatis
650 1381 752 1429 sunt
774 1383 927 1438 bona;
962 1380 1038 1428 hic
1061 1391 1218 1427 autem
1240 1380 1360 1427 bona
1384 1378 1604 1438 infantiae,
1639 1396 1748 1444 quae
1792 1382 1970 1429 tametfi
2009 1382 2141 1443 bona,
2166 1400 2399 1448 apparent,

387 1463 481 1496 non
517 1448 621 1496 sunt
643 1448 777 1508 bona,
814 1446 1053 1513 quamdiu
1071 1445 1413 1494 haereditarium
1435 1446 1610 1493 malum
1641 1446 1717 1494 illa
1739 1450 2034 1505 contaminat,
2070 1450 2133 1496 est
2156 1467 2213 1497 ex
2252 1469 2408 1502 amore

385 1513 453 1561 sui
476 1516 527 1563 &
548 1530 607 1562 ex
629 1530 782 1563 amore
805 1513 970 1564 mundi
994 1511 1123 1577 quod
1143 1511 1336 1560 inhaeret
1366 1513 1415 1560 ὅτ
1445 1512 1647 1560 adhaeret
1668 1533 1684 1568 3
1718 1515 1943 1578 quicquid
1979 1514 2043 1571 est
2066 1519 2231 1563 amoris
2267 1518 2331 1564 sui
2356 1524 2404 1570 δε

339 1634 345 1641 ,
385 1583 552 1630 amoris
568 1581 734 1629 mundi
762 1592 948 1645 apparet
978 1591 1091 1627 tunc
1120 1578 1234 1626 ficut
1267 1578 1461 1636 bonurn,
1503 1578 1579 1627 sed
1610 1595 1705 1628 non
1736 1579 1802 1628 est
1826 1580 2024 1639 bonum,
2056 1594 2102 1630 at
2141 1582 2282 1647 usque
2322 1585 2408 1633 bo-

385 1663 502 1695 num
524 1647 794 1705 dicendum,
830 1645 1055 1712 quamdiu
1090 1644 1155 1692 est
1192 1644 1317 1708 apud
1356 1642 1576 1692 infantem
1607 1644 1684 1694 seu
1708 1662 1922 1710 puerum,
1971 1650 2052 1712 qui
2076 1649 2223 1698 adhuc
2265 1652 2404 1700 nescit

384 1715 500 1778 quid
522 1730 626 1762 vere
648 1711 854 1771 bonum3
886 1712 1139 1777 ignorantia
1159 1709 1359 1768 excusat,
1393 1711 1444 1759 δε
1466 1714 1720 1760 innocentia
1750 1711 1863 1761 facit
1891 1727 1944 1762 ut
1975 1716 2089 1763 ficut
2124 1717 2306 1766 bonum
2325 1737 2406 1784 ap-

383 1792 532 1844 pareat
549 1803 565 1836 ;
599 1780 674 1827 sed
699 1781 826 1840 aliter
849 1780 891 1828 se
908 1797 975 1828 res
993 1777 1142 1836 habet,
1179 1794 1290 1827 cum
1307 1776 1551 1828 instructus
1569 1778 1634 1827 est
1655 1780 1815 1838 homo,
1853 1782 1904 1831 &
1927 1784 2064 1829 novit
2085 1784 2200 1847 quid
2224 1783 2401 1834 bonum

385 1848 438 1895 &
464 1846 675 1904 malum3
710 1846 798 1896 tale
822 1847 1001 1896 bonum
1025 1846 1076 1893 &
1098 1861 1281 1904 verum,
1315 1845 1447 1911 quale
1469 1846 1594 1911 apud
1632 1863 1828 1911 puerum
1863 1860 2106 1913 antequam
2141 1850 2401 1912 instructus,

377 1912 664 1978 significatur
695 1932 778 1981 per
799 1914 1239 1964 Kedorlaomerum.'
1297 1913 1446 1979 Ql'od
1485 1912 1764 1963 serviverunt
1796 1914 2046 1964 duodecim
2079 1919 2224 1975 annis,
2261 1919 2402 1983 figni-

384 1980 494 2029 ficat
534 1998 676 2031 omne
717 1996 902 2048 ternpus
941 1981 1165 2047 quamdiu
1210 1981 1298 2029 tale
1344 1980 1519 2030 bonum
1563 1983 1614 2031 &
1652 1998 1814 2030 verum
1852 1983 1949 2042 est,
2008 2000 2115 2034 nam
2155 1981 2404 2036 duodecim

382 2046 640 2110 significant
682 2051 730 2098 in
772 2050 914 2112 sensu<
938 2051 1116 2098 interno
1155 2049 1311 2097 omnia
1349 2065 1457 2113 quae
1499 2048 1602 2096 sunt
1641 2049 1751 2098 fidei
1790 2049 2034 2108 charitatis,
2081 2050 2158 2098 seu·
2195 2052 2308 2100 fidei
2344 2071 2401 2102 ex

376 2114 851 2172 charitate5s1militer
872 2114 940 2165 Tac
974 2116 1130 2174 Elam,
1177 2113 1434 2164 Geneszx:
1484 2116 1614 2165 vers:
1656 2131 1747 2174 22,
1788 2117 1838 2165 δε
1879 2117 2101 2182 quamdiu
2135 2117 2311 2166 bonum
2350 2121 2402 2168 δι’

380 2195 545 2230 verum
569 2181 656 2230 tale
678 2182 744 2230 est
767 2198 794 2229 a
827 2182 893 2230 ud
917 2183 1171 2240 hominem,
1206 2182 1299 2231 five
1322 2183 1377 2230 s1t
1415 2184 1464 2232 in
1499 2181 1595 2247 ejus
1634 2185 1841 2247 pueritia,
1879 2185 1969 2232 five
2007 2186 2054 2231 in
2094 2185 2267 2250 reliqua
2306 2186 2400 2251 ejus

381 2259 534 2305 aetate,
572 2248 691 2296 mala
711 2249 763 2296 δι
806 2248 890 2297 alsa
925 2249 1039 2297 nihil
1075 2249 1258 2314 poffunt
1301 2250 1492 2307 efficere,
1528 2250 1615 2298 hoc
1654 2249 1734 2305 est,
1762 2251 1869 2298 mali
1901 2251 2080 2314 spiritus
2106 2268 2199 2299 non
2223 2252 2401 2302 hiseunt

378 2313 553 2376 aliquid
574 2312 738 2372 facere,
773 2326 853 2363 aut
890 2314 1056 2365 inferre
1096 2314 1290 2381 aliquod*
1323 2317 1520 2374 malum,
1553 2317 1667 2364 ficut
1706 2315 1807 2365 satis
1846 2317 2134 2365 manifestum
2174 2319 2239 2367 est
2260 2321 2399 2384 *apud

371 2377 591 2437 infantes,
625 2396 791 2444 pueros
814 2381 1002 2445 probos,
1036 2383 1087 2431 &
1111 2382 1337 2447 simplices
1370 2385 1525 2441 corde,
1562 2383 1685 2448 apud
1717 2400 1835 2448 quos
1872 2385 2047 2432 tametsi
2084 2384 2262 2448 spiritus
2300 2393 2398 2436 ma-

377 2444 428 2511 ii,
464 2445 540 2493 seu
586 2462 647 2494 ex
686 2447 820 2495 turba
853 2447 1076 2496 diabolica
1113 2451 1291 2511 peflimi
1320 2450 1530 2508 afforent‚
1566 2449 1706 2514 usque
1736 2467 1792 2499 ne
1816 2451 1965 2499 hilum
1989 2452 2165 2516 possent
2198 2454 2392 2511 efficere,

379 2511 455 2558 sed
480 2512 582 2560 sunt
605 2511 858 2578 subjugati,
885 2514 1015 2577 quod
1038 2514 1113 2560 hic
1136 2513 1417 2577 significatur
1437 2533 1521 2580 per
1555 2517 1683 2579 quod
1707 2517 1956 2565 duodecim
1979 2521 2105 2566 annis
2129 2518 2396 2567 serviverint

375 2578 771 2636 Kedorlaomero;
807 2579 951 2638 causa,
975 2579 1104 2644 quod
1125 2592 1236 2628 tunc
1276 2579 1502 2645 subjugati
1525 2582 1628 2639 fint,
1663 2584 1713 2630 ὅτ
1735 2582 1941 2641 serviant,
1975 2583 2042 2632 est
2086 2585 2212 2648 quod
2252 2586 2397 2634 homo

372 2647 591 2694 ,nondum
614 2647 901 2711 acquisiverit
933 2646 1016 2694 fibi
1039 2645 1261 2711 sphaeram
1284 2649 1592 2711 cupiditatum
1630 2648 1681 2695 δι
1705 2647 1980 2706 falsitatum3
2018 2667 2111 2698 non
2135 2652 2256 2697 enim
2282 2667 2393 2714 ope.-

373 2714 461 2760 rari
500 2714 606 2762 lieet
638 2714 769 2762 malis
802 2713 1032 2777 spiritibus
1056 2714 1106 2762 ὅτ.
1129 2715 1273 2777 geniis
1297 2713 1377 2760 nisi
1402 2715 1451 2761 in
1473 2714 1562 2771 illa,
1599 2730 1706 2778 quae
1730 2715 1873 2764 homo
1896 2716 1977 2763 fibi
2002 2716 2230 2763 actualiter
2262 2734 2392 2766 com-

374 2782 565 2841 paravit,
585 2780 696 2828 ‘non
720 2778 885 2838 inilla,
921 2796 1029 2845 quae
1051 2796 1107 2827 ex
1131 2781 1414 2833 haereditario
1435 2780 1548 2833 sunt
1568 2803 1582 2836 3
1606 2798 1755 2844 ‚quare
1794 2794 2038 2845 antequam
2074 2783 2219 2830 horno
2259 2800 2389 2832 com.-

371 2858 496 2907 parat
518 2846 599 2894 fibi
622 2847 730 2895 tales
753 2846 963 2912 sphaeras,
989 2846 1097 2894 mali
1121 2846 1302 2910 spiritus
1321 2846 1557 2903 *serviunu
1594 2847 1669 2894 sed
1702 2861 1755 2895 ut
1785 2851 1994 2912 primum
2022 2862 2275 2913 comparat,
2321 2852 2387 2899 illi

371 2911 495 2972 apud
518 2929 626 2960 eum
647 2913 690 2961 se
710 2913 976 2971 infundunt,
1008 2914 1058 2962 &
1084 2913 1309 2961 dominari
1331 2928 1567 2971 conantur,
1594 2931 1699 2961 nam
1726 2927 1836 2962 tunc
1861 2917 1908 2962 in
1938 2916 2123 2979 ipsamet
2147 2916 2222 2964 sua
2243 2916 2387 2980 sphae-

371 2990 421 3022 ra
442 2975 560 3033 sunt,
587 2979 637 3026 &
659 2979 722 3026 ibi
747 2979 1011 3044 jucundum
1043 2979 1296 3044 quoddam,
1322 2979 1396 3028 seu
1416 2980 1557 3045 ipsam
1572 2979 1698 3030 suam
1721 2983 1881 3039 vitam,
1905 2982 2174 3039 inveniunt3
2211 2984 2289 3030 ubi
2312 3000 2383 3032 ca.-

367 3041 513 3090 daver
535 3043 599 3097 ibi
623 3045 821 3107 aquilae..⁴
841 3093 845 3097 .
1533 3082 1537 3085 -
1668 3052 1676 3054 ζ

443 3110 582 3158 1668.
596 3119 604 3126 “
618 3110 684 3159 Et
706 3112 838 3162 tertio
860 3112 1043 3163 decimo
1066 3130 1187 3176 anno
1208 3113 1493 3172 rebellarunt,
1529 3115 1658 3178 quod
1683 3115 1908 3179 significet
1931 3115 2216 3179 principium
2242 3126 2382 3162 tenta-

372 3174 555 3222 tionum
579 3176 627 3222 in
650 3179 858 3240 pueritia,
894 3179 1065 3227 constat
1077 3196 1111 3230 „a
1124 3181 1460 3244 ‚significatione
1497 3183 1814 3237 tertiidecimi
1847 3184 1968 3239 anni,
2004 3182 2054 3227 δε
2098 3197 2123 3226 a
2160 3180 2381 3242 fignifica-

366 3242 495 3291 tione
536 3241 779 3301 rebellare3
839 3245 1005 3293 tertius*
1037 3245 1244 3297 decimus
1284 3265 1426 3297 annus
1459 3248 1530 3297 est
1563 3250 1857 3298 intermedius
1893 3245 2008 3294 inter
2046 3246 2293 3294 duodecim
2333 3247 2384 3294 <Sc
2442 3293 2454 3303 ,

930 3343 933 3345 —
2163 3323 2383 3374 (ulain-1013*⁴
2409 3342 2416 3345 >
