<?xml version="1.0" encoding="UTF-8"?>
<!DOCTYPE html PUBLIC "-//W3C//DTD XHTML 1.0 Transitional//EN"
    "http://www.w3.org/TR/xhtml1/DTD/xhtml1-transitional.dtd">
<html xmlns="http://www.w3.org/1999/xhtml" xml:lang="en" lang="en">
 <head>
  <title>
</title>
<meta http-equiv="Content-Type" content="text/html;charset=utf-8" />
  <meta name='ocr-system' content='tesseract 3.04.00' />
  <meta name='ocr-capabilities' content='ocr_page ocr_carea ocr_par ocr_line ocrx_word'/>
</head>
<body>
  <div class='ocr_page' id='page_1' title='image "arcanacaelestiaq01sweduoft_0122.png"; bbox 0 0 2788 3736; ppageno 0'>
   <div class='ocr_carea' id='block_1_1' title="bbox 396 248 1924 330">
    <p class='ocr_par' dir='ltr' id='par_1_1' title="bbox 396 248 1924 330">
     <span class='ocr_line' id='line_1_1' title="bbox 396 248 1924 330; baseline -0.002 -10"><span class='ocrx_word' id='word_1_1' title='bbox 396 277 517 330; x_wconf 81' lang='lat'>112</span> <span class='ocrx_word' id='word_1_2' title='bbox 958 248 1924 317; x_wconf 79' lang='lat' dir='ltr'><em>GENESIS</em></span> 
     </span>
    </p>
   </div>
   <div class='ocr_carea' id='block_1_2' title="bbox 328 385 2458 3213">
    <p class='ocr_par' dir='ltr' id='par_1_2' title="bbox 456 385 2383 452">
     <span class='ocr_line' id='line_1_2' title="bbox 456 385 2383 452; baseline 0.001 -16"><span class='ocrx_word' id='word_1_3' title='bbox 456 391 565 450; x_wconf 78' lang='lat'>416</span> <span class='ocrx_word' id='word_1_4' title='bbox 604 388 747 450; x_wconf 81' lang='lat' dir='ltr'>Qod</span> <span class='ocrx_word' id='word_1_5' title='bbox 772 386 913 434; x_wconf 59' lang='lat' dir='ltr'>saneta</span> <span class='ocrx_word' id='word_1_6' title='bbox 936 388 1116 442; x_wconf 86' lang='lat' dir='ltr'>amoris,</span> <span class='ocrx_word' id='word_1_7' title='bbox 1152 386 1202 432; x_wconf 86' lang='lat'>&amp;</span> <span class='ocrx_word' id='word_1_8' title='bbox 1228 385 1332 432; x_wconf 89' lang='lat' dir='ltr'>inde</span> <span class='ocrx_word' id='word_1_9' title='bbox 1358 385 1476 431; x_wconf 88' lang='lat' dir='ltr'>bona</span> <span class='ocrx_word' id='word_1_10' title='bbox 1497 385 1821 447; x_wconf 81' lang='lat' dir='ltr'>fignificentur,</span> <span class='ocrx_word' id='word_1_11' title='bbox 1852 387 2058 436; x_wconf 89' lang='lat' dir='ltr'>constare</span> <span class='ocrx_word' id='word_1_12' title='bbox 2081 387 2225 452; x_wconf 87' lang='lat' dir='ltr'>potest</span> <span class='ocrx_word' id='word_1_13' title='bbox 2249 390 2383 437; x_wconf 87' lang='lat' dir='ltr'>etiam</span> 
     </span>
    </p>

    <p class='ocr_par' dir='ltr' id='par_1_3' title="bbox 392 448 2439 911">
     <span class='ocr_line' id='line_1_3' title="bbox 392 448 2384 519; baseline 0 -17"><span class='ocrx_word' id='word_1_14' title='bbox 392 456 513 511; x_wconf 86' lang='lat' dir='ltr'>inde,</span> <span class='ocrx_word' id='word_1_15' title='bbox 549 455 671 518; x_wconf 87' lang='lat' dir='ltr'>quod</span> <span class='ocrx_word' id='word_1_16' title='bbox 697 453 850 513; x_wconf 85' lang='lat' dir='ltr'>Jabal</span> <span class='ocrx_word' id='word_1_17' title='bbox 847 468 939 499; x_wconf 90' lang='lat' dir='ltr'>non</span> <span class='ocrx_word' id='word_1_18' title='bbox 967 448 1076 499; x_wconf 80' lang='lat' dir='ltr'>esset</span> <span class='ocrx_word' id='word_1_19' title='bbox 1099 453 1274 515; x_wconf 88' lang='lat' dir='ltr'>primus</span> <span class='ocrx_word' id='word_1_20' title='bbox 1308 451 1607 498; x_wconf 82' lang='lat' dir='ltr'>habitantium</span> <span class='ocrx_word' id='word_1_21' title='bbox 1647 453 1896 498; x_wconf 87' lang='lat' dir='ltr'>tentorium</span> <span class='ocrx_word' id='word_1_22' title='bbox 1930 453 1980 500; x_wconf 79' lang='grc' dir='ltr'>ὅτ</span> <span class='ocrx_word' id='word_1_23' title='bbox 2010 456 2156 502; x_wconf 89' lang='lat' dir='ltr'>caulas</span> <span class='ocrx_word' id='word_1_24' title='bbox 2192 456 2384 519; x_wconf 85' lang='lat' dir='ltr'>pecoris,</span> 
     </span>
     <span class='ocr_line' id='line_1_4' title="bbox 393 517 2387 585; baseline 0 -17"><span class='ocrx_word' id='word_1_25' title='bbox 393 538 496 585; x_wconf 81' lang='lat' dir='ltr'>nam</span> <span class='ocrx_word' id='word_1_26' title='bbox 522 522 577 567; x_wconf 86' lang='lat' dir='ltr'>de</span> <span class='ocrx_word' id='word_1_27' title='bbox 601 519 751 566; x_wconf 80' lang='lat' dir='ltr'>Habel</span> <span class='ocrx_word' id='word_1_28' title='bbox 776 518 871 565; x_wconf 87' lang='lat' dir='ltr'>filio</span> <span class='ocrx_word' id='word_1_29' title='bbox 891 518 1033 565; x_wconf 90' lang='lat' dir='ltr'>altero</span> <span class='ocrx_word' id='word_1_30' title='bbox 1058 519 1277 566; x_wconf 86' lang='lat' dir='ltr'>Hominis</span> <span class='ocrx_word' id='word_1_31' title='bbox 1302 518 1351 564; x_wconf 70' lang='grc' dir='ltr'>δε</span> <span class='ocrx_word' id='word_1_32' title='bbox 1371 517 1540 564; x_wconf 86' lang='lat' dir='ltr'>Chavae</span> <span class='ocrx_word' id='word_1_33' title='bbox 1564 517 1701 563; x_wconf 90' lang='lat' dir='ltr'>etiam</span> <span class='ocrx_word' id='word_1_34' title='bbox 1726 517 1910 575; x_wconf 90' lang='lat' dir='ltr'>dicitur,</span> <span class='ocrx_word' id='word_1_35' title='bbox 1934 520 2062 581; x_wconf 91' lang='lat' dir='ltr'>quod</span> <span class='ocrx_word' id='word_1_36' title='bbox 2084 519 2219 568; x_wconf 88' lang='lat' dir='ltr'>fuerit</span> <span class='ocrx_word' id='word_1_37' title='bbox 2240 521 2387 585; x_wconf 84' lang='lat' dir='ltr'>pastor</span> 
     </span>
     <span class='ocr_line' id='line_1_5' title="bbox 394 583 1523 649; baseline -0.003 -17"><span class='ocrx_word' id='word_1_38' title='bbox 394 588 558 649; x_wconf 82' lang='lat' dir='ltr'>gregis,</span> <span class='ocrx_word' id='word_1_39' title='bbox 584 587 632 632; x_wconf 73' lang='grc' dir='ltr'>δε</span> <span class='ocrx_word' id='word_1_40' title='bbox 658 584 783 644; x_wconf 76' lang='lat' dir='ltr'>jabal</span> <span class='ocrx_word' id='word_1_41' title='bbox 810 584 1022 648; x_wconf 89' lang='lat' dir='ltr'>septimus</span> <span class='ocrx_word' id='word_1_42' title='bbox 1046 583 1109 631; x_wconf 89' lang='lat' dir='ltr'>est</span> <span class='ocrx_word' id='word_1_43' title='bbox 1131 583 1290 630; x_wconf 85' lang='lat' dir='ltr'>ordine</span> <span class='ocrx_word' id='word_1_44' title='bbox 1314 599 1339 629; x_wconf 89' lang='lat' dir='ltr'>a</span> <span class='ocrx_word' id='word_1_45' title='bbox 1361 584 1523 630; x_wconf 89' lang='lat' dir='ltr'>Caino.</span> 
     </span>
     <span class='ocr_line' id='line_1_6' title="bbox 394 648 2388 715; baseline -0.001 -16"><span class='ocrx_word' id='word_1_46' title='bbox 394 702 399 705; x_wconf 68' lang='grc'><strong><em>,</em></strong></span> <span class='ocrx_word' id='word_1_47' title='bbox 460 668 569 714; x_wconf 83' lang='lat'>4¹7·</span> <span class='ocrx_word' id='word_1_48' title='bbox 607 650 741 698; x_wconf 79' lang='lat' dir='ltr'>Veis:</span> <span class='ocrx_word' id='word_1_49' title='bbox 783 668 857 699; x_wconf 83' lang='lat'>21.</span> <span class='ocrx_word' id='word_1_50' title='bbox 892 653 955 698; x_wconf 85' lang='lat' dir='ltr'>Et</span> <span class='ocrx_word' id='word_1_51' title='bbox 980 666 1121 697; x_wconf 87' lang='lat' dir='ltr'>nomen</span> <span class='ocrx_word' id='word_1_52' title='bbox 1146 649 1315 711; x_wconf 85' lang='lat' dir='ltr'>fratris</span> <span class='ocrx_word' id='word_1_53' title='bbox 1351 651 1439 712; x_wconf 85' lang='lat' dir='ltr'>ejus</span> <span class='ocrx_word' id='word_1_54' title='bbox 1461 648 1631 712; x_wconf 86' lang='lat' dir='ltr'>Jubal·,</span> <span class='ocrx_word' id='word_1_55' title='bbox 1667 650 1704 695; x_wconf 85' lang='lat' dir='ltr'>is</span> <span class='ocrx_word' id='word_1_56' title='bbox 1727 659 1820 696; x_wconf 86' lang='lat' dir='ltr'>erat</span> <span class='ocrx_word' id='word_1_57' title='bbox 1856 659 1983 711; x_wconf 86' lang='lat' dir='ltr'>pater</span> <span class='ocrx_word' id='word_1_58' title='bbox 2016 653 2146 698; x_wconf 88' lang='lat' dir='ltr'>omnis</span> <span class='ocrx_word' id='word_1_59' title='bbox 2175 653 2388 715; x_wconf 86' lang='lat' dir='ltr'>pulsantis</span> 
     </span>
     <span class='ocr_line' id='line_1_7' title="bbox 394 714 2387 781; baseline 0.001 -18"><span class='ocrx_word' id='word_1_60' title='bbox 394 718 603 763; x_wconf 73' lang='lat' dir='ltr'>citharam</span> <span class='ocrx_word' id='word_1_61' title='bbox 628 717 682 765; x_wconf 65' lang='lat'>&amp;²</span> <span class='ocrx_word' id='word_1_62' title='bbox 706 733 920 779; x_wconf 80' lang='lat' dir='ltr'>organum.</span> <span class='ocrx_word' id='word_1_63' title='bbox 991 718 1078 764; x_wconf 89' lang='lat' dir='ltr'>Per</span> <span class='ocrx_word' id='word_1_64' title='bbox 1112 731 1278 763; x_wconf 88' lang='lat' dir='ltr'>nomen</span> <span class='ocrx_word' id='word_1_65' title='bbox 1315 714 1460 762; x_wconf 90' lang='lat' dir='ltr'>fratris</span> <span class='ocrx_word' id='word_1_66' title='bbox 1500 731 1593 778; x_wconf 75' lang='lat' dir='ltr'>ejus</span> <span class='ocrx_word' id='word_1_67' title='bbox 1618 715 1754 775; x_wconf 91' lang='lat' dir='ltr'>Jubal</span> <span class='ocrx_word' id='word_1_68' title='bbox 1777 715 2054 778; x_wconf 78' lang='lat' dir='ltr'>significatur</span> <span class='ocrx_word' id='word_1_69' title='bbox 2076 716 2278 764; x_wconf 64' lang='lat' dir='ltr'>doEffina</span> <span class='ocrx_word' id='word_1_70' title='bbox 2300 718 2387 781; x_wconf 83' lang='lat' dir='ltr'>spi-</span> 
     </span>
     <span class='ocr_line' id='line_1_8' title="bbox 395 779 2439 846; baseline 0 -18"><span class='ocrx_word' id='word_1_71' title='bbox 395 783 622 829; x_wconf 76' lang='lat' dir='ltr'>iitualium</span> <span class='ocrx_word' id='word_1_72' title='bbox 648 780 847 845; x_wconf 88' lang='lat' dir='ltr'>ejusdem</span> <span class='ocrx_word' id='word_1_73' title='bbox 868 781 1117 837; x_wconf 72' lang='lat' dir='ltr'>Ecelefiae3</span> <span class='ocrx_word' id='word_1_74' title='bbox 1144 798 1222 844; x_wconf 91' lang='lat' dir='ltr'>per</span> <span class='ocrx_word' id='word_1_75' title='bbox 1238 793 1411 844; x_wconf 90' lang='lat' dir='ltr'>patrem</span> <span class='ocrx_word' id='word_1_76' title='bbox 1436 783 1586 828; x_wconf 91' lang='lat' dir='ltr'>omnis</span> <span class='ocrx_word' id='word_1_77' title='bbox 1610 779 1823 843; x_wconf 88' lang='lat' dir='ltr'>pulsantis</span> <span class='ocrx_word' id='word_1_78' title='bbox 1846 781 2060 828; x_wconf 89' lang='lat' dir='ltr'>citharam</span> <span class='ocrx_word' id='word_1_79' title='bbox 2079 783 2128 829; x_wconf 77' lang='grc' dir='ltr'>ὅτ</span> <span class='ocrx_word' id='word_1_80' title='bbox 2146 797 2387 846; x_wconf 83' lang='lat' dir='ltr'>organum,</span> <span class='ocrx_word' id='word_1_81' title='bbox 2429 830 2439 839; x_wconf 74' lang='grc'>,</span> 
     </span>
     <span class='ocr_line' id='line_1_9' title="bbox 395 819 1209 911; baseline 0 -17"><span class='ocrx_word' id='word_1_82' title='bbox 395 849 700 911; x_wconf 84' lang='lat' dir='ltr'>l1gnificantur</span> <span class='ocrx_word' id='word_1_83' title='bbox 726 864 834 895; x_wconf 89' lang='lat' dir='ltr'>vera</span> <span class='ocrx_word' id='word_1_84' title='bbox 866 849 915 896; x_wconf 73' lang='grc' dir='ltr'>δε</span> <span class='ocrx_word' id='word_1_85' title='bbox 941 848 1057 895; x_wconf 89' lang='lat' dir='ltr'>bona</span> <span class='ocrx_word' id='word_1_86' title='bbox 1090 819 1209 895; x_wconf 84' lang='lat' dir='ltr'>fidei.</span> 
     </span>
    </p>

    <p class='ocr_par' dir='ltr' id='par_1_4' title="bbox 328 913 2415 2409">
     <span class='ocr_line' id='line_1_10' title="bbox 462 913 2399 978; baseline -0.001 -15"><span class='ocrx_word' id='word_1_87' title='bbox 462 920 573 974; x_wconf 80' lang='lat'>418·</span> <span class='ocrx_word' id='word_1_88' title='bbox 610 916 662 961; x_wconf 84' lang='lat' dir='ltr'>In</span> <span class='ocrx_word' id='word_1_89' title='bbox 699 916 837 978; x_wconf 85' lang='lat' dir='ltr'>priori</span> <span class='ocrx_word' id='word_1_90' title='bbox 872 913 999 960; x_wconf 89' lang='lat' dir='ltr'>versu</span> <span class='ocrx_word' id='word_1_91' title='bbox 1031 916 1179 977; x_wconf 86' lang='lat' dir='ltr'>agitur</span> <span class='ocrx_word' id='word_1_92' title='bbox 1218 913 1274 961; x_wconf 92' lang='lat' dir='ltr'>de</span> <span class='ocrx_word' id='word_1_93' title='bbox 1319 913 1590 971; x_wconf 84' lang='lat' dir='ltr'>coelestibus,</span> <span class='ocrx_word' id='word_1_94' title='bbox 1625 930 1731 978; x_wconf 88' lang='lat' dir='ltr'>quae</span> <span class='ocrx_word' id='word_1_95' title='bbox 1765 913 1867 961; x_wconf 87' lang='lat' dir='ltr'>sunt</span> <span class='ocrx_word' id='word_1_96' title='bbox 1897 914 2097 968; x_wconf 85' lang='lat' dir='ltr'>amoris·,</span> <span class='ocrx_word' id='word_1_97' title='bbox 2135 915 2180 960; x_wconf 89' lang='lat' dir='ltr'>in</span> <span class='ocrx_word' id='word_1_98' title='bbox 2209 913 2298 962; x_wconf 90' lang='lat' dir='ltr'>hoc</span> <span class='ocrx_word' id='word_1_99' title='bbox 2334 913 2399 961; x_wconf 75' lang='lat' dir='ltr'>de¹</span> 
     </span>
     <span class='ocr_line' id='line_1_11' title="bbox 397 978 2385 1045; baseline 0 -18"><span class='ocrx_word' id='word_1_100' title='bbox 397 979 707 1043; x_wconf 85' lang='lat' dir='ltr'>spiritualibus,</span> <span class='ocrx_word' id='word_1_101' title='bbox 759 996 864 1043; x_wconf 85' lang='lat' dir='ltr'>quae</span> <span class='ocrx_word' id='word_1_102' title='bbox 899 978 999 1027; x_wconf 92' lang='lat' dir='ltr'>sunt</span> <span class='ocrx_word' id='word_1_103' title='bbox 1038 980 1178 1035; x_wconf 87' lang='lat' dir='ltr'>fidei·‚</span> <span class='ocrx_word' id='word_1_104' title='bbox 1220 980 1319 1028; x_wconf 75' lang='lat' dir='ltr'>haec</span> <span class='ocrx_word' id='word_1_105' title='bbox 1359 996 1440 1045; x_wconf 86' lang='lat' dir='ltr'>per</span> <span class='ocrx_word' id='word_1_106' title='bbox 1474 980 1687 1028; x_wconf 84' lang='lat' dir='ltr'>citharam</span> <span class='ocrx_word' id='word_1_107' title='bbox 1716 981 1766 1028; x_wconf 77' lang='grc' dir='ltr'>δε</span> <span class='ocrx_word' id='word_1_108' title='bbox 1797 996 2023 1043; x_wconf 82' lang='lat' dir='ltr'>organum</span> <span class='ocrx_word' id='word_1_109' title='bbox 2056 982 2385 1043; x_wconf 87' lang='lat' dir='ltr'>exprimuntur.</span> 
     </span>
     <span class='ocr_line' id='line_1_12' title="bbox 397 1045 2389 1111; baseline 0 -18"><span class='ocrx_word' id='word_1_110' title='bbox 397 1047 544 1109; x_wconf 82' lang='lat' dir='ltr'>Qod</span> <span class='ocrx_word' id='word_1_111' title='bbox 576 1062 657 1110; x_wconf 85' lang='lat' dir='ltr'>per</span> <span class='ocrx_word' id='word_1_112' title='bbox 679 1045 971 1094; x_wconf 88' lang='lat' dir='ltr'>instrumenta</span> <span class='ocrx_word' id='word_1_113' title='bbox 1009 1046 1265 1103; x_wconf 89' lang='lat' dir='ltr'>chordacea,</span> <span class='ocrx_word' id='word_1_114' title='bbox 1299 1059 1352 1094; x_wconf 90' lang='lat' dir='ltr'>ut</span> <span class='ocrx_word' id='word_1_115' title='bbox 1389 1062 1467 1111; x_wconf 90' lang='lat' dir='ltr'>per</span> <span class='ocrx_word' id='word_1_116' title='bbox 1506 1047 1690 1094; x_wconf 85' lang='lat' dir='ltr'>citharas</span> <span class='ocrx_word' id='word_1_117' title='bbox 1721 1047 1770 1094; x_wconf 78' lang='grc' dir='ltr'>δε</span> <span class='ocrx_word' id='word_1_118' title='bbox 1809 1046 1984 1103; x_wconf 87' lang='lat' dir='ltr'>fimilia,</span> <span class='ocrx_word' id='word_1_119' title='bbox 2020 1045 2268 1109; x_wconf 82' lang='lat' dir='ltr'>significata</span> <span class='ocrx_word' id='word_1_120' title='bbox 2303 1046 2389 1093; x_wconf 75' lang='lat' dir='ltr'>sint</span> 
     </span>
     <span class='ocr_line' id='line_1_13' title="bbox 397 1111 2389 1179; baseline 0.001 -21"><span class='ocrx_word' id='word_1_121' title='bbox 397 1112 637 1179; x_wconf 90' lang='lat' dir='ltr'>spiritualia</span> <span class='ocrx_word' id='word_1_122' title='bbox 660 1112 783 1168; x_wconf 87' lang='lat' dir='ltr'>fidei,</span> <span class='ocrx_word' id='word_1_123' title='bbox 810 1112 964 1159; x_wconf 90' lang='lat' dir='ltr'>multis</span> <span class='ocrx_word' id='word_1_124' title='bbox 988 1113 1187 1160; x_wconf 90' lang='lat' dir='ltr'>constat:</span> <span class='ocrx_word' id='word_1_125' title='bbox 1230 1112 1531 1160; x_wconf 88' lang='lat' dir='ltr'>Instrumenta</span> <span class='ocrx_word' id='word_1_126' title='bbox 1569 1113 1757 1160; x_wconf 75' lang='lat' dir='ltr'>similia</span> <span class='ocrx_word' id='word_1_127' title='bbox 1747 1128 1793 1159; x_wconf 89' lang='lat' dir='ltr'>1n</span> <span class='ocrx_word' id='word_1_128' title='bbox 1810 1111 1936 1159; x_wconf 90' lang='lat' dir='ltr'>cultu</span> <span class='ocrx_word' id='word_1_129' title='bbox 1957 1112 2171 1159; x_wconf 83' lang='lat' dir='ltr'>Ecclefiae</span> <span class='ocrx_word' id='word_1_130' title='bbox 2197 1113 2389 1175; x_wconf 85' lang='lat' dir='ltr'>Reprae-</span> 
     </span>
     <span class='ocr_line' id='line_1_14' title="bbox 398 1177 2389 1241; baseline 0 -16"><span class='ocrx_word' id='word_1_131' title='bbox 398 1178 624 1225; x_wconf 81' lang='lat' dir='ltr'>sentativae</span> <span class='ocrx_word' id='word_1_132' title='bbox 651 1194 733 1225; x_wconf 89' lang='lat' dir='ltr'>nec</span> <span class='ocrx_word' id='word_1_133' title='bbox 757 1177 875 1224; x_wconf 87' lang='lat' dir='ltr'>aliud</span> <span class='ocrx_word' id='word_1_134' title='bbox 901 1178 1293 1241; x_wconf 86' lang='lat' dir='ltr'>repraesentabant‚</span> <span class='ocrx_word' id='word_1_135' title='bbox 1322 1179 1526 1227; x_wconf 82' lang='lat' dir='ltr'>similiter</span> <span class='ocrx_word' id='word_1_136' title='bbox 1561 1181 1698 1226; x_wconf 89' lang='lat' dir='ltr'>etiam</span> <span class='ocrx_word' id='word_1_137' title='bbox 1721 1179 1908 1234; x_wconf 89' lang='lat' dir='ltr'>Cantus,</span> <span class='ocrx_word' id='word_1_138' title='bbox 1946 1178 2049 1225; x_wconf 91' lang='lat' dir='ltr'>inde</span> <span class='ocrx_word' id='word_1_139' title='bbox 2090 1190 2158 1224; x_wconf 92' lang='lat' dir='ltr'>tot</span> <span class='ocrx_word' id='word_1_140' title='bbox 2185 1190 2389 1225; x_wconf 89' lang='lat' dir='ltr'>cantores</span> 
     </span>
     <span class='ocr_line' id='line_1_15' title="bbox 399 1243 2390 1307; baseline -0.001 -16"><span class='ocrx_word' id='word_1_141' title='bbox 399 1244 449 1291; x_wconf 86' lang='lat'>&amp;</span> <span class='ocrx_word' id='word_1_142' title='bbox 474 1243 649 1300; x_wconf 88' lang='lat' dir='ltr'>mufici,</span> <span class='ocrx_word' id='word_1_143' title='bbox 690 1244 740 1291; x_wconf 78' lang='grc' dir='ltr'>δε</span> <span class='ocrx_word' id='word_1_144' title='bbox 760 1243 950 1306; x_wconf 88' lang='lat' dir='ltr'>quidem</span> <span class='ocrx_word' id='word_1_145' title='bbox 975 1260 1031 1290; x_wconf 87' lang='lat' dir='ltr'>ex</span> <span class='ocrx_word' id='word_1_146' title='bbox 1054 1243 1196 1300; x_wconf 85' lang='lat' dir='ltr'>caula,</span> <span class='ocrx_word' id='word_1_147' title='bbox 1230 1245 1359 1306; x_wconf 91' lang='lat' dir='ltr'>quod</span> <span class='ocrx_word' id='word_1_148' title='bbox 1379 1260 1520 1294; x_wconf 89' lang='lat' dir='ltr'>omne</span> <span class='ocrx_word' id='word_1_149' title='bbox 1559 1243 1737 1292; x_wconf 88' lang='lat' dir='ltr'>coeleste</span> <span class='ocrx_word' id='word_1_150' title='bbox 1760 1245 1982 1307; x_wconf 83' lang='lat' dir='ltr'>gaudium</span> <span class='ocrx_word' id='word_1_151' title='bbox 2006 1244 2219 1307; x_wconf 87' lang='lat' dir='ltr'>producit</span> <span class='ocrx_word' id='word_1_152' title='bbox 2241 1244 2390 1291; x_wconf 87' lang='lat' dir='ltr'>cordis</span> 
     </span>
     <span class='ocr_line' id='line_1_16' title="bbox 401 1308 2415 1374; baseline 0.001 -18"><span class='ocrx_word' id='word_1_153' title='bbox 401 1309 622 1366; x_wconf 86' lang='lat' dir='ltr'>laetitiam‚</span> <span class='ocrx_word' id='word_1_154' title='bbox 658 1325 763 1372; x_wconf 83' lang='lat' dir='ltr'>quae</span> <span class='ocrx_word' id='word_1_155' title='bbox 803 1308 1034 1366; x_wconf 87' lang='lat' dir='ltr'>testificata</span> <span class='ocrx_word' id='word_1_156' title='bbox 1065 1326 1146 1372; x_wconf 89' lang='lat' dir='ltr'>per</span> <span class='ocrx_word' id='word_1_157' title='bbox 1179 1321 1381 1366; x_wconf 87' lang='lat' dir='ltr'>cantum,</span> <span class='ocrx_word' id='word_1_158' title='bbox 1425 1311 1475 1356; x_wconf 89' lang='lat'>&amp;</span> <span class='ocrx_word' id='word_1_159' title='bbox 1516 1310 1620 1357; x_wconf 89' lang='lat' dir='ltr'>dein</span> <span class='ocrx_word' id='word_1_160' title='bbox 1660 1327 1741 1374; x_wconf 88' lang='lat' dir='ltr'>per</span> <span class='ocrx_word' id='word_1_161' title='bbox 1777 1309 2068 1357; x_wconf 88' lang='lat' dir='ltr'>instrumenta</span> <span class='ocrx_word' id='word_1_162' title='bbox 2099 1310 2415 1367; x_wconf 78' lang='lat' dir='ltr'>chordarum„</span> 
     </span>
     <span class='ocr_line' id='line_1_17' title="bbox 399 1374 2392 1439; baseline 0.002 -18"><span class='ocrx_word' id='word_1_163' title='bbox 399 1392 505 1438; x_wconf 83' lang='lat' dir='ltr'>quae</span> <span class='ocrx_word' id='word_1_164' title='bbox 530 1374 872 1431; x_wconf 86' lang='lat' dir='ltr'>aemulabantur,</span> <span class='ocrx_word' id='word_1_165' title='bbox 906 1375 956 1421; x_wconf 74' lang='grc' dir='ltr'>δε</span> <span class='ocrx_word' id='word_1_166' title='bbox 980 1375 1230 1422; x_wconf 86' lang='lat' dir='ltr'>exaltabant</span> <span class='ocrx_word' id='word_1_167' title='bbox 1263 1388 1483 1430; x_wconf 87' lang='lat' dir='ltr'>cantum;</span> <span class='ocrx_word' id='word_1_168' title='bbox 1524 1377 1676 1425; x_wconf 88' lang='lat' dir='ltr'>omnis</span> <span class='ocrx_word' id='word_1_169' title='bbox 1717 1376 1893 1423; x_wconf 73' lang='lat' dir='ltr'>affeffio</span> <span class='ocrx_word' id='word_1_170' title='bbox 1925 1376 2072 1423; x_wconf 89' lang='lat' dir='ltr'>cordis</span> <span class='ocrx_word' id='word_1_171' title='bbox 2096 1376 2183 1424; x_wconf 90' lang='lat' dir='ltr'>hoc</span> <span class='ocrx_word' id='word_1_172' title='bbox 2205 1392 2392 1439; x_wconf 85' lang='lat' dir='ltr'>quoque</span> 
     </span>
     <span class='ocr_line' id='line_1_18' title="bbox 401 1437 2392 1506; baseline 0.001 -18"><span class='ocrx_word' id='word_1_173' title='bbox 401 1437 550 1488; x_wconf 85' lang='lat' dir='ltr'>secum</span> <span class='ocrx_word' id='word_1_174' title='bbox 575 1441 720 1495; x_wconf 87' lang='lat' dir='ltr'>habet,</span> <span class='ocrx_word' id='word_1_175' title='bbox 748 1441 874 1503; x_wconf 88' lang='lat' dir='ltr'>quod</span> <span class='ocrx_word' id='word_1_176' title='bbox 899 1441 1119 1504; x_wconf 91' lang='lat' dir='ltr'>producat</span> <span class='ocrx_word' id='word_1_177' title='bbox 1143 1453 1344 1498; x_wconf 90' lang='lat' dir='ltr'>cantum,</span> <span class='ocrx_word' id='word_1_178' title='bbox 1363 1441 1553 1505; x_wconf 90' lang='lat' dir='ltr'>proinde</span> <span class='ocrx_word' id='word_1_179' title='bbox 1575 1459 1681 1506; x_wconf 86' lang='lat' dir='ltr'>quae</span> <span class='ocrx_word' id='word_1_180' title='bbox 1705 1454 1859 1489; x_wconf 90' lang='lat' dir='ltr'>cantus</span> <span class='ocrx_word' id='word_1_181' title='bbox 1883 1441 2014 1497; x_wconf 80' lang='lat' dir='ltr'>sunt3</span> <span class='ocrx_word' id='word_1_182' title='bbox 2051 1442 2227 1489; x_wconf 75' lang='lat' dir='ltr'>affeffio</span> <span class='ocrx_word' id='word_1_183' title='bbox 2243 1442 2392 1493; x_wconf 89' lang='lat' dir='ltr'>cordis</span> 
     </span>
     <span class='ocr_line' id='line_1_19' title="bbox 400 1506 2387 1572; baseline 0.001 -19"><span class='ocrx_word' id='word_1_184' title='bbox 400 1506 462 1570; x_wconf 86' lang='lat' dir='ltr'>est</span> <span class='ocrx_word' id='word_1_185' title='bbox 479 1506 673 1563; x_wconf 85' lang='lat' dir='ltr'>coeleste,</span> <span class='ocrx_word' id='word_1_186' title='bbox 693 1518 847 1554; x_wconf 89' lang='lat' dir='ltr'>cantus</span> <span class='ocrx_word' id='word_1_187' title='bbox 872 1507 976 1555; x_wconf 90' lang='lat' dir='ltr'>inde</span> <span class='ocrx_word' id='word_1_188' title='bbox 989 1507 1052 1554; x_wconf 92' lang='lat' dir='ltr'>est</span> <span class='ocrx_word' id='word_1_189' title='bbox 1066 1506 1303 1571; x_wconf 85' lang='lat' dir='ltr'>spirituale.</span> <span class='ocrx_word' id='word_1_190' title='bbox 1339 1508 1483 1572; x_wconf 74' lang='lat' dir='ltr'>Qiod</span> <span class='ocrx_word' id='word_1_191' title='bbox 1500 1522 1654 1556; x_wconf 90' lang='lat' dir='ltr'>cantus</span> <span class='ocrx_word' id='word_1_192' title='bbox 1670 1509 1719 1556; x_wconf 86' lang='lat'>&amp;</span> <span class='ocrx_word' id='word_1_193' title='bbox 1743 1508 1885 1555; x_wconf 83' lang='lat' dir='ltr'>limile</span> <span class='ocrx_word' id='word_1_194' title='bbox 1902 1507 2123 1570; x_wconf 77' lang='lat' dir='ltr'>significet</span> <span class='ocrx_word' id='word_1_195' title='bbox 2146 1507 2387 1572; x_wconf 88' lang='lat' dir='ltr'>spirituale,</span> 
     </span>
     <span class='ocr_line' id='line_1_20' title="bbox 400 1572 2390 1638; baseline 0.001 -19"><span class='ocrx_word' id='word_1_196' title='bbox 400 1573 536 1620; x_wconf 87' lang='lat' dir='ltr'>etiam</span> <span class='ocrx_word' id='word_1_197' title='bbox 568 1573 764 1620; x_wconf 86' lang='lat' dir='ltr'>constare</span> <span class='ocrx_word' id='word_1_198' title='bbox 795 1572 907 1620; x_wconf 88' lang='lat' dir='ltr'>mihi</span> <span class='ocrx_word' id='word_1_199' title='bbox 933 1574 1076 1636; x_wconf 88' lang='lat' dir='ltr'>potest</span> <span class='ocrx_word' id='word_1_200' title='bbox 1115 1590 1140 1620; x_wconf 87' lang='lat' dir='ltr'>a</span> <span class='ocrx_word' id='word_1_201' title='bbox 1164 1573 1325 1622; x_wconf 90' lang='lat' dir='ltr'>Choris</span> <span class='ocrx_word' id='word_1_202' title='bbox 1349 1574 1576 1637; x_wconf 86' lang='lat' dir='ltr'>angelicis,</span> <span class='ocrx_word' id='word_1_203' title='bbox 1617 1575 1697 1638; x_wconf 92' lang='lat' dir='ltr'>qui</span> <span class='ocrx_word' id='word_1_204' title='bbox 1727 1574 1921 1638; x_wconf 90' lang='lat' dir='ltr'>duplicis</span> <span class='ocrx_word' id='word_1_205' title='bbox 1942 1577 2116 1637; x_wconf 90' lang='lat' dir='ltr'>generis</span> <span class='ocrx_word' id='word_1_206' title='bbox 2139 1573 2257 1630; x_wconf 84' lang='lat' dir='ltr'>sunt,</span> <span class='ocrx_word' id='word_1_207' title='bbox 2294 1590 2390 1621; x_wconf 90' lang='lat' dir='ltr'>coe-</span> 
     </span>
     <span class='ocr_line' id='line_1_21' title="bbox 402 1638 2386 1703; baseline 0.002 -19"><span class='ocrx_word' id='word_1_208' title='bbox 402 1638 525 1685; x_wconf 88' lang='lat' dir='ltr'>lestes</span> <span class='ocrx_word' id='word_1_209' title='bbox 557 1640 606 1686; x_wconf 90' lang='lat'>&amp;</span> <span class='ocrx_word' id='word_1_210' title='bbox 641 1639 917 1703; x_wconf 70' lang='lat' dir='ltr'>spirituales,</span> <span class='ocrx_word' id='word_1_211' title='bbox 954 1638 1196 1702; x_wconf 86' lang='lat' dir='ltr'>spirituales</span> <span class='ocrx_word' id='word_1_212' title='bbox 1213 1640 1353 1690; x_wconf 88' lang='lat' dir='ltr'>Chori</span> <span class='ocrx_word' id='word_1_213' title='bbox 1394 1656 1452 1687; x_wconf 87' lang='lat' dir='ltr'>ex</span> <span class='ocrx_word' id='word_1_214' title='bbox 1476 1656 1635 1688; x_wconf 90' lang='lat' dir='ltr'>eorum</span> <span class='ocrx_word' id='word_1_215' title='bbox 1659 1640 1768 1688; x_wconf 93' lang='lat' dir='ltr'>sono</span> <span class='ocrx_word' id='word_1_216' title='bbox 1791 1656 1956 1687; x_wconf 88' lang='lat' dir='ltr'>canoro</span> <span class='ocrx_word' id='word_1_217' title='bbox 1988 1640 2118 1697; x_wconf 88' lang='lat' dir='ltr'>alato,</span> <span class='ocrx_word' id='word_1_218' title='bbox 2146 1641 2220 1687; x_wconf 92' lang='lat' dir='ltr'>cui</span> <span class='ocrx_word' id='word_1_219' title='bbox 2253 1640 2386 1687; x_wconf 90' lang='lat' dir='ltr'>chor-</span> 
     </span>
     <span class='ocr_line' id='line_1_22' title="bbox 401 1703 2388 1770; baseline 0.002 -20"><span class='ocrx_word' id='word_1_220' title='bbox 401 1703 641 1752; x_wconf 87' lang='lat' dir='ltr'>daceorum</span> <span class='ocrx_word' id='word_1_221' title='bbox 681 1704 1082 1752; x_wconf 88' lang='lat' dir='ltr'>instrumentorum</span> <span class='ocrx_word' id='word_1_222' title='bbox 1117 1704 1249 1753; x_wconf 90' lang='lat' dir='ltr'>sonus</span> <span class='ocrx_word' id='word_1_223' title='bbox 1273 1706 1491 1753; x_wconf 80' lang='lat' dir='ltr'>assimilari</span> <span class='ocrx_word' id='word_1_224' title='bbox 1521 1706 1683 1769; x_wconf 77' lang='lat' dir='ltr'>potest,</span> <span class='ocrx_word' id='word_1_225' title='bbox 1718 1706 1862 1770; x_wconf 57' lang='lat' dir='ltr'>&gt;probe</span> <span class='ocrx_word' id='word_1_226' title='bbox 1900 1705 2095 1754; x_wconf 58' lang='lat' dir='ltr'>distineri</span> <span class='ocrx_word' id='word_1_227' title='bbox 2118 1706 2221 1753; x_wconf 93' lang='lat' dir='ltr'>sunt</span> <span class='ocrx_word' id='word_1_228' title='bbox 2244 1722 2271 1752; x_wconf 90' lang='lat' dir='ltr'>a</span> <span class='ocrx_word' id='word_1_229' title='bbox 2293 1721 2388 1753; x_wconf 86' lang='lat' dir='ltr'>coe-</span> 
     </span>
     <span class='ocr_line' id='line_1_23' title="bbox 402 1769 2389 1834; baseline 0.001 -18"><span class='ocrx_word' id='word_1_230' title='bbox 402 1769 597 1827; x_wconf 90' lang='lat' dir='ltr'>lestibus,</span> <span class='ocrx_word' id='word_1_231' title='bbox 633 1771 688 1818; x_wconf 88' lang='lat' dir='ltr'>de</span> <span class='ocrx_word' id='word_1_232' title='bbox 721 1770 885 1833; x_wconf 91' lang='lat' dir='ltr'>quibus</span> <span class='ocrx_word' id='word_1_233' title='bbox 924 1787 980 1817; x_wconf 84' lang='lat' dir='ltr'>ex</span> <span class='ocrx_word' id='word_1_234' title='bbox 1013 1772 1182 1818; x_wconf 88' lang='lat' dir='ltr'>Divina</span> <span class='ocrx_word' id='word_1_235' title='bbox 1211 1773 1406 1819; x_wconf 90' lang='lat' dir='ltr'>Domini</span> <span class='ocrx_word' id='word_1_236' title='bbox 1433 1771 1759 1828; x_wconf 87' lang='lat' dir='ltr'>Misericordia,</span> <span class='ocrx_word' id='word_1_237' title='bbox 1795 1773 1840 1819; x_wconf 91' lang='lat' dir='ltr'>in</span> <span class='ocrx_word' id='word_1_238' title='bbox 1881 1771 2180 1834; x_wconf 89' lang='lat' dir='ltr'>sequentibus.</span> <span class='ocrx_word' id='word_1_239' title='bbox 2200 1821 2215 1830; x_wconf 70' lang='lat'>‚</span> <span class='ocrx_word' id='word_1_240' title='bbox 2252 1772 2389 1819; x_wconf 91' lang='lat' dir='ltr'>Anti-</span> 
     </span>
     <span class='ocr_line' id='line_1_24' title="bbox 400 1835 2393 1901; baseline 0.002 -19"><span class='ocrx_word' id='word_1_241' title='bbox 400 1837 597 1898; x_wconf 81' lang='lat' dir='ltr'>quiffimi</span> <span class='ocrx_word' id='word_1_242' title='bbox 626 1838 778 1893; x_wconf 89' lang='lat' dir='ltr'>etiam,</span> <span class='ocrx_word' id='word_1_243' title='bbox 816 1836 943 1900; x_wconf 92' lang='lat' dir='ltr'>quod</span> <span class='ocrx_word' id='word_1_244' title='bbox 968 1836 1150 1884; x_wconf 89' lang='lat' dir='ltr'>coeleste</span> <span class='ocrx_word' id='word_1_245' title='bbox 1182 1850 1290 1895; x_wconf 88' lang='lat' dir='ltr'>erat,</span> <span class='ocrx_word' id='word_1_246' title='bbox 1318 1835 1565 1884; x_wconf 87' lang='lat' dir='ltr'>referebant</span> <span class='ocrx_word' id='word_1_247' title='bbox 1588 1838 1647 1885; x_wconf 90' lang='lat' dir='ltr'>ad</span> <span class='ocrx_word' id='word_1_248' title='bbox 1669 1837 1834 1885; x_wconf 90' lang='lat' dir='ltr'>Cordis</span> <span class='ocrx_word' id='word_1_249' title='bbox 1857 1838 2157 1901; x_wconf 90' lang='lat' dir='ltr'>provinciam,</span> <span class='ocrx_word' id='word_1_250' title='bbox 2192 1837 2242 1885; x_wconf 87' lang='lat'>&amp;</span> <span class='ocrx_word' id='word_1_251' title='bbox 2265 1837 2393 1901; x_wconf 89' lang='lat' dir='ltr'>quod</span> 
     </span>
     <span class='ocr_line' id='line_1_25' title="bbox 401 1902 2395 1967; baseline 0.003 -20"><span class='ocrx_word' id='word_1_252' title='bbox 401 1902 622 1965; x_wconf 85' lang='lat' dir='ltr'>spirituale</span> <span class='ocrx_word' id='word_1_253' title='bbox 663 1903 720 1949; x_wconf 90' lang='lat' dir='ltr'>ad</span> <span class='ocrx_word' id='word_1_254' title='bbox 748 1903 1048 1959; x_wconf 88' lang='lat' dir='ltr'>Pulmonum,</span> <span class='ocrx_word' id='word_1_255' title='bbox 1084 1905 1145 1950; x_wconf 89' lang='lat' dir='ltr'>ita</span> <span class='ocrx_word' id='word_1_256' title='bbox 1183 1903 1410 1966; x_wconf 87' lang='lat' dir='ltr'>spirituale</span> <span class='ocrx_word' id='word_1_257' title='bbox 1441 1903 1497 1950; x_wconf 91' lang='lat' dir='ltr'>ad</span> <span class='ocrx_word' id='word_1_258' title='bbox 1538 1919 1826 1967; x_wconf 86' lang='lat' dir='ltr'>quaecunque</span> <span class='ocrx_word' id='word_1_259' title='bbox 1858 1903 2138 1967; x_wconf 89' lang='lat' dir='ltr'>pulmonum</span> <span class='ocrx_word' id='word_1_260' title='bbox 2172 1903 2290 1960; x_wconf 90' lang='lat' dir='ltr'>sunt,</span> <span class='ocrx_word' id='word_1_261' title='bbox 2337 1902 2395 1952; x_wconf 54' lang='lat' dir='ltr'>ut&#39;</span> 
     </span>
     <span class='ocr_line' id='line_1_26' title="bbox 402 1968 2389 2031; baseline 0.001 -17"><span class='ocrx_word' id='word_1_262' title='bbox 402 1983 535 2014; x_wconf 90' lang='lat' dir='ltr'>voces</span> <span class='ocrx_word' id='word_1_263' title='bbox 559 1980 731 2024; x_wconf 90' lang='lat' dir='ltr'>cantus,</span> <span class='ocrx_word' id='word_1_264' title='bbox 772 1969 821 2015; x_wconf 69' lang='grc' dir='ltr'>ὅτ</span> <span class='ocrx_word' id='word_1_265' title='bbox 846 1984 952 2031; x_wconf 84' lang='lat' dir='ltr'>quae</span> <span class='ocrx_word' id='word_1_266' title='bbox 976 1969 1151 2026; x_wconf 86' lang='lat' dir='ltr'>firnilia,</span> <span class='ocrx_word' id='word_1_267' title='bbox 1187 1969 1246 2015; x_wconf 87' lang='lat' dir='ltr'>fic</span> <span class='ocrx_word' id='word_1_268' title='bbox 1271 1969 1328 2015; x_wconf 90' lang='lat' dir='ltr'>ad</span> <span class='ocrx_word' id='word_1_269' title='bbox 1351 1984 1486 2015; x_wconf 89' lang='lat' dir='ltr'>voces</span> <span class='ocrx_word' id='word_1_270' title='bbox 1510 1968 1582 2015; x_wconf 90' lang='lat' dir='ltr'>seu</span> <span class='ocrx_word' id='word_1_271' title='bbox 1608 1968 1736 2015; x_wconf 91' lang='lat' dir='ltr'>sonos</span> <span class='ocrx_word' id='word_1_272' title='bbox 1760 1968 1918 2016; x_wconf 88' lang='lat' dir='ltr'>talium</span> <span class='ocrx_word' id='word_1_273' title='bbox 1951 1968 2389 2024; x_wconf 88' lang='lat' dir='ltr'>instrumentorum,</span> 
     </span>
     <span class='ocr_line' id='line_1_27' title="bbox 402 2032 2386 2110; baseline 0.001 -32"><span class='ocrx_word' id='word_1_274' title='bbox 402 2049 458 2078; x_wconf 88' lang='lat' dir='ltr'>ex</span> <span class='ocrx_word' id='word_1_275' title='bbox 480 2032 605 2080; x_wconf 88' lang='lat' dir='ltr'>causa</span> <span class='ocrx_word' id='word_1_276' title='bbox 628 2050 719 2081; x_wconf 88' lang='lat' dir='ltr'>non</span> <span class='ocrx_word' id='word_1_277' title='bbox 752 2034 914 2089; x_wconf 88' lang='lat' dir='ltr'>solum,</span> <span class='ocrx_word' id='word_1_278' title='bbox 946 2037 1054 2096; x_wconf 81' lang='lat' dir='ltr'>quia</span> <span class='ocrx_word' id='word_1_279' title='bbox 1071 2050 1150 2086; x_wconf 85' lang='lat' dir='ltr'>cor</span> <span class='ocrx_word' id='word_1_280' title='bbox 1174 2036 1223 2080; x_wconf 87' lang='lat'>&amp;</span> <span class='ocrx_word' id='word_1_281' title='bbox 1240 2032 1497 2110; x_wconf 86' lang='lat' dir='ltr'>pulmones</span> <span class='ocrx_word' id='word_1_282' title='bbox 1505 2034 1740 2097; x_wconf 89' lang='lat' dir='ltr'>quoddam</span> <span class='ocrx_word' id='word_1_283' title='bbox 1764 2032 2031 2110; x_wconf 85' lang='lat' dir='ltr'>conjugium</span> <span class='ocrx_word' id='word_1_284' title='bbox 2056 2033 2386 2097; x_wconf 86' lang='lat' dir='ltr'>repraesentant,</span> 
     </span>
     <span class='ocr_line' id='line_1_28' title="bbox 402 2097 2386 2163; baseline 0.001 -18"><span class='ocrx_word' id='word_1_285' title='bbox 402 2097 514 2148; x_wconf 80' lang='lat' dir='ltr'>sicut</span> <span class='ocrx_word' id='word_1_286' title='bbox 552 2115 693 2146; x_wconf 86' lang='lat' dir='ltr'>amor</span> <span class='ocrx_word' id='word_1_287' title='bbox 711 2099 759 2146; x_wconf 73' lang='grc' dir='ltr'>δε</span> <span class='ocrx_word' id='word_1_288' title='bbox 791 2099 919 2155; x_wconf 88' lang='lat' dir='ltr'>fides,</span> <span class='ocrx_word' id='word_1_289' title='bbox 958 2098 1031 2146; x_wconf 90' lang='lat' dir='ltr'>sed</span> <span class='ocrx_word' id='word_1_290' title='bbox 1065 2101 1200 2146; x_wconf 90' lang='lat' dir='ltr'>etiam</span> <span class='ocrx_word' id='word_1_291' title='bbox 1232 2099 1338 2163; x_wconf 88' lang='lat' dir='ltr'>quia</span> <span class='ocrx_word' id='word_1_292' title='bbox 1366 2099 1567 2146; x_wconf 85' lang='lat' dir='ltr'>coelestes</span> <span class='ocrx_word' id='word_1_293' title='bbox 1590 2101 1762 2163; x_wconf 88' lang='lat' dir='ltr'>Angeli</span> <span class='ocrx_word' id='word_1_294' title='bbox 1799 2100 1856 2146; x_wconf 89' lang='lat' dir='ltr'>ad</span> <span class='ocrx_word' id='word_1_295' title='bbox 1895 2100 2178 2161; x_wconf 89' lang='lat' dir='ltr'>provinciam</span> <span class='ocrx_word' id='word_1_296' title='bbox 2221 2100 2386 2156; x_wconf 86' lang='lat' dir='ltr'>cordis,</span> 
     </span>
     <span class='ocr_line' id='line_1_29' title="bbox 328 2162 2387 2228; baseline 0.002 -20"><span class='ocrx_word' id='word_1_297' title='bbox 328 2181 333 2185; x_wconf 85' lang='lat'>·</span> <span class='ocrx_word' id='word_1_298' title='bbox 404 2162 647 2226; x_wconf 87' lang='lat' dir='ltr'>spirituales</span> <span class='ocrx_word' id='word_1_299' title='bbox 670 2181 778 2210; x_wconf 89' lang='lat' dir='ltr'>vero</span> <span class='ocrx_word' id='word_1_300' title='bbox 801 2164 946 2228; x_wconf 85' lang='lat' dir='ltr'>angeli</span> <span class='ocrx_word' id='word_1_301' title='bbox 969 2166 1024 2212; x_wconf 90' lang='lat' dir='ltr'>ad</span> <span class='ocrx_word' id='word_1_302' title='bbox 1056 2165 1332 2228; x_wconf 90' lang='lat' dir='ltr'>pulmonum</span> <span class='ocrx_word' id='word_1_303' title='bbox 1356 2167 1594 2228; x_wconf 88' lang='lat' dir='ltr'>pertinent.</span> <span class='ocrx_word' id='word_1_304' title='bbox 1667 2165 1813 2227; x_wconf 83' lang='lat' dir='ltr'>Quod</span> <span class='ocrx_word' id='word_1_305' title='bbox 1844 2165 1950 2213; x_wconf 87' lang='lat' dir='ltr'>talia</span> <span class='ocrx_word' id='word_1_306' title='bbox 1970 2164 2042 2212; x_wconf 92' lang='lat' dir='ltr'>hic</span> <span class='ocrx_word' id='word_1_307' title='bbox 2066 2164 2387 2228; x_wconf 82' lang='lat' dir='ltr'>intelligantur,</span> 
     </span>
     <span class='ocr_line' id='line_1_30' title="bbox 404 2229 2386 2294; baseline 0.002 -19"><span class='ocrx_word' id='word_1_308' title='bbox 404 2231 536 2275; x_wconf 83' lang='lat' dir='ltr'>etiam</span> <span class='ocrx_word' id='word_1_309' title='bbox 570 2229 715 2293; x_wconf 86' lang='lat' dir='ltr'>potest</span> <span class='ocrx_word' id='word_1_310' title='bbox 753 2230 849 2277; x_wconf 88' lang='lat' dir='ltr'>sciri</span> <span class='ocrx_word' id='word_1_311' title='bbox 883 2247 939 2278; x_wconf 85' lang='lat' dir='ltr'>ex</span> <span class='ocrx_word' id='word_1_312' title='bbox 962 2247 1031 2287; x_wconf 91' lang='lat' dir='ltr'>eo,</span> <span class='ocrx_word' id='word_1_313' title='bbox 1075 2231 1202 2294; x_wconf 90' lang='lat' dir='ltr'>quod</span> <span class='ocrx_word' id='word_1_314' title='bbox 1226 2230 1434 2278; x_wconf 89' lang='lat' dir='ltr'>Verbum</span> <span class='ocrx_word' id='word_1_315' title='bbox 1457 2232 1649 2278; x_wconf 92' lang='lat' dir='ltr'>Domini</span> <span class='ocrx_word' id='word_1_316' title='bbox 1688 2230 1758 2286; x_wconf 86' lang='lat' dir='ltr'>fit,</span> <span class='ocrx_word' id='word_1_317' title='bbox 1807 2231 1852 2276; x_wconf 90' lang='lat' dir='ltr'>in</span> <span class='ocrx_word' id='word_1_318' title='bbox 1876 2245 1970 2293; x_wconf 91' lang='lat' dir='ltr'>quo</span> <span class='ocrx_word' id='word_1_319' title='bbox 1993 2230 2116 2278; x_wconf 90' lang='lat' dir='ltr'>nulla</span> <span class='ocrx_word' id='word_1_320' title='bbox 2137 2232 2232 2278; x_wconf 87' lang='lat' dir='ltr'>vita</span> <span class='ocrx_word' id='word_1_321' title='bbox 2253 2229 2386 2288; x_wconf 90' lang='lat' dir='ltr'>foret,</span> 
     </span>
     <span class='ocr_line' id='line_1_31' title="bbox 405 2292 2388 2360; baseline 0.002 -20"><span class='ocrx_word' id='word_1_322' title='bbox 405 2294 435 2340; x_wconf 86' lang='lat' dir='ltr'>si</span> <span class='ocrx_word' id='word_1_323' title='bbox 462 2295 604 2342; x_wconf 88' lang='lat' dir='ltr'>modo</span> <span class='ocrx_word' id='word_1_324' title='bbox 629 2309 889 2352; x_wconf 87' lang='lat' dir='ltr'>narraretur,</span> <span class='ocrx_word' id='word_1_325' title='bbox 916 2297 1043 2359; x_wconf 92' lang='lat' dir='ltr'>quod</span> <span class='ocrx_word' id='word_1_326' title='bbox 1068 2296 1203 2358; x_wconf 88' lang='lat' dir='ltr'>Jubal</span> <span class='ocrx_word' id='word_1_327' title='bbox 1241 2297 1344 2344; x_wconf 83' lang='lat' dir='ltr'>esset</span> <span class='ocrx_word' id='word_1_328' title='bbox 1367 2308 1493 2360; x_wconf 90' lang='lat' dir='ltr'>pater</span> <span class='ocrx_word' id='word_1_329' title='bbox 1514 2295 1786 2360; x_wconf 89' lang='lat' dir='ltr'>pulsantium</span> <span class='ocrx_word' id='word_1_330' title='bbox 1812 2294 2027 2343; x_wconf 84' lang='lat' dir='ltr'>citharam</span> <span class='ocrx_word' id='word_1_331' title='bbox 2044 2298 2100 2344; x_wconf 86' lang='lat'>&amp;</span> <span class='ocrx_word' id='word_1_332' title='bbox 2122 2292 2386 2359; x_wconf 78' lang='lat' dir='ltr'>organum·</span> <span class='ocrx_word' id='word_1_333' title='bbox 2373 2332 2388 2352; x_wconf 93' lang='lat'><em>‚</em></span> 
     </span>
     <span class='ocr_line' id='line_1_32' title="bbox 405 2360 1017 2409; baseline 0.005 -3"><span class='ocrx_word' id='word_1_334' title='bbox 405 2375 486 2407; x_wconf 87' lang='lat' dir='ltr'>nec</span> <span class='ocrx_word' id='word_1_335' title='bbox 503 2360 634 2407; x_wconf 82' lang='lat' dir='ltr'>alicui</span> <span class='ocrx_word' id='word_1_336' title='bbox 669 2361 764 2408; x_wconf 88' lang='lat' dir='ltr'>usui</span> <span class='ocrx_word' id='word_1_337' title='bbox 787 2362 873 2408; x_wconf 88' lang='lat' dir='ltr'>hoc</span> <span class='ocrx_word' id='word_1_338' title='bbox 898 2362 1017 2409; x_wconf 89' lang='lat' dir='ltr'>scire.</span> 
     </span>
    </p>

    <p class='ocr_par' dir='ltr' id='par_1_5' title="bbox 403 2427 2458 2952">
     <span class='ocr_line' id='line_1_33' title="bbox 470 2427 2391 2491; baseline 0.003 -19"><span class='ocrx_word' id='word_1_339' title='bbox 470 2443 582 2491; x_wconf 89' lang='lat'>419.</span> <span class='ocrx_word' id='word_1_340' title='bbox 620 2428 747 2473; x_wconf 91' lang='lat' dir='ltr'>Sicut</span> <span class='ocrx_word' id='word_1_341' title='bbox 770 2428 980 2474; x_wconf 87' lang='lat' dir='ltr'>Coelestia</span> <span class='ocrx_word' id='word_1_342' title='bbox 1019 2427 1119 2475; x_wconf 91' lang='lat' dir='ltr'>sunt</span> <span class='ocrx_word' id='word_1_343' title='bbox 1157 2428 1300 2475; x_wconf 59' lang='lat' dir='ltr'>fausta</span> <span class='ocrx_word' id='word_1_344' title='bbox 1332 2428 1512 2485; x_wconf 87' lang='lat' dir='ltr'>amoris,</span> <span class='ocrx_word' id='word_1_345' title='bbox 1550 2429 1597 2475; x_wconf 90' lang='lat'>&amp;</span> <span class='ocrx_word' id='word_1_346' title='bbox 1622 2427 1739 2476; x_wconf 89' lang='lat' dir='ltr'>bona</span> <span class='ocrx_word' id='word_1_347' title='bbox 1778 2428 1898 2484; x_wconf 90' lang='lat' dir='ltr'>inde,</span> <span class='ocrx_word' id='word_1_348' title='bbox 1933 2428 1994 2475; x_wconf 90' lang='lat' dir='ltr'>ita</span> <span class='ocrx_word' id='word_1_349' title='bbox 2017 2427 2259 2491; x_wconf 90' lang='lat' dir='ltr'>spiritualia</span> <span class='ocrx_word' id='word_1_350' title='bbox 2289 2428 2391 2477; x_wconf 91' lang='lat' dir='ltr'>sunt</span> 
     </span>
     <span class='ocr_line' id='line_1_34' title="bbox 406 2492 2445 2557; baseline 0.002 -20"><span class='ocrx_word' id='word_1_351' title='bbox 406 2506 509 2537; x_wconf 90' lang='lat' dir='ltr'>vera</span> <span class='ocrx_word' id='word_1_352' title='bbox 546 2495 594 2541; x_wconf 89' lang='lat'>&amp;</span> <span class='ocrx_word' id='word_1_353' title='bbox 627 2492 743 2539; x_wconf 91' lang='lat' dir='ltr'>bona</span> <span class='ocrx_word' id='word_1_354' title='bbox 780 2493 921 2549; x_wconf 74' lang='lat' dir='ltr'>fidei,</span> <span class='ocrx_word' id='word_1_355' title='bbox 957 2493 1063 2540; x_wconf 85' lang='lat' dir='ltr'>fidei</span> <span class='ocrx_word' id='word_1_356' title='bbox 1098 2495 1221 2540; x_wconf 91' lang='lat' dir='ltr'>enim</span> <span class='ocrx_word' id='word_1_357' title='bbox 1254 2493 1317 2541; x_wconf 89' lang='lat' dir='ltr'>est</span> <span class='ocrx_word' id='word_1_358' title='bbox 1355 2494 1602 2557; x_wconf 88' lang='lat' dir='ltr'>intelligere</span> <span class='ocrx_word' id='word_1_359' title='bbox 1625 2511 1716 2541; x_wconf 90' lang='lat' dir='ltr'>non</span> <span class='ocrx_word' id='word_1_360' title='bbox 1757 2494 1903 2541; x_wconf 91' lang='lat' dir='ltr'>solum</span> <span class='ocrx_word' id='word_1_361' title='bbox 1943 2495 2057 2557; x_wconf 90' lang='lat' dir='ltr'>quid</span> <span class='ocrx_word' id='word_1_362' title='bbox 2097 2511 2277 2552; x_wconf 85' lang='lat' dir='ltr'>verum,</span> <span class='ocrx_word' id='word_1_363' title='bbox 2313 2493 2389 2542; x_wconf 87' lang='lat' dir='ltr'>sed</span> <span class='ocrx_word' id='word_1_364' title='bbox 2443 2498 2445 2501; x_wconf 75' lang='grc'>’</span> 
     </span>
     <span class='ocr_line' id='line_1_35' title="bbox 403 2557 2458 2623; baseline 0.002 -20"><span class='ocrx_word' id='word_1_365' title='bbox 403 2559 539 2604; x_wconf 88' lang='lat' dir='ltr'>etiam</span> <span class='ocrx_word' id='word_1_366' title='bbox 578 2558 690 2621; x_wconf 91' lang='lat' dir='ltr'>quid</span> <span class='ocrx_word' id='word_1_367' title='bbox 731 2557 939 2615; x_wconf 88' lang='lat' dir='ltr'>bonum;</span> <span class='ocrx_word' id='word_1_368' title='bbox 985 2560 1267 2622; x_wconf 87' lang='lat' dir='ltr'>cognitiones</span> <span class='ocrx_word' id='word_1_369' title='bbox 1304 2560 1410 2607; x_wconf 90' lang='lat' dir='ltr'>fidei</span> <span class='ocrx_word' id='word_1_370' title='bbox 1442 2560 1685 2607; x_wconf 86' lang='lat' dir='ltr'>involvunt</span> <span class='ocrx_word' id='word_1_371' title='bbox 1713 2573 1993 2623; x_wconf 86' lang='lat' dir='ltr'>utrumque;</span> <span class='ocrx_word' id='word_1_372' title='bbox 2045 2559 2121 2607; x_wconf 90' lang='lat' dir='ltr'>sed</span> <span class='ocrx_word' id='word_1_373' title='bbox 2155 2561 2238 2607; x_wconf 88' lang='lat' dir='ltr'>effe</span> <span class='ocrx_word' id='word_1_374' title='bbox 2272 2560 2388 2618; x_wconf 81' lang='lat' dir='ltr'>talis,</span> <span class='ocrx_word' id='word_1_375' title='bbox 2456 2604 2458 2606; x_wconf 84' lang='lat'>.</span> 
     </span>
     <span class='ocr_line' id='line_1_36' title="bbox 405 2623 2424 2690; baseline 0.002 -21"><span class='ocrx_word' id='word_1_376' title='bbox 405 2623 517 2671; x_wconf 87' lang='lat' dir='ltr'>ficut</span> <span class='ocrx_word' id='word_1_377' title='bbox 553 2624 664 2671; x_wconf 87' lang='lat' dir='ltr'>fides</span> <span class='ocrx_word' id='word_1_378' title='bbox 696 2624 845 2680; x_wconf 91' lang='lat' dir='ltr'>docet,</span> <span class='ocrx_word' id='word_1_379' title='bbox 887 2625 1179 2672; x_wconf 88' lang='lat' dir='ltr'>estcoeleste.</span> <span class='ocrx_word' id='word_1_380' title='bbox 1252 2626 1378 2690; x_wconf 82' lang='lat' dir='ltr'>Qia</span> <span class='ocrx_word' id='word_1_381' title='bbox 1412 2626 1523 2672; x_wconf 90' lang='lat' dir='ltr'>fides</span> <span class='ocrx_word' id='word_1_382' title='bbox 1560 2626 1754 2673; x_wconf 88' lang='lat' dir='ltr'>involvit</span> <span class='ocrx_word' id='word_1_383' title='bbox 1785 2638 2047 2689; x_wconf 89' lang='lat' dir='ltr'>utrumque,</span> <span class='ocrx_word' id='word_1_384' title='bbox 2084 2626 2390 2689; x_wconf 75' lang='lat' dir='ltr'>significantur</span> <span class='ocrx_word' id='word_1_385' title='bbox 2418 2686 2424 2688; x_wconf 37' lang='grc'>-</span> 
     </span>
     <span class='ocr_line' id='line_1_37' title="bbox 406 2689 2389 2755; baseline 0 -18"><span class='ocrx_word' id='word_1_386' title='bbox 406 2704 488 2755; x_wconf 88' lang='lat' dir='ltr'>per</span> <span class='ocrx_word' id='word_1_387' title='bbox 511 2690 605 2737; x_wconf 90' lang='lat' dir='ltr'>duo</span> <span class='ocrx_word' id='word_1_388' title='bbox 628 2689 939 2747; x_wconf 85' lang='lat' dir='ltr'>instrumenta,</span> <span class='ocrx_word' id='word_1_389' title='bbox 975 2707 1055 2754; x_wconf 91' lang='lat' dir='ltr'>per</span> <span class='ocrx_word' id='word_1_390' title='bbox 1075 2691 1289 2739; x_wconf 86' lang='lat' dir='ltr'>citharam</span> <span class='ocrx_word' id='word_1_391' title='bbox 1325 2694 1373 2738; x_wconf 86' lang='lat'>&amp;</span> <span class='ocrx_word' id='word_1_392' title='bbox 1408 2707 1662 2755; x_wconf 71' lang='lat' dir='ltr'>organum,</span> <span class='ocrx_word' id='word_1_393' title='bbox 1711 2692 1892 2739; x_wconf 91' lang='lat' dir='ltr'>Cithara</span> <span class='ocrx_word' id='word_1_394' title='bbox 1930 2691 1994 2739; x_wconf 92' lang='lat' dir='ltr'>est</span> <span class='ocrx_word' id='word_1_395' title='bbox 2039 2691 2389 2738; x_wconf 88' lang='lat' dir='ltr'>instrumentum</span> 
     </span>
     <span class='ocr_line' id='line_1_38' title="bbox 408 2755 2387 2820; baseline 0 -17"><span class='ocrx_word' id='word_1_396' title='bbox 408 2757 724 2811; x_wconf 87' lang='lat' dir='ltr'>chordaceum,</span> <span class='ocrx_word' id='word_1_397' title='bbox 749 2768 801 2802; x_wconf 92' lang='lat' dir='ltr'>ut</span> <span class='ocrx_word' id='word_1_398' title='bbox 817 2769 979 2803; x_wconf 90' lang='lat' dir='ltr'>notum</span> <span class='ocrx_word' id='word_1_399' title='bbox 1001 2757 1080 2814; x_wconf 91' lang='lat' dir='ltr'>est,</span> <span class='ocrx_word' id='word_1_400' title='bbox 1105 2773 1240 2820; x_wconf 88' lang='lat' dir='ltr'>quare</span> <span class='ocrx_word' id='word_1_401' title='bbox 1263 2755 1484 2819; x_wconf 91' lang='lat' dir='ltr'>spirituale</span> <span class='ocrx_word' id='word_1_402' title='bbox 1507 2773 1668 2804; x_wconf 88' lang='lat' dir='ltr'>verum</span> <span class='ocrx_word' id='word_1_403' title='bbox 1691 2757 1940 2820; x_wconf 87' lang='lat' dir='ltr'>fignificat·,</span> <span class='ocrx_word' id='word_1_404' title='bbox 1967 2757 2210 2819; x_wconf 91' lang='lat' dir='ltr'>Organum</span> <span class='ocrx_word' id='word_1_405' title='bbox 2236 2769 2387 2803; x_wconf 87' lang='lat' dir='ltr'>autem</span> 
     </span>
     <span class='ocr_line' id='line_1_39' title="bbox 404 2819 2389 2886; baseline 0 -16"><span class='ocrx_word' id='word_1_406' title='bbox 404 2819 466 2869; x_wconf 89' lang='lat' dir='ltr'>est</span> <span class='ocrx_word' id='word_1_407' title='bbox 490 2822 835 2870; x_wconf 89' lang='lat' dir='ltr'>instrumentum</span> <span class='ocrx_word' id='word_1_408' title='bbox 871 2823 1075 2870; x_wconf 89' lang='lat' dir='ltr'>medium</span> <span class='ocrx_word' id='word_1_409' title='bbox 1099 2825 1212 2870; x_wconf 89' lang='lat' dir='ltr'>inter</span> <span class='ocrx_word' id='word_1_410' title='bbox 1235 2822 1551 2879; x_wconf 87' lang='lat' dir='ltr'>chordaceum,</span> <span class='ocrx_word' id='word_1_411' title='bbox 1593 2825 1642 2869; x_wconf 76' lang='grc' dir='ltr'>δε</span> <span class='ocrx_word' id='word_1_412' title='bbox 1665 2822 1794 2885; x_wconf 90' lang='lat' dir='ltr'>quod</span> <span class='ocrx_word' id='word_1_413' title='bbox 1832 2823 2025 2877; x_wconf 85' lang='lat' dir='ltr'>inflatur,</span> <span class='ocrx_word' id='word_1_414' title='bbox 2060 2837 2195 2884; x_wconf 88' lang='lat' dir='ltr'>quare</span> <span class='ocrx_word' id='word_1_415' title='bbox 2232 2839 2313 2886; x_wconf 91' lang='lat' dir='ltr'>per</span> <span class='ocrx_word' id='word_1_416' title='bbox 2340 2823 2389 2870; x_wconf 87' lang='lat' dir='ltr'>id</span> 
     </span>
     <span class='ocr_line' id='line_1_40' title="bbox 406 2886 1152 2952; baseline 0.001 -17"><span class='ocrx_word' id='word_1_417' title='bbox 406 2887 627 2952; x_wconf 89' lang='lat' dir='ltr'>spirituale</span> <span class='ocrx_word' id='word_1_418' title='bbox 661 2886 833 2933; x_wconf 90' lang='lat' dir='ltr'>bonum</span> <span class='ocrx_word' id='word_1_419' title='bbox 865 2888 1152 2950; x_wconf 85' lang='lat' dir='ltr'>significatur.</span> 
     </span>
    </p>

    <p class='ocr_par' dir='ltr' id='par_1_6' title="bbox 406 2951 2390 3213">
     <span class='ocr_line' id='line_1_41' title="bbox 473 2951 2390 3029; baseline 0.001 -28"><span class='ocrx_word' id='word_1_420' title='bbox 473 2971 584 3015; x_wconf 82' lang='lat'><strong>4²0·</strong></span> <span class='ocrx_word' id='word_1_421' title='bbox 621 2953 674 2998; x_wconf 90' lang='lat' dir='ltr'>In</span> <span class='ocrx_word' id='word_1_422' title='bbox 697 2952 849 2999; x_wconf 90' lang='lat' dir='ltr'>Verbo</span> <span class='ocrx_word' id='word_1_423' title='bbox 872 2957 993 3000; x_wconf 88' lang='lat' dir='ltr'>varia</span> <span class='ocrx_word' id='word_1_424' title='bbox 1032 2955 1322 3001; x_wconf 87' lang='lat' dir='ltr'>instrumenta</span> <span class='ocrx_word' id='word_1_425' title='bbox 1361 2965 1685 3008; x_wconf 88' lang='lat' dir='ltr'>memorantur,</span> <span class='ocrx_word' id='word_1_426' title='bbox 1722 2952 1770 2998; x_wconf 80' lang='grc' dir='ltr'>ὅτ</span> <span class='ocrx_word' id='word_1_427' title='bbox 1810 2951 1984 3015; x_wconf 78' lang='lat' dir='ltr'>singula</span> <span class='ocrx_word' id='word_1_428' title='bbox 2019 2951 2143 3002; x_wconf 86' lang='lat' dir='ltr'>suam</span> <span class='ocrx_word' id='word_1_429' title='bbox 2166 2953 2390 3029; x_wconf 85' lang='lat' dir='ltr'>fignifica-</span> 
     </span>
     <span class='ocr_line' id='line_1_42' title="bbox 406 3015 2408 3082; baseline 0 -15"><span class='ocrx_word' id='word_1_430' title='bbox 406 3022 578 3067; x_wconf 86' lang='lat' dir='ltr'>tionem</span> <span class='ocrx_word' id='word_1_431' title='bbox 612 3016 883 3073; x_wconf 46' lang='lat' dir='ltr'>habentrde</span> <span class='ocrx_word' id='word_1_432' title='bbox 921 3019 1091 3082; x_wconf 91' lang='lat' dir='ltr'>quibus</span> <span class='ocrx_word' id='word_1_433' title='bbox 1119 3035 1176 3066; x_wconf 83' lang='lat' dir='ltr'>ex</span> <span class='ocrx_word' id='word_1_434' title='bbox 1205 3020 1376 3065; x_wconf 83' lang='lat' dir='ltr'>Divina</span> <span class='ocrx_word' id='word_1_435' title='bbox 1397 3019 1591 3065; x_wconf 90' lang='lat' dir='ltr'>Domini</span> <span class='ocrx_word' id='word_1_436' title='bbox 1614 3015 1940 3074; x_wconf 88' lang='lat' dir='ltr'>Misericordia,</span> <span class='ocrx_word' id='word_1_437' title='bbox 1982 3017 2067 3064; x_wconf 89' lang='lat' dir='ltr'>suis</span> <span class='ocrx_word' id='word_1_438' title='bbox 2091 3019 2228 3068; x_wconf 90' lang='lat' dir='ltr'>locis:</span> <span class='ocrx_word' id='word_1_439' title='bbox 2266 3036 2408 3070; x_wconf 89' lang='lat' dir='ltr'>nunc</span> 
     </span>
     <span class='ocr_line' id='line_1_43' title="bbox 407 3083 2402 3158; baseline 0.001 -26"><span class='ocrx_word' id='word_1_440' title='bbox 407 3087 568 3139; x_wconf 77' lang='lat' dir='ltr'>solum,</span> <span class='ocrx_word' id='word_1_441' title='bbox 604 3099 708 3158; x_wconf 86' lang='lat' dir='ltr'>quae</span> <span class='ocrx_word' id='word_1_442' title='bbox 739 3083 859 3147; x_wconf 88' lang='lat' dir='ltr'>apud</span> <span class='ocrx_word' id='word_1_443' title='bbox 882 3084 1126 3141; x_wconf 76' lang='lat' dir='ltr'>Davidem,</span> <span class='ocrx_word' id='word_1_444' title='bbox 1164 3089 1197 3112; x_wconf 86' lang='lat'><strong>“</strong></span> <span class='ocrx_word' id='word_1_445' title='bbox 1222 3083 1519 3130; x_wconf 86' lang='lat' dir='ltr'>Sacrificabo</span> <span class='ocrx_word' id='word_1_446' title='bbox 1510 3100 1556 3130; x_wconf 79' lang='lat' dir='ltr'>ln</span> <span class='ocrx_word' id='word_1_447' title='bbox 1579 3085 1754 3130; x_wconf 86' lang='lat' dir='ltr'>tentorio</span> <span class='ocrx_word' id='word_1_448' title='bbox 1777 3083 1968 3145; x_wconf 84' lang='lat' dir='ltr'>Jehovae</span> <span class='ocrx_word' id='word_1_449' title='bbox 2002 3083 2211 3135; x_wconf 85' lang='lat' dir='ltr'>sacrificia</span> <span class='ocrx_word' id='word_1_450' title='bbox 2232 3088 2402 3150; x_wconf 83' lang='lat' dir='ltr'>voctfe</span> 
     </span>
     <span class='ocr_line' id='line_1_44' title="bbox 411 3147 2387 3213; baseline 0.002 -15"><span class='ocrx_word' id='word_1_451' title='bbox 411 3157 444 3178; x_wconf 90' lang='lat'>“</span> <span class='ocrx_word' id='word_1_452' title='bbox 478 3151 673 3204; x_wconf 82' lang='lat' dir='ltr'>rationis,</span> <span class='ocrx_word' id='word_1_453' title='bbox 710 3162 855 3196; x_wconf 78' lang='lat' dir='ltr'>canam</span> <span class='ocrx_word' id='word_1_454' title='bbox 883 3150 930 3197; x_wconf 85' lang='lat'>&amp;</span> <span class='ocrx_word' id='word_1_455' title='bbox 952 3150 1128 3213; x_wconf 79' lang='lat' dir='ltr'>psallam</span> <span class='ocrx_word' id='word_1_456' title='bbox 1153 3148 1393 3211; x_wconf 83' lang='lat' dir='ltr'>Jehovae,”</span> <span class='ocrx_word' id='word_1_457' title='bbox 1434 3147 1607 3197; x_wconf 89' lang='lat' dir='ltr'>Psalm:</span> <span class='ocrx_word' id='word_1_458' title='bbox 1634 3164 1811 3197; x_wconf 83' lang='lat' dir='ltr'>xxvn:</span> <span class='ocrx_word' id='word_1_459' title='bbox 1838 3149 1881 3197; x_wconf 87' lang='lat'>6.</span> <span class='ocrx_word' id='word_1_460' title='bbox 1922 3149 1999 3198; x_wconf 87' lang='lat' dir='ltr'>ubi</span> <span class='ocrx_word' id='word_1_461' title='bbox 2022 3166 2104 3213; x_wconf 89' lang='lat' dir='ltr'>per</span> <span class='ocrx_word' id='word_1_462' title='bbox 2126 3153 2387 3210; x_wconf 88' lang='lat' dir='ltr'>tentorium,</span> 
     </span>
    </p>
   </div>
   <div class='ocr_carea' id='block_1_3' title="bbox 2196 3217 2387 3274">
    <p class='ocr_par' dir='ltr' id='par_1_7' title="bbox 2196 3217 2387 3274">
     <span class='ocr_line' id='line_1_45' title="bbox 2196 3217 2387 3274; baseline 0.005 -9"><span class='ocrx_word' id='word_1_463' title='bbox 2196 3217 2387 3274; x_wconf 85' lang='lat' dir='ltr'>coeleste,</span> 
     </span>
    </p>
   </div>
  </div>
 </body>
</html>
