2788 3736
356 279 571 350 '190‘
694 317 697 319 .
953 234 1169 324 GE
1260 258 1350 321 *N
1432 257 1495 321 E
1587 259 1776 341 sss
1860 261 1949 343 S„

411 419 468 452 n:
493 418 572 463 40.
609 410 709 446 tum
741 395 869 462 quod
891 394 1036 444 Bestia
1057 394 1280 459 significet
1303 394 1557 443 voluntaria
1597 392 1671 443 seu
1710 395 1981 455 affiffiones,
2018 413 2072 448 n:
2094 414 2179 463 45,
2205 401 2286 460 46,
2319 417 2428 468 143,

423 486 533 530 144,
562 467 668 525 246.
718 462 864 528 Qod
888 461 1072 527 Reptile
1095 462 1227 519 humi
1268 461 1491 525 significet
1530 472 1781 526 utrumque
1804 462 1878 510 sed
1901 465 2133 523 infimum,
2171 468 2319 515 cuivis
2348 485 2428 532 pa-

415 547 509 585 tere
543 530 688 595 potest
723 546 780 577 ex
817 546 888 586 eo,
924 528 1052 593 quod
1091 538 1248 591 repens
1272 527 1403 588 humi
1439 528 1493 576 fit
1517 529 1748 576 infimum.
1821 529 1968 594 Qod
1993 533 2114 594 paria
2135 532 2192 580 ab
2212 534 2429 582 omnibus

419 597 649 647 intrabunt
683 597 741 644 ad
761 595 1094 645 vivificandum
1124 594 1348 658 significet
1371 595 1752 659 regenerationem
1776 609 1954 654 eorum,
1975 597 2119 645 ‘versu
2141 600 2429 663 praecedente

421 666 612 713 dictum.
1203 672 1206 675 ’
1904 663 1905 667 ’

485 732 596 796 675.
635 729 782 794 Qiod
814 729 992 777 dicatur
1014 727 1108 775 avis
1130 726 1380 776 secundum
1414 726 1608 793 speciem
1633 727 1774 786 suam,
1801 728 1936 777 bestia
1959 728 2211 779 secundum
2234 730 2428 797 speciem

419 796 562 854 suam,
595 797 645 846 &
671 795 829 860 reptile
861 794 1110 842 secundum
1143 793 1337 857 speciem
1363 794 1503 855 suam,
1540 794 1788 858 sciendum,
1809 796 1950 860 ¹quod
1974 797 2099 861 apud
2121 812 2430 862 unumquem-

413 865 489 912 vis
527 863 782 920 hominem,
817 861 1258 922 intellectualium&
1289 861 1653 919 voluntariorum
1683 862 1849 910 dentur
1888 864 2124 911 innumera
2160 878 2342 926 genera,
2377 865 2428 913 δι

417 929 833 979 innumerabiliores
862 928 1010 976 adhuc
1041 925 1224 993 species,
1256 943 1363 991 quae
1384 929 1502 989 vinter
1531 927 1575 975 se
1609 927 1935 976 distinfflflirna
1975 928 2092 986 sunt,
2128 930 2303 978 tametsi
2347 930 2430 978 ho-

419 1011 502 1046 mo
520 996 610 1044 hoc
629 994 802 1051 nescitss,
847 993 924 1041 sed
963 996 1009 1042 in
1048 994 1378 1059 regeneratione
1417 993 1615 1042 hominis
1655 994 1888 1058 depromit
1926 997 2159 1043 Dominus
2183 998 2344 1045 'omnIa
2374 997 2438 1045 &1-

407 1062 593 1126 [singula
631 1061 711 1110 suo
740 1061 915 1118 ordine,
951 1077 999 1108 ea
1039 1058 1204 1124 separat
1240 1061 1291 1108 δε
1330 1059 1543 1124 disponit,
1579 1073 1632 1108 ut
1671 1062 1728 1108 ad
1751 1076 1856 1109 vera
1890 1062 1940 1110 &
1963 1061 2080 1110 bona
2104 1064 2268 1126 possint
2288 1063 2428 1120 fleffi,

368 1130 373 1134 ’
417 1129 471 1178 &
496 1145 606 1177 cum
627 1128 712 1176 illis
735 1125 984 1191 conjungi,
1021 1127 1070 1175 δε
1093 1127 1181 1184 hoc
1206 1133 1315 1174 c'um
1338 1127 1549 1175 varietate
1572 1126 1821 1174 secundum
1855 1126 2007 1185 status,
2045 1132 2125 1192 qui
2149 1145 2335 1192 quoque
2360 1130 2426 1177 in-

425 1194 724 1257 numerabiles
758 1193 886 1241 sunt:
936 1194 1092 1241 omnia
1134 1192 1208 1240 illa
1249 1191 1390 1257 usque
1435 1192 1658 1257 nusquam
1690 1194 1737 1243 in
1776 1205 1997 1242 aeternum
2034 1194 2192 1258 perfici
2231 1196 2430 1258 possunt,

420 1263 593 1326 quippe
616 1259 969 1323 unumquodvis
988 1275 1147 1321 genuS,
1183 1260 1448 1322 unaquaevis
1471 1258 1651 1323 species,
1688 1261 1737 1307 δε
1767 1258 2071 1324 unusquisque
2109 1259 2261 1318 status,
2299 1262 2427 1308 inde-

421 1328 549 1376 finita
571 1325 934 1391 comprehendit,
972 1326 1018 1372 in
1064 1324 1276 1388 simplici,
1311 1325 1361 1373 δε
1401 1326 1546 1388 magis
1570 1327 1617 1373 in
1641 1326 1936 1391 composit03
1973 1326 2203 1379 homone
2239 1327 2429 1391 quidem

420 1393 518 1451 scit,
553 1393 682 1457 quod
706 1392 794 1439 hoc
818 1392 888 1449 fit,
926 1393 1076 1439 minus
1114 1390 1403 1455 scirepotest,
1439 1392 1680 1456 quomodo
1712 1405 1994 1456 regeneratur
2014 1414 2028 1448 3
2046 1393 2152 1440 “hoc
2171 1411 2173 1413 ¹
2191 1392 2256 1440 est
2300 1395 2427 1457 quod

419 1460 651 1509 Dominus
676 1459 788 1506 dicit
811 1456 868 1506 ad
891 1458 1209 1506 Nicodemum
1234 1457 1291 1506 de
1316 1459 1645 1522 regeneratione
1666 1458 1879 1516 hominis,
1918 1465 1950 1485 “
1975 1459 2185 1522 Spiritus,
2221 1459 2427 1506 ubi‘vult

419 1531 457 1554 “
491 1520 641 1590 spirat,
677 1526 727 1573 &
766 1540 931 1573 vocem
964 1521 1061 1588 ejus
1087 1524 1392 1587 audis,⁴atqui
1423 1540 1514 1573 non
1554 1524 1635 1572 scis
1668 1525 1789 1573 unde
1815 1527 1953 1583 venit,
1989 1538 2067 1573 aut
2100 1541 2196 1589 quo
2220 1525 2330 1583 abit,
2365 1526 2426 1573 fic

422 1597 459 1620 “
494 1591 558 1641 est
579 1592 729 1641 omnis
753 1592 831 1655 qui
855 1604 1090 1654 generatus
1122 1588 1185 1637 est
1209 1607 1235 1637 a
1258 1589 1466 1654 spiritu,”
1501 1591 1622 1652 Joh:
1654 1608 1746 1639 111:
1775 1596 1817 1640 8.
1968 1600 1971 1601 ’
2254 1639 2265 1648 ,

472 1657 600 1723 ‘'676.
637 1656 777 1706 Vers:
807 1674 882 1708 21·
921 1659 983 1707 Et
1006 1667 1054 1703 tu
1068 1659 1188 1721 sume
1211 1657 1294 1705 tibi
1315 1657 1372 1704 ab
1395 1659 1506 1704 omni
1528 1658 1635 1713 cibe,
1661 1659 1731 1721 qui
1754 1658 2011 1712 comeditur;
2047 1657 2102 1706 Β
2126 1658 2268 1722 collige
2290 1658 2351 1706 ad
2369 1668 2428 1717 te,

415 1724 474 1774 ἐξ
511 1727 593 1773 erit
615 1724 700 1772 tibi
721 1723 776 1772 &⁷
798 1723 883 1769 illis
905 1725 951 1770 in
971 1723 1122 1770 cibum.
1195 1721 1341 1787 Qod
1367 1721 1560 1769 sumeret
1589 1723 1671 1770 fibi
1704 1723 1759 1769 ab
1797 1724 1925 1771 omni
1963 1723 2082 1779 cibo,
2117 1725 2197 1787 qui
2222 1725 2425 1772 comedi-

423 1803 515 1847 tur,
550 1790 772 1854 fignificat
795 1788 913 1837 bona
944 1789 994 1836 &
1019 1786 1254 1853 jucunda:
1289 1789 1418 1852 quod
1441 1788 1675 1853 colligeret
1698 1787 1754 1835 ad
1787 1789 1847 1847 se,
1881 1789 2257 1852 significat-vera:
2298 1790 2427 1854 quod

421 1857 527 1905 effet
550 1859 590 1904 ei
615 1857 665 1904 δε
691 1855 775 1903 illis
800 1855 847 1902 in
871 1853 1045 1912 cibum,
1082 1854 1302 1918 fignificat
1325 1857 1587 1918 utrumque.

490 1924 601 1988 677.
639 1922 786 1987 Qod
810 1921 967 1968 cibum
1005 1921 1203 1968 hominis
1241 1921 1533 1984 regenerandi
1578 1918 1825 1978 concernit,
1861 1920 1920 1967 ita
1943 1919 1984 1968 se
2015 1936 2081 1967 res
2105 1919 2269 1977 habet;
2305 1934 2427 1970 ante-

417 2005 562 2053 quam
586 1988 833 2053 regenerari
878 1986 1023 2050 potest
1061 1987 1219 2044 homo,
1255 1986 1494 2034 instrufflms
1519 1987 1665 2035 'debet
1703 1988 1786 2034 effe
1821 1986 2034 2033 omnibus
2065 1985 2166 2042 illis,
2202 2003 2308 2050 quae
2344 2005 2430 2052 pro

423 2056 586 2103 mediis
608 2054 814 2101 iniervire
847 2053 1044 2116 poffunt,
1085 2053 1214 2100 bonis
1238 2053 1286 2100 δε
1312 2051 1528 2116 jucundis
1554 2053 1844 2101 affeffionum
1872 2068 1957 2116 pro
1979 2051 2276 2108 voluntariis;
2313 2056 2429 2102 veris

422 2137 480 2170 ex
502 2121 658 2168 Verbo
695 2120 907 2176 Domini,
952 2120 1001 2166 δε
1036 2118 1409 2166 confirmantibus
1449 2135 1634 2183 quoque
1686 2118 1864 2167 aliunde
1901 2134 1986 2181 pro
2026 2118 2429 2176 intellectualibus3

415 2200 663 2252 *antequam
702 2186 844 2234 homo
868 2185 1030 2233 talibus
1072 2184 1309 2232 instructus
1341 2185 1419 2242 est,
1456 2202 1549 2233 non
1579 2185 1826 2248 regenerari
1865 2183 2043 2248 potest3
2081 2182 2181 2232 sunt
2205 2185 2278 2232 illa
2303 2186 2425 2242 cibi·,

422 2270 530 2319 quae
553 2253 680 2301 causa
702 2251 780 2309 est,
817 2252 945 2315 quod
970 2251 1126 2308 homo,
1163 2267 1255 2298 non
1280 2251 1359 2298 nisi
1382 2268 1523 2315 quam
1548 2267 1658 2299 curn
1679 2251 1734 2298 ad
1759 2249 1959 2298 adultam
1983 2262 2165 2297 aeratem
2190 2252 2333 2306 venit,
2356 2268 2423 2298 re-
2450 2282 2456 2283 ff

423 2333 691 2384 generetur:
728 2318 801 2365 sed
836 2319 1081 2381 unicuique
1103 2317 1280 2364 homini
1304 2317 1563 2381 peculia-res,
1601 2319 1650 2364 δι
1674 2317 1795 2381 quasi
1819 2317 1991 2380 proprii
2026 2316 2115 2363 cibi
2144 2316 2262 2374 sunt,
2298 2320 2375 2382 qui
2401 2335 2426 2365 a

425 2388 632 2441 Domino
656 2384 953 2448 providentur
975 2385 1032 2442 ei,
1066 2395 1307 2447 antequam
1332 2396 1629 2447 regeneratur.
2237 2399 2241 2413 ¹

444 2508 446 2510 ¹
494 2454 604 2517 678.
642 2450 787 2515 Qod
812 2449 1004 2498 sumeret
1036 2449 1117 2496 fibi
1157 2450 1212 2496 ab
1246 2451 1373 2513 omni
1396 2449 1516 2507 cibo,
1551 2452 1632 2513 qui
1659 2449 1932 2505 comeditur,
1970 2449 2190 2512 significet
2223 2449 2341 2498 bona
2375 2450 2426 2499 δε

419 2517 640 2584 jucunda,
683 2516 880 2564 constare
916 2516 1064 2580 potest
1095 2515 1150 2563 ab
1190 2516 1292 2573 illis,
1328 2533 1433 2580 quae
1456 2516 1575 2564 dieta
1609 2515 1727 2572 sunt,
1763 2516 1890 2579 quod
1930 2517 2072 2562 vitam
2096 2516 2294 2564 hominis
2317 2533 2423 2564 con-

427 2587 611 2634 stituant
634 2584 752 2631 bona
789 2585 841 2644 ὅτι
871 2582 1091 2647 jucunda,
1128 2598 1220 2629 non
1268 2583 1330 2638 ita
1363 2599 1482 2639 vera,
1519 2599 1625 2631 narn
1662 2599 1766 2630 vera
1791 2584 1930 2631 vitam
1968 2581 2092 2630 suam
2128 2584 2356 2645 accipiunt
2382 2598 2424 2629 ”a

427 2654 556 2702 bonis
597 2648 905 2714 &jucundisz
944 2666 1082 2698 omne
1105 2645 1399 2707 scientificum
1424 2651 1475 2697 Sc·
1499 2649 1708 2697 rationale
1743 2649 1939 2696 hominis
1973 2649 2030 2694 ab
2068 2646 2252 2695 infantia
2286 2647 2424 2711 usque

427 2721 483 2766 ad
514 2718 747 2772 senectam,
785 2715 1003 2780 nusquam
1044 2715 1290 2762 infinuatur
1313 2718 1353 2763 ei
1379 2716 1458 2763 nisi
1482 2733 1561 2781 per
1584 2711 1759 2763 bonum
1782 2717 1830 2762 δε
1848 2715 2108 2779 jucundum
2124 2735 2136 2767 3
2153 2759 2155 2762 ,
2173 2729 2293 2775 quae,
2319 2715 2425 2776 quia

426 2803 483 2831 ex
508 2785 591 2832 illis
616 2785 764 2830 anima
787 2780 879 2845 ejus
903 2784 1019 2829 vixit
1043 2784 1091 2829 δε
1118 2782 1398 2839 sustentatur,
1425 2794 1647 2830 vocantur
1665 2782 1769 2837 cibi,
1806 2781 1855 2826 &
1874 2780 1974 2826 sunt
1997 2779 2100 2831 cibi,
2136 2795 2238 2825 narn
2263 2779 2425 2843 absque

428 2851 514 2899 il'lis
539 2851 685 2897 anima
709 2849 903 2896 hominis
928 2848 1146 2912 nusquam
1172 2850 1323 2896 vivere
1347 2849 1492 2912 potest
1513 2872 1526 2904 3
1551 2849 1676 2911 quod
1701 2845 1887 2908 quisque
1911 2843 2018 2891 scire
2036 2844 2198 2907 potest,
2225 2846 2256 2892 fi
2282 2848 2424 2894 modo
2492 2906 2495 2909 Ι

403 2946 406 2953 ,
431 2917 544 2963 velit
578 2914 819 2961 attendere.
995 2955 999 2959 .
1275 2920 1279 2924 '
2207 2954 2209 2956 ,

497 2984 606 3047 679.
645 2980 787 3044 Qod
824 2980 1055 3041 colligeret
1088 2980 1145 3027 ad
1192 2979 1250 3034 se,
1287 2979 1540 3042 significent
1562 2993 1682 3032 vera,
1711 2975 1907 3023 ·c0nstat
1945 2975 2065 3031 inde,
2103 2992 2205 3023 nam
2248 2978 2304 3026 de
2338 2980 2423 3026 illis

428 3041 700 3113 prfedicatur
722 3045 949 3108 colligere,
985 3062 1089 3108 quae
1113 3047 1159 3091 in
1184 3046 1401 3092 memoria
1418 3044 1630 3098 hominis,
1667 3043 1745 3088 ubi
1770 3043 1955 3089 collecta
1979 3041 2107 3090 sunt:
2142 3044 2190 3090 δι
2213 3059 2426 3107 praeterea

428 3115 636 3168 involvit,
690 3111 815 3174 quod
852 3111 923 3156 illa
962 3111 1012 3157 δε
1052 3112 1168 3166 haee,
1222 3110 1529 3173 seuxbona'&
1569 3125 1688 3166 vera,
1750 3109 2067 3171 colligerentur
2113 3111 2233 3173 apud
2273 3111 2421 3159 homi·

427 3198 550 3239 nem,
607 3190 849 3241 antequam
891 3183 1214 3239 regeneratum
1271 3175 1433 3240 abique
1477 3178 1601 3223 enim
1642 3175 1770 3222 bonis
1814 3176 1862 3222 δε
1904 3177 2019 3221 veris
2078 3177 2290 3235 collecziS,
2349 3195 2427 3241 per

2321 3259 2426 3306 quae
