2788 3736
446 283 574 349 392
944 233 1998 323 GE'NEstm

432 403 469 426 “
504 396 643 446 Periit
665 391 911 443 misericors
932 407 959 440 e
981 401 1112 447 terra,
1148 389 1199 437 &
1223 388 1369 437 reditus
1392 387 1508 437 inter
1529 388 1765 439 hominem
1800 389 1967 449 nullut»,
2000 408 2160 442 omnes
2195 393 2226 442 ii
2264 392 2445 460 sangui-·

433 469 476 492 ‘⁴‘
510 464 640 511 nibus
663 460 938 515 infidiantur‚
973 459 1045 505 vir
1060 454 1241 504 fratrem
1258 454 1390 504 suurn
1407 458 1625 505 Venantur
1642 458 1742 514 reti,
1776 458 1960 520 quando
1977 459 2150 508 malum
2167 460 2339 513 faciunt
2356 482 2440 513 vo-

434 534 476 558 ⁴‘
512 530 563 576 lis
580 544 665 592 pro
682 523 1018 580 benefaciendo,
1052 523 1260 587 princeps
1282 523 1563 587 interrogans
1578 523 1628 571 ὅτ
1642 520 1851 587 judicans
1873 535 2062 588 propter
2082 527 2441 587 retributionem,

440 601 476 622 ‘⁴
509 595 560 642 δε
598 608 791 658 magnus
836 591 900 640 est
929 591 1117 654 loquens
1163 588 1495 654 perverfitatem
1534 590 1701 637 animae
1734 588 1826 637 suae
1864 591 1919 647 is,
1954 592 2005 637 δι
2041 602 2255 655 torquent
2291 599 2443 654 oem,'’

438 677 550 709 vu:
580 678 625 718 2,
664 678 707 724 3.
743 655 825 708 hic*
855 657 1054 706 similiter
1091 655 1340 719 explicatur
1377 655 1492 718 quid
1519 656 1688 713 venari,
1723 656 1852 720 quod
1883 655 2076 704 insidiari
2100 655 2164 704 sui
2186 659 2329 719 causa,
2364 662 2439 711 seu

440 724 602 774 falsum
648 727 795 774 dicere
834 739 1014 780 verum,
1067 723 1117 770 &
1154 722 1281 786 loqui
1318 721 1652 786 perversitatem
1683 722 1735 782 ὃς
1764 734 1989 786 torquere,
2025 722 2086 771 fic
2108 723 2441 787 persuadendoe
2530 768 2532 772 ,

439 793 564 856 apud
585 791 839 849 Davidem,
875 794 911 818 “
943 790 1031 836 Vir
1052 788 1239 852 linguae‚
1276 804 1369 835 non
1402 787 1658 836 firmabitur
1681 787 1727 836 in
1753 800 1884 846 terra,
1919 790 1993 836 vir
2013 789 2245 839 violentiae
2267 792 2442 843 malum

436 864 476 886 ⁴⁶
510 861 702 906 Venatur
738 859 780 906 ei
815 859 863 904 in
901 854 1251 912 subverfioneS,''
1285 853 1461 902 Psalm:
1488 870 1614 903 ext:
1643 870 1715 904 12.
1752 854 1815 902 ibi
1850 855 1908 904 de
1943 856 2098 924 impiis
2135 858 2216 920 qui
2237 873 2320 922 per
2340 857 2444 910 falsa

438 924 721 989 persuadent,
756 922 872 971 male
894 923 1113 986 cogitant,
1149 919 1311 970 blande
1332 920 1601 984 loquuntur,
1636 918 1822 970 fallendi
1845 921 2006 980 causa;
2057 921 2215 988 lingua
2259 924 2322 973 ibi
2355 942 2442 992 pro

442 992 694 1040 mendacio.
995 991 998 993 ’
1637 1018 1643 1022 -
2331 1026 2334 1029 -

514 1076 533 1107 1
548 1073 654 1121 179.
689 1057 929 1120 Propterea
950 1053 1196 1112 dicebatur,
1232 1054 1345 1102 ficut
1365 1053 1570 1102 Nimrod
1592 1064 1752 1117 potens
1775 1054 2010 1103 venatione
2047 1071 2201 1105 coram
2218 1057 2442 1119 Jehovah,

477 1124 572 1171 uod
608 1123 846 1186 significet,
880 1122 988 1184 quia
1025 1134 1120 1169 tam
1154 1121 1290 1183 multi
1311 1119 1701 1184 persuadebantur,
1735 1121 1863 1184 quod
1899 1121 1998 1168 talis
2019 1120 2217 1171 formula
2255 1124 2445 1175 solennis

435 1140 590 1246 {laem
625 1191 676 1236 δε
698 1188 826 1251 quod
847 1203 986 1250 porro
1004 1187 1241 1250 fignificet‚
1277 1186 1405 1249 quod
1421 1186 1519 1233 talis
1543 1185 1704 1248 religio
1717 1183 1846 1234 facile
1867 1187 2042 1234 animos
2070 1187 2313 1238 hominum
2337 1208 2443 1256 cap-

442 1267 525 1312 tet,
561 1253 759 1302 constare
773 1251 919 1316 potest
939 1252 997 1299 ab
1025 1252 1113 1299 illis
1136 1267 1244 1316 quae
1277 1252 1398 1299 dicta
1420 1250 1536 1307 sunt,
1572 1262 1676 1298 tum
1692 1250 1749 1298 ab
1772 1251 1868 1314 ipso
1891 1251 2014 1300 sensu
2037 1253 2178 1302 literae
2197 1277 2212 1312 ;
2249 1258 2297 1303 &
2322 1274 2441 1320 prae-

441 1334 575 1378 terea,
609 1321 713 1384 quia
727 1319 974 1382 antiquitus
997 1318 1185 1366 nomina
1201 1316 1416 1365 indebant
1439 1316 1587 1373 rebus,
1626 1316 1713 1364 hoc
1730 1332 1900 1366 nomen
1917 1317 2177 1367 indiderunt
2212 1321 2318 1370 huic
2342 1323 2439 1372 cul-

434 1391 527 1444 tui,
563 1402 727 1450 nempe
743 1385 871 1448 quod
887 1384 1164 1441 NimroduS‚
1181 1375 1271 1431 hoc
1287 1382 1369 1440 est,
1394 1383 1544 1431 cultus
1565 1382 1655 1439 hic,
1680 1393 1839 1446 potens
1858 1385 2109 1443 venatione,
2134 1385 2222 1434 hoc
2237 1387 2317 1445 est,
2336 1390 2440 1438 effet

434 1465 625 1517 captans
649 1453 857 1507 animos‘3
894 1450 1022 1513 quod
1057 1466 1212 1498 coram
1235 1449 1462 1510 Jehovah,
1497 1447 1561 1496 est
1582 1450 1690 1512 quia
1718 1450 1767 1506 ii,
1802 1449 1883 1513 qui
1917 1450 1963 1497 in
1985 1451 2062 1497 tali
2086 1452 2212 1500 cultu
2237 1451 2438 1512 fiaerunt,

439 1519 586 1566 'fidem
611 1517 851 1582 separatam
873 1529 1092 1564 vocarunt
1122 1515 1367 1577 Jehovam,
1403 1513 1477 1562 seu
1500 1515 1653 1561 virum
1677 1514 1919 1576 Jehovam,
1955 1528 2008 1563 ut
2042 1517 2214 1565 constat
2259 1519 2316 1566 ab
2349 1520 2439 1569 illis

441 1600 550 1649 quae
581 1584 700 1631 dic'ta
737 1584 876 1647 prius,
912 1599 975 1632 n:
1013 1600 1126 1645 340,
1161 1581 1219 1628 de
1236 1581 1398 1638 Caino,
1433 1595 1513 1644 per
1535 1596 1676 1643 quem
1698 1580 1902 1628 fimiliter
1924 1581 2037 1629 fides
2055 1582 2249 1647 separata
2284 1602 2310 1632 a
2331 1586 2436 1633 cha-

441 1653 570 1698 ritate
594 1649 870 1713 fignificatur
895 1670 911 1704 ;
946 1660 992 1695 at
1020 1647 1272 1694 differentia
1311 1647 1426 1694 inter
1457 1646 1654 1693 Cainum
1693 1645 1745 1693 &
1775 1646 2006 1694 Chamum
2042 1647 2127 1706 est,
2157 1650 2284 1713 quod
2323 1651 2439 1699 illud

443 1714 590 1764 fuiffet
608 1717 652 1762 in
677 1714 876 1763 Ecclesia
891 1712 1060 1761 coelesti
1080 1729 1186 1777 quae
1200 1713 1536 1778 perceptionem
1559 1710 1730 1769 habuit,
1767 1723 1811 1759 at
1827 1712 1977 1760 hocin
1991 1714 2190 1762 Ecclesia
2205 1715 2437 1779 spirituali,

441 1798 549 1846 quae
573 1781 745 1829 nullam
783 1781 1120 1844 perceptionem
1143 1778 1317 1835 habuit,
1351 1794 1490 1842 quare
1527 1777 1642 1825 illud
1665 1780 1894 1826 enormius
1917 1776 2022 1836 fuit,
2058 1795 2198 1843 quam
2219 1781 2335 1831 hoc:
2371 1795 2437 1831 ta-

442 1848 505 1896 les
530 1849 681 1896 vocati
726 1846 828 1894 sunt
858 1846 1107 1910 antiquitus
1145 1846 1373 1902 Potentes,
1408 1856 1462 1892 ut
1494 1843 1618 1908 apud
1642 1843 1835 1902 Esaiam,
1871 1850 1908 1902 “.
1939 1845 2244 1895 Consumetur
2289 1850 2439 1896 omnis

438 1919 482 1942 ·“
516 1914 662 1978 gloria
683 1913 885 1969 Kedaris,
921 1913 971 1960 δι
1004 1911 1233 1960 refiduum
1256 1913 1451 1968 numeri,
1487 1926 1616 1958 arcus
1633 1912 1878 1959 Potentiam
1915 1911 2118 1960 filiorum
2139 1914 2326 1962 Kedaris
2349 1915 2437 1962 im·-

444 1984 484 2008 “
518 1980 835 2035 minuentur‚'’
870 1994 954 2026 xm
981 1996 992 2026 :
1037 1994 1109 2042 17.
1147 1979 1200 2026 ὅτ
1239 1977 1364 2040 apud
1387 1975 1608 2034 Hoseam‚
1635 1981 1669 2004 “
1694 1976 1866 2025 Arastis
1913 1979 2211 2040 impietatem,
2270 1980 2436 2042 iniqui-

447 2049 485 2073 “
519 2057 663 2092 tatem
694 2044 943 2101 messuistis,
980 2042 1235 2091 comedistis
1259 2042 1460 2091 fruetum
1483 2043 1726 2099 mendacii,
1759 2047 1867 2106 quia
1893 2042 2085 2090 confisus
2115 2043 2178 2090 est
2206 2046 2297 2092 viae
2321 2057 2431 2102 tuae,

444 2114 481 2137 “
516 2110 798 2158 multitudini
823 2111 1064 2159 Potentiam
1087 2109 1323 2165 tuorum,’'
1357 2125 1420 2158 x:
1461 2125 1533 2172 13.
1558 2110 1609 2156 δε
1642 2107 1773 2156 alibi:
1810 2110 1930 2155 viros
1968 2109 2018 2156 δε
2039 2120 2245 2171 potentes
2285 2110 2326 2157 se
2349 2128 2433 2159 vo-

443 2189 605 2224 carunt
622 2193 678 2224 ex
700 2175 807 2232 fide,
843 2175 906 2222 est
922 2176 1042 2223 enim
1061 2176 1109 2222 in
1132 2176 1319 2238 Lingua
1341 2174 1548 2237 originali
1569 2190 1664 2222 vox
1687 2189 1767 2236 per
1799 2189 1939 2236 quam
1961 2175 2231 2237 exprimitur
2254 2189 2431 2240 potens,

446 2243 497 2290 ὅτ
525 2243 658 2290 fimul
694 2243 782 2299 vir,
816 2257 924 2305 quae
955 2256 1050 2290 vox
1088 2242 1135 2288 in
1156 2241 1312 2290 Verbo
1341 2240 1614 2304 praedicatur
1652 2238 1708 2286 de
1732 2238 1839 2296 fide,
1875 2241 1924 2287 ὅτ
1948 2240 2137 2303 quidem
2163 2243 2210 2301 in
2234 2254 2434 2306 utroque

449 2306 589 2356 sensu.
646 2306 647 2309 ’

483 2380 499 2421 ,ἶ
520 2392 538 2422 1
554 2391 570 2421 1
584 2379 659 2424 80.
695 2374 834 2422 Vers:
879 2390 950 2422 10.
987 2375 1052 2420 Et
1072 2373 1171 2435 fuit
1184 2375 1444 2436 principium
1466 2374 1608 2435 Regni
1629 2373 1717 2436 ejus
1738 2371 1887 2429 Babel‚
1923 2372 1979 2421 [9³
2002 2373 2158 2431 Erech,
2194 2374 2434 2432 &Akkad,

444 2440 507 2490 ἔθ’
521 2440 701 2497 Kalneh,
737 2443 783 2487 in
805 2448 928 2487 terra'
949 2439 1161 2486 Schinear.
1231 2440 1340 2486 Fuit
1362 2439 1640 2503 principium
1670 2439 1799 2502 regni
1835 2436 1949 2502 ejus,
1985 2438 2205 2501 fignificat
2222 2441 2432 2503 quodfic

450 2506 684 2554 inchoavit
707 2506 806 2567 talis
821 2505 969 2553 cultus
984 2523 1001 2551 2
1033 2504 1192 2562 Babel,
1212 2505 1374 2562 Erech,
1394 2504 1588 2561 Akkad,
1612 2504 1788 2552 Kalneh
1810 2505 1856 2552 in
1871 2517 1995 2552 terra
2017 2505 2243 2563 Schinear,
2261 2506 2432 2569 fignifi-

447 2584 551 2619 cant
573 2573 700 2636 quod
732 2572 794 2619 ibi
818 2571 906 2620 loci
935 2569 1101 2618 fuerint
1121 2570 1225 2617 tales
1249 2571 1396 2618 cultus
1422 2593 1437 2626 ·,
1472 2572 1522 2619 &
1545 2570 1679 2617 fimul
1717 2585 1799 2634 per
1826 2569 2002 2618 easdem
2022 2571 2329 2633 significantur
2350 2572 2449 2637 ipsi*

450 2638 618 2695 cultus,
655 2654 855 2702 quorum
869 2649 1049 2684 externa
1061 2650 1272 2700 apparent
1289 2636 1448 2694 saneta,
1483 2636 1558 2684 sed
1582 2637 1790 2685 interiora
1811 2636 1912 2684 sunt
1934 2637 2175 2700 prophana.
2299 2683 2301 2685 .
2440 2665 2443 2667 >

524 2709 610 2753 118
625 2722 662 2751 1.
699 2705 845 2768 Qod
869 2704 1143 2767 principium
1168 2705 1296 2767 regni
1318 2701 1428 2766 ejus,
1454 2702 1674 2766 significet
1695 2703 1823 2766 quod
1845 2702 1906 2750 fic
1929 2702 2204 2749 inchoaverit
2218 2701 2316 2749 talis
2333 2703 2431 2750 cul-

444 2781 540 2826 tus,
575 2769 746 2817 constat
761 2786 786 2817 a
809 2768 1131 2834 significatione
1145 2769 1317 2817 Babelis
1339 2771 1386 2816 in
1409 2782 1523 2817 terra
1545 2769 1771 2825 Schinear,
1806 2769 1864 2815 de
1886 2783 1976 2830 qua
2001 2768 2048 2812 in
2063 2766 2363 2829 sequentibus.

526 2840 662 2883 1182.
699 2836 846 2900 Qod
876 2834 1029 2892 Babel‚
1080 2835 1246 2892 Erech,
1303 2834 1500 2893 Akkad,
1557 2834 1733 2882 Kalneh
1770 2834 1821 2886 in,
1854 2843 1971 2887 terra
2015 2832 2223 2880 Schinear
2261 2834 2432 2897 fignifi-

444 2912 554 2949 cent
577 2900 702 2962 quod
723 2901 785 2947 ibi
802 2901 890 2948 loci
920 2899 1087 2948 fuerint
1109 2902 1215 2949 tales
1239 2900 1405 2958 cultus,
1441 2902 1489 2947 &
1514 2899 1640 2963 quod
1668 2914 1751 2961 per
1771 2897 1943 2944 easdem
1967 2897 2101 2944 simul
2126 2898 2434 2962 significentur

451 2966 533 3031 ipfi
559 2965 721 3020 cultuS‚
757 2981 954 3028 quorum
977 2979 1156 3013 externa
1179 2979 1392 3030 apparent
1414 2964 1574 3020 saneta,
1608 2961 1687 3010 ‘sed
1709 2963 1917 3010 interiora
1932 2961 2034 3011 sunt
2054 2966 2298 3028 prophana,
2322 2982 2433 3014 con-

450 3033 533 3080 stat
571 3047 598 3078 a
620 3030 941 3094 significatione
971 3031 1142 3078 Babelis
1165 3032 1214 3077 ὅτ
1246 3044 1377 3077 terrae
1404 3029 1611 3085 Schinear
1635 3050 1650 3083 ;
1685 3029 1732 3075 in
1755 3028 1912 3076 Verbo
1948 3030 2148 3077 multum
2181 3033 2330 3094 agitur
2374 3033 2431 3078 de

446 3097 630 3152 Babele,
667 3099 715 3142 δε
732 3110 812 3156 per
835 3111 933 3142 eam
950 3095 1099 3143 ubivis
1126 3096 1397 3158 significatur
1413 3094 1558 3142 cultus'
1574 3094 1689 3150 talis,
1730 3110 1894 3157 nempe
1916 3096 2046 3159 quod
2082 3109 2262 3144 externa
2296 3113 2431 3160 appa-

445 3175 575 3214 reant
598 3161 755 3218 saneta,
791 3160 865 3207 sed
888 3162 1096 3208 interiora
1118 3160 1219 3207 sunt
1242 3160 1470 3223 prophana
1495 3183 1510 3215 3
1545 3158 1614 3206 sed
1635 3159 1820 3222 quia-de
1843 3160 2002 3208 Babele
2025 3164 2175 3224 agitur
2198 3163 2244 3208 in
2272 3163 2430 3225 Capite

445 3230 673 3296 stquente,
706 3227 771 3279 ibi
793 3225 1120 3277 ostendendum
1143 3228 1284 3285 venit,
1318 3226 1446 3290 quod
1485 3241 1565 3289 per
1587 3225 1798 3275 Babelem
1821 3226 1924 3276 talia
1948 3226 2293 3292 fignificentur;
2327 3240 2429 3339 tung

740 3322 743 3323 ν
2299 3308 2394 3358 quo
