2788 3736
769 243 1163 314 CAPUT
1248 246 2026 315 ΓΠΝΠΕΟΙΜΠΜ.
2268 218 2434 340 ,439

424 377 668 439 veritatum
692 388 800 437 fidei
839 389 992 446 essent,
1030 389 1080 435 δι’
1114 383 1446 452 prophanarent
1476 386 1566 442 illa,
1605 387 1651 433 in
1683 401 1802 450 quos
1825 385 1995 434 dicitur
2026 385 2156 450 quod
2180 384 2437 437 mitteretur

423 458 621 520 gladius,
660 455 817 513 fames,
854 456 1004 519 pestis,
1041 470 1147 519 quae
1173 454 1274 502 sunt
1297 469 1455 518 poenae
1479 453 1864 516 prophanationis,
1899 454 1949 500 δε
1973 453 2285 517 ᾳυοάῌεῐεηῑ
2323 455 2437 502 ficut

417 525 537 570 'ficus
563 524 772 571 horridae.
833 523 980 585 Qod
1004 536 1087 586 per
1118 521 1331 569 Babelem
1355 520 1666 582 significentur
1688 519 1769 576 illi,
1804 521 1884 584 qui
1911 520 2150 585 deprivant
2173 521 2281 570 alios
2305 523 2434 569 omni

419 592 685 654 'cognitione
708 591 758 637 δε
783 591 1017 652 ειεῦτιὶῑίοῄετΔ
1036 589 1157 645 veri,
1182 590 1320 634 etiam
1350 585 1719 650 repraesentatum
1742 587 1792 632 δε
1814 584 2116 650 significatum
2141 587 2309 651 estrper
2333 588 2431 636 haec

422 658 544 720 apud
569 657 788 704 Eundem
811 655 1097 719 propheram,
1127 653 1170 691 ’θ’
1194 655 1402 705 Omnem
1421 652 1648 714 Jehudam
1668 652 1791 698 dabo
1807 654 1854 698 in
1887 670 2077 701 manum
2100 657 2218 718 regis
2235 655 2429 713 -Babelis,

422 730 458 750 ‘⁶
495 725 544 771 &
579 723 896 787 transportabit
918 738 995 769 eos
1026 723 1072 767 in
1096 720 1245 777 Babel,
1281 721 1332 767 &
1354 721 1575 784 percutiet
1597 734 1673 766 eos
1697 717 1871 782 gladio,
1909 721 1959 766 δε
1984 720 2102 768 dabo
2137 738 2297 770 omnes
2320 738 2431 785 opes

425 795 460 818 “
493 790 617 837 urbis
650 789 800 854 hujus,
837 790 1092 836 &omnem
1127 787 1330 834 laborem
1351 785 1464 849 ejus,
1500 787 1550 834 &
1575 801 1713 833 omne
1736 785 1983 849 pretiosum
2020 785 2131 849 ejus,
2182 789 2232 835 &
2272 805 2434 836 ornnes

422 862 470 884 “‘
492 856 718 918 thesauros
741 858 931 919 Regum
955 854 1170 916 Jehudae,
1205 853 1324 901 dabo
1346 856 1403 901 'in
1428 855 1620 901 manum
1645 851 1840 900 hostiurn
1864 868 2040 909 eorum,
2077 855 2124 900 δε
2151 854 2365 919 diripient
2379 872 2432 903 ea

422 928 458 951 ‘⁶
494 926 540 971 δι
568 924 744 988 capient
775 923 874 982 ea4'f
912 939 1001 971 xx:
1038 919 1118 983 4,-
1134 937 1181 984 5.
1237 920 1319 967 ubi
1338 937 1422 985 per
1455 935 1615 968 omnes
1641 922 1771 983 opes,
1803 933 1994 966 ornnem
2034 918 2250 977 laborem,
2286 939 2426 972 omne

419 990 685 1055 pretiosum,
736 983 1158 1038 omnes‘thesauros
1182 986 1361 1050 'regum
1386 986 1623 1047 Jehudae„
1657 988 1703 1033 in
1737 985 1860 1033 sensu
1884 986 2077 1042 interno,
2119 986 2428 1049 significantur

419 1059 702 1122 cognitiones
721 1057 840 1104 fidei.
890 1067 892 1072 '
914 1055 1062 1118 Apud
1085 1053 1320 1110 Eundem,
1373 1053 1558 1100 “'Cum
1599 1051 1780 1100 familiis
1805 1051 2115 1115 septentrionis
2155 1069 2310 1118 regem
2335 1057 2427 1103 Ba·-

416 1131 455 1154 “
488 1125 591 1174 belis
613 1123 836 1172 adducam
862 1121 992 1184 super
1015 1116 1188 1167 terram
1213 1119 1343 1176 hanc,
1379 1120 1429 1167 &
1454 1119 1587 1184 super
1609 1119 1882 1167 habitatores
1899 1117 2014 1183 ejuS‚
2038 1120 2089 1167 &
2114 1119 2243 1184 super
2266 1138 2471 1171 omnes»-

417 1197 453 1233 ‘5
486 1205 644 1256 gentes
667 1189 766 1236 istas
791 1188 1102 1244 circumcirca,
1137 1187 1189 1234 &
1220 1182 1455 1234 devotioni
1479 1186 1599 1234 dabo
1622 1203 1715 1243 eos,
1754 1189 1803 1234 δε
1828 1201 1999 1249 ponam
2030 1203 2105 1234 eos
2146 1188 2192 1233 in
2217 1187 2424 1236 desolati-

413 1263 449 1286 “
485 1274 639 1316 onem,
677 1259 727 1305 ὅτ
749 1258 795 1303 in
820 1255 1019 1311 fibilum,
1056 1254 1104 1300 &
1130 1254 1179 1307 in
1201 1252 1425 1300 vastitates
1449 1252 1618 1310 saeculi,
1652 1254 1704 1300 δε
1733 1254 1817 1300 erit
1841 1265 1936 1300 tota
1960 1265 2074 1300 terra
2099 1253 2196 1304 haec
2222 1256 2268 1302 in
2293 1256 2424 1303 vasti-
2498 1304 2501 1306 ,

413 1329 450 1352 “
485 1324 678 1383 tatem,”
714 1339 838 1371 xxv:
880 1341 926 1386 9⁴,
955 1320 988 1370 ἰ
1003 1339 1041 1369 1.
1079 1319 1158 1367 ubi
1196 1319 1381 1367 vastatio
1405 1321 1670 1367 interiorum
1690 1319 1812 1376 fidei,
1850 1318 1923 1368 seu
1949 1320 2110 1369 interni
2147 1319 2314 1379 cultus,
2345 1338 2428 1386 per

403 1388 646 1450 'Babelem,
684 1389 1093 1452 describitur-,cui
1117 1387 1241 1434 enirn
1265 1386 1526 1443 cultussui,
1562 1388 1603 1433 ei
1641 1385 1822 1433 nullum
1845 1402 2008 1434 verum
2033 1386 2159 1443 fidei,
2199 1401 2260 1435 -ut
2298 1392 2424 1453 prius

412 1458 656 1516 ostensum,
693 1459 729 1504 is
762 1457 912 1520 perdit
936 1455 986 1502 δε
1010 1453 1169 1518 vastat,
1227 1454 1364 1516 inque
1387 1453 1696 1517 captivitatem
1722 1452 1906 1500 abducit
1940 1470 2078 1502 omne
2110 1456 2237 1518 quod
2261 1472 2423 1504 verum

413 1524 494 1583 est,
513 1519 668 1590 'quare
700 1524 838 1571 etiam
863 1521 1002 1570 Babel
1037 1531 1243 1568 vocatur·
1267 1536 1399 1567 mons
1440 1535 1753 1584 corrumpens,
1800 1521 1954 1580 Jerem
1974 1538 1985 1568 :
2024 1536 2074 1567 Lx
2096 1539 2106 1568 ε
2147 1538 2171 1569 2
2179 1538 2226 1584 5.
2284 1539 2423 1586 porro

409 1592 652 1640 videantur
676 1607 780 1654 quae
804 1589 861 1637 de
885 1587 1048 1636 Babele
1071 1587 1193 1634 dicta
1214 1589 1340 1651 prius
1373 1603 1403 1634 n
1423 1606 1434 1635 ε
1479 1606 1497 1636 1
1512 1592 1617 1637 182.
2222 1640 2224 1642 ¹

440 1680 443 1681 ⁷
485 1664 625 1724 1328.
662 1659 726 1706 Et
750 1658 854 1704 inde
876 1654 1080 1719 dispersit
1102 1669 1179 1701 eos
1202 1653 1410 1715 Jehovah
1435 1653 1566 1718 super
1599 1652 1734 1701 facies
1766 1656 1907 1703 totius
1930 1667 2077 1711 terrae,
2114 1655 2240 1719 quod
2283 1656 2419 1724 figni-

409 1725 518 1774 ficet
533 1726 660 1790 quod
685 1725 834 1772 cultus
859 1725 1060 1770 internus
1079 1721 1230 1768 nullus
1254 1719 1412 1777 faetus,
1440 1720 1638 1767 constare
1656 1721 1804 1785 potest
1821 1739 1846 1769 a
1863 1722 2188 1785 significatione
2202 1723 2420 1787 dispergi,

396 1793 536 1855 *quod
559 1792 613 1839 fit
635 1792 829 1855 diffipari
850 1813 865 1845 ·‚
902 1790 949 1836 in
973 1785 1094 1835 sensu
1119 1788 1332 1851 proximo
1355 1787 1689 1850 significantur,
1715 1804 1798 1852 per
1821 1788 2018 1852 dispergi
2042 1789 2171 1852 super
2194 1788 2327 1837 facies
2346 1805 2417 1839 to-

335 1859 339 1863 ’
408 1860 500 1907 tius
524 1871 671 1916 terrae,
708 1858 791 1914 illi,
814 1858 896 1920 qui
918 1854 1081 1902 urbem
1107 1853 1279 1902 Babelis
1308 1854 1533 1901 aedificare
1556 1853 1739 1909 vellent,
1777 1854 1852 1901 sed
1874 1856 1983 1920 quia
2019 1856 2084 1902 illi
2109 1854 2210 1902 sunt
2233 1858 2312 1919 qui
2336 1859 2416 1906 de-

407 1928 592 1988 privant
627 1925 736 1972 alios
760 1924 887 1972 omni
909 1923 1171 1986 cognitione
1194 1923 1307 1979 veri,
1344 1933 1396 1967 ut
1420 1921 1596 1969 dictum
1620 1921 1698 1978 est,
1737 1921 1981 1986 fimulper
2016 1922 2114 1970 haec
2137 1922 2420 1985 fignificatur

406 1994 607 2056 privatio
630 1993 780 2039 cultus
804 1991 984 2046 interni,
1019 2005 1165 2046 unum
1189 1990 1310 2036 enim
1335 1987 1398 2035 est
1422 1988 1695 2052 consequens
1717 1989 1912 2045 alterius,
1948 1988 2020 2036 hic
2045 1989 2108 2036 est
2125 1989 2416 2054 consequens,

398 2060 513 2122 'quia
535 2059 666 2106 tertia
688 2059 788 2105 vice
810 2057 1006 2104 dicitur:
1044 2055 1171 2120 quod
1195 2054 1355 2103 Prima'
1373 2057 1582 2118 Antiqua
1604 2055 1802 2103 Ecclefia
1839 2056 2071 2119 deprivata
2093 2054 2230 2103 fuerit
2254 2061 2414 2122 cogni-

404 2124 606 2174 tionibus
637 2126 734 2172 veri
757 2125 807 2172 ὅτ
833 2124 958 2180 boni,
984 2122 1157 2170 constat
1180 2117 1304 2179 inde,
1327 2121 1458 2186 quod
1479 2134 1654 2186 gentes,
1680 2139 1787 2187 quae
1814 2122 2140 2170 constituerunt
2164 2124 2414 2174 Ecclesiam

392 2188 529 2240 'illam
554 2194 827 2256 Antiquam,
862 2188 994 2238 faetae
1016 2189 1105 2236 fint
1125 2189 1183 2236 ad
1215 2185 1463 2252 plurimam
1485 2201 1660 2253 partem
1692 2189 1958 2246 idololatrae,
1995 2189 2045 2236 δε
2070 2190 2208 2253 usque
2233 2191 2411 2240 cultum

408 2258 638 2323 quendam
660 2255 917 2306 >externum
942 2256 1208 2304 habuerint:
1261 2257 1344 2320 qui
1372 2255 1625 2303 idololatrae
1658 2255 1762 2303 sunt
1799 2269 1923 2303 extra
1945 2256 2212 2314 Ecclesiam,
2249 2266 2411 2307 eorum

389 2322 499 2386 ‚sors
535 2323 702 2375 'multo
728 2324 891 2371 melior
925 2323 988 2370 est
1032 2323 1147 2371 sorte
1169 2338 1329 2370 eorum
1370 2325 1455 2387 qui*
1482 2323 1735 2371 idololatrae
1760 2323 1863 2370 sunt
1892 2324 2007 2370 intra
2027 2323 2296 2382 Ecclesiam,
2346 2326 2410 2373 illi

404 2389 509 2439 sunt
532 2390 784 2438 idololatrae
806 2386 994 2447 externi,
1029 2390 1078 2438 hi
1102 2401 1255 2438 autem
1279 2391 1442 2437 interni
1463 2409 1475 2438 ε
1511 2390 1639 2454 quod
1677 2390 1769 2438 sors
1794 2390 1979 2437 illorum
2018 2390 2178 2438 melior
2201 2391 2273 2448 sit,
2300 2408 2408 2439 con-

404 2456 491 2506 stat
517 2457 576 2505 ab
599 2456 686 2504 illis
707 2472 813 2520 quae
835 2457 1067 2504 Dominus
1097 2456 1226 2514 dicit,
1263 2456 1387 2521 apud
1409 2457 1546 2505 Luc:
1583 2473 1716 2504 xm:
1755 2475 1780 2507 2
1790 2475 1834 2519 3,
1863 2462 1942 2514 28,
1987 2474 2066 2522 29,
2111 2475 2186 2521 30.
2225 2458 2407 2507 Matth:

401 2541 507 2572 VI11
531 2542 543 2572 ε
587 2539 604 2572 1
623 2541 664 2580 1,
708 2539 783 2570 12.
837 2521 937 2569 haec
980 2538 1102 2570 nunc
1131 2522 1273 2570 causa·
1302 2522 1384 2580 est,
1441 2524 1571 2588 quod
1610 2523 1746 2573 status
1770 2524 1988 2572 Ecclesiae
2029 2521 2162 2588 hujus
2185 2526 2409 2588 Antiquae

367 2630 371 2634 ,
397 2603 612 2639 mutatus.
1131 2618 1134 2620 ·
1699 2607 1714 2611 ·
2038 2630 2040 2633 .

392 2648 397 2665 ⁵
476 2676 614 2723 1329.
651 2655 794 2704 Vers:
839 2675 910 2706 1o.
949 2659 1034 2705 Hae
1056 2659 1314 2706 nativitates
1351 2657 1542 2714 Schemi,
1579 2657 1720 2705 Schem
1744 2657 1867 2716 filius
1887 2669 2068 2706 antam
2091 2674 2316 2715 annorum,
2347 2659 2404 2708 ἐξ

391 2728 543 2789 genuit
566 2724 919 2788 Arphachschad‚
955 2725 1114 2784 duobus
1136 2728 1258 2772 annis
1273 2723 1366 2785 post
1387 2723 1610 2771 diluvium.
1682 2725 1780 2771 Hae
1803 2725 2054 2771 nativitates
2078 2725 2277 2782 Schemi,
2313 2725 2404 2790 fig-

388 2791 585 2840 ‘nificant
609 2792 908 2838 derivationes
932 2791 1112 2838 alte-rius
1136 2791 1631 2852 Ecclefiae'Antiquae3
1668 2791 1832 2837 Schem
1858 2789 1922 2837 est
1958 2791 2107 2838 cultus
2130 2793 2330 2839 internus
2354 2795 2400 2839 in

390 2872 590 2919 genere:
618 2871 804 2906 centum
827 2859 931 2905 anni
956 2857 1211 2921 significant
1232 2858 1398 2906 statum
1415 2856 1635 2904 Ecclefiae
1660 2856 1784 2904 istius
1802 2858 1848 2903 in
1873 2859 2121 2922 principio:
2159 2859 2401 2922 Arphach—

390 2922 537 2982 >schad⁴
554 2922 641 2972 fuit
677 2941 787 2988 gens
828 2925 889 2972 ita
925 2926 1172 2982 nominata,
1208 2927 1461 2989 perquam
1503 2923 1777 2987 significatur
1812 2923 2020 2972 scientia:
2057 2924 2236 2973 duobus
2272 2927 2398 2973 annis

395 2988 499 3053 post
529 2986 775 3049 diluvium,
813 2991 1035 3054 fignificat
1057 2990 1959 3056 alteram*Ecclefiampostdiluvianam..

471 3074 609 3118 1330.
627 3058 729 3121 Hae.
749 3059 1000 3122 nativitates
1022 3059 1220 3116 Schemi,
1243 3059 1368 3122 quod
1397 3058 1650 3121 significent
1663 3058 1964 3105 derivationes
1986 3058 2163 3106 alterius
2179 3059 2393 3106 Ecclefiae²

391 3120 640 3184 Andquae,
665 3109 847 3189 'constat
885 3139 910 3170 a
931 3124 1261 3186 srgnific'ation'e'
1291 3126 1622 3183 Nativitatum,
1662 3125 1799 3188 quod*
1834 3125 1891 3172 fit
1927 3127 2058 3189 origo
2097 3127 2146 3172 &
2171 3125 2392 3172 derivatio

397 3188 714 3235 doctrinalium
738 3184 788 3235 &¹
812 3189 1040 3248 cultuum,
1066 3204 1119 3239 ut
1143 3193 1319 3239 dietum
1344 3193 1468 3256 p‘rius
1494 3205 1523 3239 n
1542 3210 1571 3238 ε’
1593 3211 1606 3239 1
1630 3211 1714 3254 ¹45
1734 3212 1744 3240 ε
1769 3193 2038 3239 Nativitates
2054 3192 2126 3238 hic
2143 3192 2192 3237 &
2217 3190 2319 3236 alibi
2345 3193 2392 3235 im

391 3254 553 3316 Yerbo
575 3269 667 3306 non
697 3254 796 3303 aliae
818 3254 920 3303 sunt
942 3272 1096 3320 quarn
1112 3274 1226 3322 quae·
1254 3258 1356 3307 sunt
1383 3258 1620 3318 Ecclesiae,
1657 3261 1719 3315 ita
1740 3275 1846 3323 quae
1870 3258 1970 3308 sunt
1994 3255 2312 3367 dedii-inallium
2336 3256 2387 3301 δι

461 3329 465 3334 ’
2146 3337 2202 3368 cu
2220 3332 2356 3368 tuum
2374 3342 2399 3379 ς,
