2788 3736
433 292 571 370 604
942 279 1910 347 GENESIS.

426 419 719 467 Tentationes
741 417 952 474 Domini,
988 417 1116 481 quod
1134 418 1347 466 omnium
1365 418 1645 465 atrociffimae
1666 438 1680 473 ς
1716 428 1911 481 quantus
1935 417 2147 481 enimjestj
2160 416 2303 482 ambr,
2330 435 2426 471 tan.
2454 456 2460 462 ,

428 498 473 534 ta
496 487 703 534 atrocitas
727 484 821 540 est·‚
856 485 1052 547 Domini
1075 487 1228 534 Amor
1250 482 1355 542 fuit,
1399 483 1510 532 salus
1534 480 1727 537 univerfi
1749 486 1926 547 generis
1950 483 2424 555 humaniua'rdentiffi-

428 569 549 609 mus,
585 552 776 616 proinde
799 554 949 600 omnis
989 551 1168 600 affectio
1200 551 1325 609 boni,
1364 553 1411 600 ὅτ
1442 551 1620 598 affeetio
1642 553 1755 607 veri,
1791 551 1838 598 in
1871 550 2283 616 supremo‘gradug
2318 573 2426 605 con·

427 632 495 667 tra
533 619 631 667 haec
662 633 923 684 pugnarunt
961 619 1289 683 malignissimis
1329 617 1446 665 dolis
1485 619 1534 666 &
1571 618 1753 665 venenis
1783 618 1938 665 omnia
1970 616 2159 677 inferna,
2194 618 2269 668 sed
2293 621 2430 687 usque

428 688 582 733 omnia
605 688 741 733 evicit
763 687 993 734 Dominus
1017 687 1198 750 propria
1221 686 1455 749 potentia,
1507 684 1713 732 viEtoriae
1749 684 1836 732 hoc
1878 683 2030 732 secum
2069 685 2254 745 habent,
2285 690 2431 752 ‘quod

430 754 616 816 maligni
642 754 765 821 genii
789 754 838 800 &
864 752 1042 817 spiritus
1065 752 1168 799 dein
1193 753 1303 800 nihil
1328 751 1470 799 ausint
1490 774 1503 808 ·,
1539 751 1634 798 vita
1657 751 1781 798 enim
1805 755 1963 799 eor'um
1990 752 2186 800 consistit
2207 755 2254 801 in
2278 770 2349 811 (το,
2381 769 2433 804 ut

429 821 594 881 possint
618 820 858 875 destruere,
894 818 969 867 sed
992 835 1100 866 cum
1124 821 1380 883 percipiunt
1413 818 1648 881 hominem
1683 817 1821 875 talem
1845 818 1946 876 effe,
1982 831 2034 867 ut
2057 819 2250 868 resistere
2281 823 2432 885 postit,

348 889 352 894 '
414 889 475 961 2¹¹
501 887 653 949 primo
677 887 879 950 aggressu
920 899 1029 933 tunc
1053 885 1312 950 aufugiunt,
1352 885 1465 933 ficut
1503 884 1660 942 solent,
1696 883 1812 934 dum
1850 884 1908 932 ad
1930 886 2137 948 primum
2160 886 2301 943 limen
2325 889 2432 950 coeli

430 953 666 1010 accedunt,
701 954 884 1001 horrore
908 954 957 1001 &
975 966 1141 1000 terrore
1166 953 1287 1001 illico
1311 954 1632 1016 corripiuntur,
1670 951 1719 998 ὅτ
1741 950 1782 999 se
1804 951 2091 1016 prss'aecipitant
2114 964 2264 1016 retro.⁴
2422 1013 2426 1018 ·

505 1024 640 1068 1821.
678 1018 815 1067 Vers:
845 1038 889 1084 9.
927 1021 989 1067 Et
1025 1019 1136 1067 dixit
1173 1020 1233 1066 ad
1268 1020 1403 1075 illum,
1438 1021 1578 1081 accipe
1601 1019 1683 1065 tibi
1704 1018 1895 1066 vitulam
1919 1018 2137 1077 triennem,
2173 1021 2229 1070 δέ
2261 1023 2441 1085 capram

429 1088 648 1144 triennem,
685 1086 740 1135 ὅς’
764 1088 937 1134 arietem
977 1089 1194 1143 triennem,
1231 1086 1286 1135 δέ)
1324 1095 1550 1141 turturem,
1587 1084 1642 1133 &3
1673 1084 1850 1146 pullum.
1920 1086 2058 1134 Dixit
2079 1087 2135 1134 ad
2159 1086 2309 1146 illum,
2345 1089 2435 1154 fig-

432 1152 584 1200 nificat
618 1153 955 1216 perceptionem
976 1171 988 1200 ε
1029 1153 1180 1214 accipe
1202 1151 1396 1198 vitulam
1414 1148 1651 1207 triennem,
1691 1151 1741 1197 ὅτ
1765 1166 1945 1214 capram
1970 1153 2210 1211 triennem,
2249 1155 2299 1203 ὅτ
2323 1158 2435 1203 arie-

432 1231 526 1265 tem
553 1220 788 1274 triennem,
825 1217 1155 1280 significatilla,
1191 1233 1298 1281 quae
1321 1215 1677 1281 repraesentativa
1694 1214 2064 1281 suntcoelestium
2082 1219 2330 1277 Ecclefiae;
2366 1222 2437 1268 vi·
2506 1235 2510 1237 “

431 1285 541 1337 tula,
560 1283 811 1332 coelestium
829 1284 1135 1340 exteriorum3
1161 1299 1310 1348 capra,
1330 1281 1585 1330 coelestium
1608 1281 1900 1339 interiorum,
1924 1285 2051 1341 aries,
2075 1285 2330 1334 coelestium
2348 1287 2436 1351 spi-

432 1351 662 1398 ritualium
685 1373 699 1407 ,
735 1349 861 1415 quod
884 1351 1085 1407 triennis,
1121 1363 1214 1398 erat
1236 1351 1341 1414 quia
1355 1350 1637 1397 inv'olver'ent
1662 1349 1817 1396 omnia
1829 1344 2045 1397 Ecclesiae
2061 1351 2214 1414 quoad
2231 1344 2438 1417 tempora

432 1417 482 1464 ὅτ
506 1417 641 1465 status
662 1436 670 1465 :
711 1419 758 1464 ὅτ
784 1429 1008 1464 turturem
1043 1417 1093 1464 ὅτ
1135 1417 1336 1480 pullum,
1372 1415 1594 1479 fignificat
1619 1414 1692 1462 illa
1715 1430 1821 1478 quae
1845 1415 2206 1479 repraesentativa
2228 1417 2329 1467 sunt
2349 1418 2438 1484 spi·

433 1484 667 1532 ritualium
684 1483 897 1531 Ecclefiae
917 1505 930 1538 ;
966 1494 1115 1530 turtur
1139 1499 1245 1546 quae
1270 1482 1521 1538 exteriora3
1557 1481 1710 1546 pullus
1727 1497 1834 1545 quae
1851 1483 2071 1530 interiora.

501 1555 634 1600 1822.
671 1551 804 1597 Dixit
826 1549 883 1597 ad
901 1549 1051 1607 illum,
1088 1549 1215 1613 quod
1240 1548 1462 1612 significet
1485 1549 1840 1612 perceptionem,
1877 1549 2047 1596 constat
2063 1566 2119 1598 ex
2138 1550 2351 1616 ‘illis-quae
2367 1553 2438 1600 su-

430 1633 511 1681 pra
533 1618 589 1664 ad
611 1615 734 1663 vers:
763 1633 787 1665 2
817 1617 866 1665 ὅτ
886 1632 913 1681 7
939 1616 1061 1663 dieta
1086 1638 1102 1672 ·,
1134 1615 1224 1680 ipsa
1240 1616 1469 1680 perceptio
1501 1630 1593 1662 non
1617 1614 1739 1662 aliud
1772 1613 1835 1661 est
1864 1616 2004 1678 quam
2025 1617 2239 1679 quaedam
2262 1618 2440 1686 loquela

431 1687 617 1741 interna,
654 1699 759 1746 quae
783 1682 825 1729 se
849 1680 1096 1730 manifestat
1134 1684 1211 1740 ita,
1247 1690 1309 1729 ut'
1339 1681 1610 1746 percipiatur
1648 1680 1776 1745 quod
1800 1679 1997 1738 dicitur;
2034 1698 2171 1731 omne
2210 1683 2435 1734 diffitamen

431 1751 630 1807 interiuS,
666 1752 812 1797 etiam.
834 1748 1117 1807 conscientia,
1153 1765 1237 1797 nec
1270 1748 1391 1797 aliud
1415 1747 1513 1805 est;
1550 1747 1623 1796 sed
1662 1748 1901 1812 perceptio
1933 1747 1996 1796 est
2033 1749 2200 1814 gradus
2223 1747 2437 1816 superior,

431 1815 504 1864 seu
530 1817 727 1864 interior.

507 1901 521 1930 1
536 1888 644 1948 823.
682 1883 858 1947 Accipe
880 1882 1075 1931 vitulam
1098 1883 1339 1941 triennem,
1366 1884 1414 1932 &
1440 1899 1621 1947 capram
1640 1883 1882 1940 triennem,
1919 1883 1969 1930 &
1987 1883 2171 1932 arietem
2195 1886 2437 1949 triennem,

433 1950 559 2013 quod
596 1950 820 2013 significet
854 1950 944 2008 illa,
980 1966 1086 2014 quae
1122 1949 1483 2014 repraesentativa
1518 1949 1619 1997 sunt
1643 1947 1895 1998 coelestium
1918 1949 2151 2008 Ecclefiae‚
2188 1951 2359 2000 constat
2380 1969 2438 2002 ex

433 2016 754 2079 fignificatione
777 2017 1026 2065 eorundem
1058 2018 1105 2064 in
1141 2016 1390 2065 sacrificiis:
1428 2033 1581 2074 nemo,
1618 2017 1698 2080 qui
1721 2016 1820 2064 sane
1844 2017 2032 2078 cogitat,
2070 2017 2216 2080 potest
2239 2017 2434 2077 credere,

433 2083 560 2145 quod
585 2082 756 2130 diversa
792 2083 1019 2141 animalia,
1056 2099 1163 2157 quae
1187 2082 1560 2140 sacrificabantur,
1596 2083 1708 2143 nihil
1741 2082 1862 2130 aliud
1886 2078 2186 2146 'significarent
2210 2082 2350 2149 quam
2373 2083 2437 2133 sa·-

434 2149 618 2207 crificia,
653 2162 729 2197 aut
752 2150 878 2214 quo'd
904 2149 986 2198 bos
1008 2151 1295 2215 &juvencus
1320 2163 1397 2199 aut
1420 2150 1609 2207 vitulus,
1632 2150 1776 2202 simile
1799 2165 1850 2196 ac
1873 2152 1988 2206 ovis,
2013 2149 2190 2206 haedus,
2217 2151 2364 2215 capra,
2388 2153 2439 2200 &

435 2215 534 2264 haec
552 2216 675 2264 idem
699 2233 750 2264 ac
775 2232 936 2280 agnuS,
973 2218 1023 2265 ὅτ
1047 2217 1175 2281 quod
1197 2217 1341 2264 simile
1365 2229 1514 2265 turtur
1552 2217 1602 2263 ὅτ
1641 2215 1756 2279 pulli
1780 2214 2115 2274 columbarum,
2152 2229 2261 2264 cum
2285 2224 2437 2266 tamen

435 2282 782 2346 unumquodvis
809 2282 974 2331 animal
1013 2283 1137 2332 suam
1177 2283 1411 2347 specialem
1447 2282 1820 2346 significationem
1858 2280 2051 2337 habuit,
2087 2282 2215 2345 quod
2238 2282 2437 2332 constare

435 2347 535 2394 satis
551 2348 698 2412 potest
721 2365 778 2396 ex
799 2366 870 2404 eo,
892 2349 1018 2411 quod
1037 2349 1257 2412 nusquam
1279 2365 1424 2396 unum
1443 2348 1649 2396 oblatum
1668 2347 1822 2410 fit'pro
1844 2346 1999 2404 altero,
2027 2348 2076 2394 ὅτ
2094 2348 2220 2411 quod
2243 2350 2442 2415 expresse

436 2416 666 2462 nominata
689 2414 774 2461 sint
796 2416 966 2479 quae‘in
983 2414 1250 2479 holocaustis
1275 2417 1325 2463 ὅτ
1338 2414 1560 2462 sacrificiis
1577 2414 1868 2477 quotidianis,
1892 2412 2221 2463 sabbathorum
2242 2417 2292 2463 ὅτ
2306 2414 2438 2482 festos

435 2497 556 2538 rum,
592 2496 699 2545 quae
723 2481 770 2530 in
792 2480 1074 2540 voluntariis,
1109 2481 1277 2529 votivis
1300 2482 1350 2529 &
1385 2479 1698 2538 eucharisticis,
1734 2496 1841 2544 quae
1866 2481 1912 2526 in
1936 2480 2194 2542 expiatoriis
2218 2489 2365 2530 reatus
2388 2483 2439 2545 ὅτ
2466 2507 2469 2511 ·

434 2549 624 2610 peccati,
659 2564 767 2611 quae
790 2549 837 2595 in
861 2548 1193 2611 purificatoriis,
1219 2547 1353 2595 eflent
1374 2570 1387 2603 ;
1424 2547 1551 2612 quod
1569 2546 1791 2611 nusquam
1816 2546 1977 2604 fuiffet,
2014 2547 2094 2594 nis1
2112 2546 2317 2611 speciale·
2327 2549 2441 2614 quid

437 2630 519 2677 per
543 2614 886 2677 unumquodvis
925 2614 1091 2662 animal
1120 2613 1485 2678 repraesentatum
1523 2614 1574 2661 ὅτ
1599 2613 1901 2676 significatum
1928 2611 2105 2670 fuiffet;
2141 2611 2254 2678 quid
2286 2622 2438 2663 autern

439 2680 658 2742 significet
694 2680 1038 2744 unumquodvis
1071 2682 1118 2728 in
1148 2679 1307 2743 specie,
1345 2680 1753 2743 nimisprolixu'm
1795 2678 1911 2727 foret
1950 2675 2307 2744 hic'expon‘ere3
2341 2676 2441 2729 sa'tis

437 2746 498 2792 est
523 2745 628 2793 scire
651 2747 741 2805 hic,
777 2747 906 2811 quod
929 2745 1128 2795 coelestia
1149 2746 1251 2804 fint,
1289 2763 1395 2811 quae
1420 2763 1500 2811 per
1521 2746 1730 2794 animalia
1752 2746 2076 2809 significantur,
2113 2747 2163 2794 ὅτ
2193 2745 2319 2809 quod
2350 2746 2438 2810 spi‘-

439 2811 611 2859 ritualia
633 2829 712 2875 per
737 2830 856 2871 aveS‚
893 2814 943 2861 &
967 2814 1094 2876 quod
1117 2829 1198 2882 per
1220 2813 1566 2877 unumquodvis}
1588 2812 1759 2876 aliquid
1797 2812 1982 2876 speciale
2006 2810 2185 2858 coeleste
2223 2812 2272 2858 ὅτ
2313 2811 2439 2875 spiri-

439 2877 556 2924 tuale
584 2899 598 2932 3
629 2878 721 2940 ipsa
744 2879 941 2927 Ecclesia
977 2881 1026 2927 ὅτ
1063 2881 1218 2927 omnia
1233 2878 1449 2928 Ecclefiae
1466 2879 1672 2940 Judaicae
1695 2877 1877 2934 fuerunt
1898 2872 2437 2944 repraestntativastalium

439 2959 546 3005 quae
569 2941 669 3008 sunt
692 2945 844 3007 Regni
867 2947 1078 3002 Domini,
1120 2946 1197 2992 ubi
1221 2946 1333 2993 nihil
1357 2945 1437 2993 nifi
1461 2945 1640 2992 coeleste
1660 2946 1709 2991 ὅτ
1734 2942 1955 3010 spirituale
1978 2941 2057 3010 est,
2094 2943 2181 2990 hoc
2205 2943 2283 3001 est,
2303 2943 2306 2946 ’
2325 2943 2435 2992 nihil

440 3009 518 3055 nisi
541 3025 679 3072 quam
697 3011 824 3073 quod
848 3013 1012 3057 amoris
1030 3013 1077 3058 ὅτ
1102 3012 1225 3069 fidei,
1262 3025 1314 3058 ut
1331 3011 1434 3061 satis
1453 3026 1639 3073 quoque
1661 3008 1858 3068 constare
1882 3008 2029 3072 potest
2062 3026 2088 3056 a
2110 3008 2437 3072 fignificatio'ne

403 3095 409 3098 ·
441 3074 678 3122 bestiarum
712 3076 987 3123 mundarum
1010 3078 1059 3123 ὅτ
1083 3077 1283 3133 utilium,
1320 3077 1377 3123 de
1400 3075 1565 3139 quibus
1589 3090 1646 3121 n:
1673 3080 1756 3137 45',
1782 3075 1863 3135 46,
1896 3092 2004 3135 142,
2043 3092 2150 3139 143,
2180 3077 2292 3135 246,
2322 3090 2437 3140 714,

442 3157 467 3204 7
480 3157 552 3202 1-5,
575 3143 688 3206 ¹776.
714 3158 820 3205 quae
833 3142 940 3206 quia
956 3142 1002 3187 in
1020 3142 1353 3205 Antiquiffimis
1371 3140 1578 3189 Ecclesiis
1596 3140 1791 3187 coelestia
1806 3141 1922 3188 bona
1939 3136 2438 3206 significabanffpo'stea

440 3209 484 3253 in
509 3207 721 3263 Ecclefia,
749 3224 855 3255 cum
881 3207 1029 3270 cultus
1066 3208 1207 3254 modo
1239 3219 1446 3254 externus
1481 3211 1527 3257 ὅτ
1556 3209 1590 3253 is
1623 3206 2008 3270 repraesentativus
2056 3207 2361 3255 aestimabatu'r
2384 3209 2434 3255 ὅτ

439 3272 789 3338 agnoscebatur,
810 3274 1179 3339 repraesentativa,
1210 3271 1329 3321 simia
1353 3273 1466 3321 sunt,
1540 3274 1666 3339 Qia
1689 3274 1761 3321 hic
1802 3273 1860 3322 de
1900 3273 2016 3321 statu
2033 3273 2247 3322 Ecclefiae
2271 3275 2441 3336 agitur„

1150 3354 1155 3359 ’
2234 3340 2284 3387 δῑ
2317 3354 2441 3403 prte-
