2788 3736
411 229 539 306 518
943 210 1913 307 σΕΝΕεΙε.

405 364 529 411 tinue
553 365 793 430 impugnat
812 363 1067 420 Internum,
1100 362 1151 410 &
1175 361 1445 410 dominium
1460 360 1655 420 affectat,
1691 359 1889 411 formula
1903 362 2165 428 prophetica
2186 359 2299 410 faEta
2321 360 2404 421 est,

395 428 598 492 superbia
631 444 706 477 aut
729 429 857 478 elatio
880 430 1108 493 Jordanis,
1141 441 1194 492 ut
1210 429 1331 493 apud
1355 430 1621 491 Jeremiam,
1660 434 1695 456 “
1730 429 1991 493 Qomodo
2012 443 2168 493 parem
2205 442 2249 476 te
2281 445 2404 493 prae-

409 499 444 522 ‘⁶
477 497 607 548 stabis
630 512 738 544 cum
761 497 906 560 equis,
942 497 992 544 &
1018 497 1065 544 in
1097 508 1214 543 terra
1237 498 1358 559 pacis
1382 508 1432 543 tu
1457 495 1709 552 confidens,
1745 495 2069 560 &quomodo
2091 491 2200 542 facis
2223 496 2271 542 in
2293 496 2404 543 Ela-

407 564 517 609 tione
538 562 797 625 Jordanis;”
823 578 900 610 ΧΠ
922 580 931 609 :
961 579 1009 623 5,
1030 562 1164 610 elatio
1180 562 1392 623 Jordanis
1412 578 1499 628 pro
1516 561 1602 610 illis
1618 578 1725 626 quae
1743 560 1846 621 sunt
1861 562 2054 610 Externi
2069 560 2284 618 hominis,
2297 577 2407 624 quae

406 627 642 691 insurgunt
660 629 710 676 &
733 629 956 677 dominari
974 627 1104 693 super
1119 630 1355 677 Internum
1380 629 1563 685 volunt,
1597 641 1651 676 ut
1673 627 1774 676 sunt
1791 629 2037 687 ratiocinia,
2073 640 2181 691 quae
2204 624 2278 673 hic
2301 625 2406 674 sunt

406 695 526 756 equi,
563 695 612 742 ὅτ
648 695 754 743 inde
776 695 1078 755 confidentia:
1115 695 1237 759 apud
1261 695 1496 753 Eundem,
1535 700 1569 722 “
1593 695 1697 743 Erit
1721 694 1934 744 Edomus
1971 697 2017 743 in
2050 691 2367 745 desolationem
2389 714 2406 748 3

408 764 442 787 “
476 765 581 809 ecce
605 760 718 809 ficut
740 761 812 809 leo
850 761 1046 810 ascendit
1068 779 1093 809 e
1104 761 1307 826 superbia
1330 763 1539 825 Jordanis
1556 761 1614 809 ad
1635 761 1941 811 habitaculum
1976 759 2217 816 Ethanis,”
2263 773 2429 806 xmxz·

413 843 427 872 ι
443 841 488 890 7,
519 845 587 892 ¹9·
619 825 823 892 superbia
852 827 1061 890 jordanis
1079 844 1163 892 pro
1183 828 1376 875 Externi
1400 828 1597 876 hominis
1621 828 1811 876 elatione
1833 842 1992 880 contra
2014 826 2183 876 Interni
2205 823 2325 872 bona
2355 825 2409 872 δε

403 907 533 941 vera:
560 895 692 959 apud
716 893 986 951 Sachariam,
1014 899 1047 921 “
1069 892 1203 958 Ejula
1231 894 1366 951 abies,
1401 898 1508 958 quia
1531 894 1695 942 cecidit
1728 895 1907 954 cedrus,
1942 896 2050 959 quia
2072 891 2406 957 magnificivva-
2428 923 2431 925 >

408 962 445 986 “
477 958 575 1007 stati
593 958 711 1018 sunt,
746 958 905 1025 ejulate
929 976 1120 1024 quercus
1145 959 1395 1018 Baschanis,
1431 963 1538 1024 quia
1555 960 1785 1010 descendit
1808 960 1933 1026 sylva
1947 963 2158 1015 munita;
2193 973 2290 1004 vox
2309 955 2406 1021 eju-

408 1030 442 1052 “
478 1025 592 1074 latus
608 1026 855 1092 pastorum,
891 1029 996 1091 quia
1008 1027 1172 1075 vastata
1194 1027 1257 1073 est
1282 1028 1617 1090 magnificentia
1638 1043 1834 1083 eorum·,
1869 1044 1966 1076 vox
2006 1028 2186 1091 rugitus
2219 1022 2407 1072 leonum

408 1096 442 1118 “
470 1090 717 1157 juvenum,
768 1094 896 1157 quod
935 1093 1117 1148 vastata,
1145 1094 1199 1141 fit
1222 1094 1372 1141 Elatio
1396 1093 1652 1156 Jordanis‚''
1677 1109 1729 1141 xl
1757 1112 1769 1141 ε
1809 1110 1855 1151 2,
1894 1112 1938 1158 3.
2009 1094 2156 1154 Quod
2182 1089 2407 1151 Jordanes

407 1155 542 1206 fuerit
564 1161 785 1206 terminus
808 1172 938 1206 terrae
961 1160 1199 1215 Canaanis,
1236 1158 1407 1205 constat
1423 1159 1585 1207 Num:
1622 1174 1777 1207 xxxxv
1797 1176 1808 1207 ε
1853 1177 1924 1210 η.
1950 1159 2000 1208 δε
2024 1161 2152 1224 quod
2174 1168 2306 1204 terrae
2328 1157 2359 1218 J
2361 1172 2410 1205 e·

406 1223 544 1273 huclae
568 1224 717 1272 versus
740 1226 979 1281 orientem,
1013 1224 1123 1285 Jos:
1163 1240 1265 1271 xv:
1303 1240 1349 1285 5.

481 1293 616 1355 1586.
656 1291 803 1356 Qod
838 1303 933 1339 tota
978 1307 1028 1337 ea
1073 1291 1256 1355 irrigua,
1293 1289 1515 1353 significet
1572 1289 1697 1356 quod
1724 1289 1913 1339 crescere
1935 1291 1998 1338 ibi
2021 1294 2204 1356 poflint,
2240 1312 2409 1360 nempe

405 1357 524 1406 bona
561 1359 611 1406 δε
634 1373 757 1415 vera,
792 1357 989 1406 constare
1013 1356 1161 1422 potest
1199 1372 1258 1405 ex
1283 1356 1609 1427 significatione
1640 1358 1817 1422 irrigui,
1853 1357 2095 1407 videantur
2116 1375 2224 1423 quae
2260 1364 2409 1426 prius,

408 1441 467 1472 n:
510 1428 617 1475 108.
1327 1429 1357 1454 ’-

480 1495 619 1556 1587.
657 1492 923 1555 Antequam
963 1491 1167 1555 perdidit
1203 1490 1412 1553 jehovah
1451 1490 1705 1539 Sodomam
1739 1490 1800 1538 ·&
1826 1491 2072 1549 Amoram,
2107 1493 2236 1556 quod
2269 1493 2415 1558 figni-

407 1569 478 1605 cet
502 1557 736 1614 hominem
783 1570 1021 1605 externum
1045 1556 1370 1622 cupiditatibus
1395 1557 1502 1604 mali
1539 1558 1589 1604 δε
1613 1555 2083 1620 persuafionibus·falfi
2107 1559 2417 1619 destruetum,

405 1622 609 1672 constare
651 1622 798 1688 potest
831 1641 857 1671 a
882 1623 1442 1688 fignificatione'Sodomae'
1465 1622 1595 1687 quod
1617 1622 1704 1670 fint
1725 1623 1994 1688 cupiditates
2030 1623 2155 1683 mali,
2203 1625 2254 1674 &
2277 1642 2304 1673 a
2318 1626 2416 1690 fig·

406 1689 664 1738 nificatione
681 1691 875 1738 Amorae
901 1690 1030 1753 quod
1047 1690 1133 1737 fint
1155 1689 1459 1754 persuasiones
1481 1688 1576 1738 falfi
1603 1711 1620 1745 ·,
1653 1688 1752 1737 haec
1775 1690 1901 1738 enim
1935 1689 2033 1739 duo
2054 1689 2160 1739 sunt
2195 1707 2304 1756 quae
2325 1693 2413 1742 de-

406 1756 583 1804 struunt
604 1756 861 1805 Externum
878 1755 1131 1814 hominem,
1167 1757 1217 1804 &
1234 1756 1435 1820 separant
1456 1757 1514 1806 ab
1528 1757 1714 1804 Interno
1732 1777 1749 1812 ς
1783 1756 1834 1804 δε
1857 1755 1960 1805 haec
1978 1757 2075 1806 duo
2097 1754 2281 1810 fuerunt
2301 1774 2422 1823 quae

406 1821 723 1871 destruxerunt
746 1823 1119 1887 Antiquiffimam
1151 1823 1409 1871 *Ecclefiam
1442 1837 1544 1877 ante
1578 1822 1808 1871 diluvium
1835 1846 1850 1879 ;
1886 1824 2154 1888 cupiditates
2178 1824 2286 1872 mali
2308 1824 2419 1886 sunt

407 1889 672 1947 voluntatis,
729 1889 779 1937 ὅτ
817 1889 1114 1954 persuasiones
1159 1887 1254 1938 falfi
1293 1889 1396 1938 sunt
1434 1890 1702 1945 intelle&uS‚
1759 1905 1868 1954 quae
1910 1890 2015 1939 duo
2042 1906 2152 1939 cum
2198 1890 2419 1956 regnant,
2487 1934 2489 1937 .

409 1967 531 2003 totus
549 1956 776 2009 Externus
799 1956 942 2004 homo
975 1955 1039 2003 est
1062 1954 1329 2014 destructus,
1362 1959 1444 2021 qui
1467 1972 1576 2006 cum
1594 1955 1844 2004 destru6tus
1867 1957 2004 2006 etiam
2028 1957 2247 2022 separatus
2264 1957 2329 2006 est
2351 1959 2414 2006 ab

410 2022 611 2079 Interno,
648 2038 740 2070 non
764 2023 890 2086 quod
910 2023 1084 2070 Anima
1120 2022 1194 2070 seu
1220 2022 1398 2097 spiritus
1428 2025 1653 2088 separetur
1676 2039 1704 2071 a
1736 2038 1945 2088 corpore,
1980 2023 2058 2072 sed
2080 2024 2207 2088 quod
2230 2024 2416 2072 bonum·

412 2089 462 2136 &
486 2104 649 2136 verum
673 2088 728 2136 ab
749 2090 898 2136 anima
920 2088 993 2136 seu
1019 2087 1176 2152 spiritu
1210 2106 1306 2153 ejus
1338 2089 1532 2154 separata
1554 2090 1659 2147 fint,
1693 2100 1747 2136 ut
1772 2106 1865 2137 non
1889 2090 2082 2138 influant
2112 2091 2194 2138 nis1
2216 2102 2413 2147 remote,

412 2154 469 2202 de
492 2171 588 2218 quo
629 2155 827 2213 influxu,
862 2172 919 2203 ex
957 2155 1131 2203 Divina
1165 2156 1359 2219 Domini
1390 2156 1719 2211 Misericordia,
1754 2154 1886 2202 alibi:
1921 2156 1973 2202 ὃν.
2002 2156 2108 2218 quia
2144 2157 2191 2202 in
2231 2156 2408 2204 Genere

412 2220 613 2269 humano
630 2220 864 2270 Externus
887 2221 1029 2270 homo
1053 2223 1115 2269 ita
1137 2221 1387 2270 destructus
1410 2221 1517 2280 fuit,
1550 2223 1601 2270 &
1635 2220 1891 2285 disruptum
1915 2218 2010 2284 ejus
2033 2221 2275 2270 vinculum
2298 2237 2418 2270 cum.

413 2287 613 2343 Interno‚
649 2288 736 2335 hoc
775 2287 855 2344 est,
891 2304 999 2335 cum
1035 2287 1157 2335 bono
1202 2289 1253 2335 δε
1277 2304 1403 2345 vero,
1436 2289 1669 2347 Dominus
1705 2288 1754 2335 in
1778 2286 2010 2334 mundum
2043 2288 2193 2344 venit,
2222 2299 2279 2335 ut¹
2298 2303 2410 2336 con-

408 2351 621 2417 jungeret
657 2355 705 2402 &
748 2356 894 2400 uniret
916 2354 1172 2401 Externum
1206 2354 1443 2402 hominem
1478 2355 1677 2411 Interno,
1711 2353 1799 2400 hoc
1829 2353 1908 2417 est,
1943 2354 2213 2402 Humanam
2253 2353 2415 2402 Effen-

416 2420 526 2466 tiam
549 2421 750 2467 Divinae.
822 2419 994 2485 Qlalisl
1030 2420 1086 2467 fit
1108 2419 1334 2467 Externus
1357 2420 1516 2478 homo,
1552 2436 1660 2467 cum
1697 2419 1962 2482 conjunctus
1985 2421 2186 2476 Interno,
2219 2419 2292 2468 hic
2331 2421 2418 2468 de-

416 2485 637 2542 scribitur,
674 2501 837 2548 nempe
862 2498 1103 2549 antequam
1120 2486 1320 2549 perdidit
1343 2486 1551 2548 jehovah
1567 2487 1819 2533 Sodomam
1843 2487 1892 2534 δε
1912 2489 2155 2548 Amora-m,
2187 2486 2315 2551 quod
2336 2485 2434 2545 fu&
2515 2511 2519 2516 τ

417 2554 501 2600 erit
522 2552 646 2611 ficut
658 2552 814 2601 hortus
839 2552 1047 2613 Jehovae,
1085 2552 1198 2599 ficut
1221 2566 1334 2599 terra
1353 2554 1550 2617 AEgypti
1574 2552 1800 2613 veniendo
1824 2553 1958 2600 Zoar..
2458 2590 2462 2599 ,

491 2623 629 2682 1588.
667 2618 811 2683 Qod
836 2619 949 2666 ficut
971 2618 1127 2667 hortus
1150 2619 1359 2679 Jehovae,
1395 2620 1617 2682 significet
1639 2618 1996 2683 ejus-rationalia,
2032 2620 2202 2668 constat
2225 2636 2251 2667 a
2272 2619 2418 2682 signi-f-

417 2685 622 2732 ficatione
645 2685 764 2733 horti
781 2685 991 2746 Jehovae,
1007 2685 1135 2749 quod
1151 2685 1205 2733 fit
1222 2685 1609 2749 intelligentia„de
1628 2702 1719 2749 qua
1742 2702 1794 2734 n:
1839 2702 1947 2742 100,
1972 2686 2163 2748 proinde
2181 2685 2406 2742 rationale,

420 2751 547 2815 quod
571 2751 774 2798 medium
799 2750 861 2803 est
884 2753 1001 2798 inter
1031 2752 1268 2808 hominem
1292 2753 1593 2800 internum&
1617 2766 1855 2800 externum
1880 2773 1894 2807 ;
1930 2750 2140 2798 rationale
2163 2750 2227 2797 est
2260 2751 2412 2799 homi-

422 2818 490 2865 nis
514 2819 682 2863 externi
722 2818 1049 2879 intelligentia,
1087 2819 1243 2866 hortus
1281 2819 1472 2880 jehovae
1497 2820 1679 2873 dicitur,
1715 2833 1823 2865 cum
1848 2816 2082 2864 Rationale
2105 2816 2284 2864 coeleste
2328 2817 2418 2874 est,

422 2883 509 2930 hoc
532 2882 616 2941 est„
647 2899 705 2928 ex
730 2885 904 2946 origine
942 2884 1129 2942 coelesti,
1166 2897 1219 2932 ut
1260 2885 1349 2932 fuit
1386 2885 1508 2949 apud
1533 2886 1906 2946 Antiquiffimam
1928 2881 2193 2940 Ecclefiam,
2230 2883 2419 2947 dequo·

423 2950 483 2997 ita
504 2947 624 3014 apud
651 2948 843 3004 Esaiam,
881 2954 915 2975 “
939 2950 1253 2998 Consolabitur
1282 2951 1488 3011 Jehovah
1512 2952 1726 3004 Zionem,
1762 2946 2060 2995 consolabitur
2096 2964 2260 2996 omnes
2278 2950 2415 2999 vasti-

426 3020 458 3041 ‘2
494 3026 603 3060 tates
629 3013 765 3070 illius,
789 3015 837 3060 &
860 3028 996 3075 ponet
1014 3016 1380 3074 desertum-illius
1405 3029 1620 3078 tanquam
1649 3014 1797 3068 Eden,
1823 3015 1872 3060 &
1899 3013 2186 3062 solitudinem
2212 3015 2332 3063 illius
2355 3016 2436 3064 s1-.

427 3086 459 3108 “
494 3092 572 3127 cut
594 3082 780 3128 Hortum
799 3080 979 3142 Jehovae
1007 3103 1020 3135 ;
1057 3082 1278 3143 gaudium
1301 3081 1524 3128 &laetitia
1549 3081 1805 3136 invenietur
1824 3081 1869 3126 in
1893 3096 1959 3136 ea,
1995 3079 2207 3128 confessio
2239 3083 2288 3131 &
2312 3098 2409 3128 vox

426 3151 460 3174 “
495 3147 700 3203 cantus,’'
726 3162 808 3193 u:
846 3163 889 3209 3.
927 3158 971 3192 at
1003 3147 1184 3193 Hortus
1206 3148 1295 3193 Dei
1319 3147 1504 3202 dicitur,
1541 3158 1650 3194 cum
1675 3145 1912 3194 Rationale
1946 3145 2010 3194 est
2049 3146 2288 3210 spirituale,
2325 3148 2415 3197 hoc
2486 3200 2489 3203 ,

424 3212 509 3283 est,
540 3228 598 3277 ex
618 3214 791 3279 origine
813 3211 1044 3278 spirituali,
1081 3225 1132 3279 ut
1155 3213 1278 3277 apud
1295 3212 1544 3264 Ecclefiam
1570 3213 1844 3278 Antiquam,
1880 3212 1938 3262 de
1955 3229 2049 3278 quo
2072 3213 2193 3278 apud
2219 3213 2420 3326 Ezelchi-

2284 3294 2308 3326 e
2325 3294 2439 3336 em,-
