2788 3736
440 289 569 353 512
983 262 1073 326 *G
1164 262 1226 325 E
1317 261 1406 326 N
1485 263 1591 326 E
1638 263 1834 339 Sf
1892 269 2026 336 ”Ss-

435 395 596 452 Lothi‚
627 393 846 457 significet
869 391 996 455 quod
1015 392 1222 440 Internus
1244 392 1388 441 homo
1409 392 1460 441 δι’
1477 393 1710 442 Externus
1726 410 1820 444 non
1833 397 2173 461 concordarent,
2208 403 2465 453 constat-a..

435 463 756 524 significatione
780 459 1013 522 pastorum
1031 459 1221 521 pecoris,
1257 459 1384 522 quod
1402 459 1488 506 sint
1504 461 1591 523 ,qui
1615 460 1800 517 docent,
1836 463 1902 512 ita
1924 466 2035 527 quae'
2055 467 2206 516 cultus
2229 469 2347 528 sunt,
2372 460 2442 519 *si-⁷>
2463 463 2465 465 ¹

437 542 515 574 cut
539 529 681 573 cuivis
705 539 870 572 notum
890 525 977 572 esse
994 525 1174 589 potest·,
1211 540 1348 589 quare
1380 526 1466 572 illis
1491 525 1814 583 confirmandis
1847 545 1871 584 e
1894 529 2048 587 Verbo
2066 523 2438 595 ⁴non‘it'n'rnoran-
2459 530 2463 534 ’

440 593 585 639 dum:
645 593 743 639 haec
781 592 979 655 spestant
1012 591 1086 638 illa
1114 607 1223 654 quae
1266 594 1312 639 in
1346 591 1483 640 Vers:
1502 608 1645 657 „praee
1665 611 1685 648 t,
1715 611 1762 656 5.Ι
1801 593 1921 643 dicta
1955 594 2057 655 sunt
2093 591 2441 667 temoriffi'quae

438 659 564 722 quod
583 658 837 722 significent
854 658 1051 714 cultum,
1087 658 1149 705 ibi
1169 659 1418 711 indicatum
1435 658 1498 706 est
1519 681 1535 715 ·,
1568 675 1676 722 quae
1690 660 1905 716 dicuntur
1928 663 1975 709 in
1991 661 2099 710 vers
2098 682 2116 722 ς
2143 680 2258 724 mox
2281 683 2406 731 praec
2424 689 2463 730 ε,

439 728 482 771 6.
520 724 715 790 spectant
739 725 815 772 illa
847 740 954 788 quae
1002 726 1049 771 in
1095 723 1220 772 vers:
1260 743 1303 787 5.
1354 724 1473 772 dieta
1512 725 1614 773 sunt
1638 742 1752 789 grex
1778 728 1826 774 &
1851 741 2129 788 armentum,
2166 718 2274 797 quae
2313 720 2462 797 quod.

435 790 522 838 smt
545 790 825 855 poffeffiones
862 790 936 838 ieu
959 790 1287 853 acquisitiones,
1322 792 1458 839 etiam
1483 792 1545 839 ibi
1586 793 1835 840 indicatum
1859 794 1952 844 est:
1989 795 2065 843 hic
2101 798 2326 860 quoniam-
2343 802 2462 865 agiv’}
2519 846 2528 851 s

437 869 513 904 tur
545 858 604 905 de
626 857 754 906 cultu
779 873 946 921 nempe
969 857 1138 904 Interni
1163 858 1358 906 hominis
1396 859 1452 907 &2
1471 859 1684 916 Emerui,
1721 861 1802 923 qui
1826 862 1935 924 quia
1958 862 2170 924 nondum
2193 870 2462 924 concorda-.

437 937 561 981 runt,
596 924 670 971 hic
695 924 876 980 dicitur,
912 923 1039 987 quod
1056 923 1109 970 lis
1133 921 1221 971 fuit
1245 926 1360 972 inter
1383 923 1594 988 pastores,
1630 925 1809 979 Abram
1844 928 1977 988 enim„
1993 928 2276 992 repraesentat
2297 918 2463 993 Inter-J
2484 988 2490 992 ἱ

438 1006 552 1038 num
575 992 835 1038 Hominem
859 990 908 1037 δε
925 990 1108 1038 Lothus
1133 990 1395 1038 Externum
1415 1009 1426 1037 :
1463 986 1510 1037 in
1529 991 1657 1039 cuitu
1675 992 1902 1057 imprimis
1920 993 2119 1055 noscitur
2133 1012 2240 1060 quae
2261 998 2315 1046 ὅτ.
2329 990 2459 1062 φάψ.

438 1056 493 1104 lis
533 1056 822 1120 discrepantia
864 1057 927 1104 est
949 1057 1064 1107 inter
1098 1056 1334 1104 hominem
1374 1059 1604 1112 internum
1639 1059 1687 1112 &
1724 1071 2001 1121 externum,⁴
2039 1061 2137 1122 imo
2156 1063 2222 1120 *in
2255 1052 2458 1128 'singuiis'

438 1123 607 1179 cultus,
643 1124 691 1169 in
713 1138 808 1185 quo
830 1138 939 1170 cum
963 1124 1171 1170 Internus
1188 1123 1332 1170 homo
1354 1123 1456 1170 vult
1471 1123 1663 1186 spectare
1686 1123 1797 1171 fines
1821 1125 1973 1188 Regni
1995 1128 2095 1184 Dei,
2131 1129 2182 1176 δε
2210 1129 2452 1178 Externus·

438 1190 543 1236 vult
566 1189 758 1253 spectare
797 1187 908 1235 fines
947 1189 1127 1243 mundi,
1165 1190 1269 1235 inde
1302 1188 1614 1252 discrepantia,
1650 1205 1758 1252 quae
1790 1191 1837 1237 in
1858 1191 1988 1249 cultu
2024 1191 2067 1255 se
2088 1189 2356 1255 manifestat,
2391 1198 2443 1245 δε

440 1255 626 1318 quidem
662 1256 708 1300 i'n
744 1266 941 1309 tantum,
976 1265 1031 1300 ut
1067 1253 1379 1317 discrepantiae
1403 1255 1654 1301 minimum
1675 1255 2062 1318 animadvertatur
2084 1261 2131 1307 in
2155 1254 2305 1309 coelo':
2341 1254 2454 1310 haeess

443 1321 545 1368 sunt
563 1336 667 1383 quae
683 1320 992 1383 significantur
1015 1335 1095 1382 per
1112 1319 1239 1366 litem
1262 1320 1379 1368 inter
1401 1319 1596 1384 pastores
1616 1322 1794 1383 pecoris
1819 1321 2031 1381 Abrami,
2052 1324 2116 1385 s&
2133 1325 2328 1389 pastores
2359 1316 2455 1392 pe-,'

437 1388 557 1434 coris
574 1386 747 1434 Lothi:
784 1385 911 1433 causa
935 1400 1120 1450 quoque
1143 1384 1424 1450 adjungitur,
1460 1401 1627 1450 nempe
1640 1386 1767 1451 quod
1792 1387 2035 1449 Canaanita
2054 1389 2115 1438 διεΔ
2131 1384 2451 1456 Ρεὲὶίῑῑῤείὶῑ,

440 1470 488 1500 in
513 1466 639 1500 terra.
920 1468 928 1470 *
2206 1496 2210 1501 .
2444 1498 2451 1505 ,

515 1533 654 1582 1572.
692 1518 836 1583 Qod
864 1518 1057 1583 pastores
1082 1519 1257 1582 pecoris
1277 1517 1471 1566 Abrami
1489 1518 1574 1566 sint
1596 1518 1812 1578 coelestia,
1846 1537 1955 1585 quae
1971 1519 2074 1572 sunt
2093 1511 2264 1581 interni
2284 1516 2452 1587 homi-‚¹

444 1587 528 1643 nis,
565 1588 614 1632 &
638 1587 764 1649 quod
789 1586 980 1648 pastores
1004 1588 1178 1648 pecoris
1201 1584 1344 1632 Lothi
1369 1585 1454 1632 fint
1471 1584 1691 1643 sensualia,
1724 1603 1832 1649 quae
1871 1587 1975 1635 sunt
2003 1588 2203 1651 Externi
2218 1589 2449 1651 hominis,-

442 1652 612 1700 constat
650 1653 706 1699 ab
736 1652 821 1699 illis
861 1668 968 1714 quae
1005 1652 1131 1714 prius
1170 1651 1321 1699 dicia:
1358 1667 1438 1714 per
1482 1651 1699 1710 coelestia,
1737 1668 1858 1716 quaer
1891 1653 1994 1713 sunt
2037 1653 2232 1719 pastores
2263 1659 2449 1720 pecoris,

443 1719 654 1775 Abrami,
691 1718 1007 1781 intelliguntur
1029 1715 1226 1765 coelestia
1250 1718 1296 1764 in
1320 1717 1465 1773 cultu,
1501 1733 1609 1781 quae
1643 1717 1747 1777 sunt
1766 1719 1936 1779 Interni
1963 1719 2174 1775 hominis
2194 1744 2209 1783 γ,
2233 1738 2324 1786 ,per
2356 1740 2447 1788 pa*

389 1838 394 1843 ,
443 1785 579 1833 stores
604 1785 775 1848 pecoris
790 1783 934 1832 Lothi
951 1783 1265 1846 intelliguntur
1283 1781 1487 1831 sensualia
1509 1799 1617 1847 quae
1641 1786 1687 1832 in
1711 1785 1999 1849 cultu,4qu2ae
2019 1786 2122 1835 sunt
2144 1782 2342 1853 Externi'
2357 1782 2452 1837 ho-ssv

443 1852 596 1907 minis,
632 1867 738 1914 quae
774 1866 866 1898 non
906 1851 1182 1898 concordant
1215 1865 1335 1910 „cum
1371 1849 1630 1898 coelestibus
1675 1850 1835 1911 cultus
1863 1852 2035 1902 Interni
2071 1853 2303 1912 hominis3
2338 1849 2451 1914 haec

442 1917 683 1981 quomodo
706 1916 746 1964 se
762 1916 943 1974 habent,
979 1916 1152 1965 constat
1173 1916 1229 1963 ab
1252 1917 1337 1964 illis
1361 1932 1469 1980 quae
1499 1918 1624 1981 prius
1641 1917 1808 1977 ostensa
1823 1916 1939 1967 sunt.
2056 1979 2062 1982 ῃ
2110 1956 2116 1960 -
2443 1967 2448 1980 ,

518 1999 655 2047 1573.
691 1983 756 2030 Et
779 1984 1020 2031 Canaanita
1046 1984 1097 2031 &
1121 1983 1303 2030 Perifita
1324 1995 1434 2031 tunc
1470 1983 1671 2032 habitans
1694 1985 1741 2031 in
1765 1997 1895 2042 terra,
1931 1985 2055 2048 quod
2079 1986 2301 2051 significet
2322 1983 2451 2037 mala

444 2051 495 2100 &
521 2048 620 2097 falsa
643 2051 687 2096 in
716 2050 917 2097 Externo
939 2049 1136 2106 homine,
1172 2049 1369 2097 constare
1386 2049 1582 2114 potesta
1602 2050 1927 2115 significatione
1951 2053 2225 2113 Canaanitae‚
2239 2046 2445 2118 quod'fit

447 2116 621 2164 malum
667 2131 694 2162 a
739 2128 880 2162 matre
917 2115 1250 2163 haereditarium
1275 2117 1323 2162 in
1345 2116 1550 2163 Externo
1566 2117 1794 2170 Homine..
1829 2117 1887 2173 de
1908 2133 1997 2180 qua
2009 2119 2153 2182 prius,
2189 2135 2249 2166 n:
2293 2137 2449 2180 1444·,

444 2183 498 2230 &
537 2199 596 2230 ex
638 2181 960 2245 significatione
983 2181 1198 2238 Perifitae‚
1233 2182 1360 2245 quod
1398 2181 1454 2237 Iit
1490 2180 1652 2239 falsum
1691 2183 1813 2238 inde,
1849 2182 1907 2229 de
1930 2184 2087 2245 qua-in
2125 2180 2410 2247 sequentibus
2427 2202 2443 2234 z

445 2249 575 2311 quod
613 2247 949 2296 haereditarium
973 2264 998 2295 a
1033 2259 1175 2296 matre
1197 2248 1373 2296 malum
1396 2245 1532 2305 fuerit
1553 2247 1677 2311 apud
1704 2248 1967 2307 Dominum
1991 2249 2038 2295 in
2069 2248 2274 2310 Externo
2296 2247 2442 2316 Ipsius

447 2315 674 2378 Homine,
711 2315 833 2376 prius
857 2313 1032 2360 dictum
1050 2314 1273 2369 videatur,
1309 2329 1370 2361 n:
1411 2330 1553 2373 1414,
1577 2314 1628 2361 δε
1658 2330 1801 2374 1444,
1849 2313 1978 2376 quod
2016 2314 2121 2362 in'de
2162 2312 2342 2373 falsum,
2377 2316 2443 2373 se-¹

447 2382 639 2442 quitur3
675 2379 752 2426 ubi
778 2378 950 2426 malum
964 2379 1315 2439 hereditarium,
1351 2378 1413 2425 ibi
1429 2395 1614 2442 quoque
1636 2377 1815 2436 falsum,
1850 2379 1937 2427 hoc
1961 2378 2155 2428 nascitur
2170 2380 2231 2428 ab*
2249 2380 2345 2439 illo,
2369 2380 2446 2432 sed

446 2443 607 2493 falsum
632 2462 657 2493 a
680 2445 800 2492 malo
823 2461 915 2492 non
933 2444 1078 2508 potest
1101 2444 1234 2501 nasci,
1271 2444 1531 2509 priusquam
1554 2446 1698 2493 homo
1729 2445 1980 2494 scientificis
2019 2447 2069 2494 δε
2103 2445 2441 2512 cognitionibus
2471 2468 2473 2470 ’

448 2511 652 2559 imbutus
673 2510 752 2568 est,
790 2511 962 2558 malum
986 2512 1078 2558 non
1102 2510 1235 2557 habet
1251 2511 1371 2557 aliud
1405 2512 1452 2559 in
1478 2512 1607 2574 quod
1629 2523 1842 2575 operetur
1873 2525 1952 2574 aut
1973 2513 2150 2578 influat,
2185 2514 2266 2561 nifi
2289 2515 2336 2561 in
2359 2514 2440 2563 sci-.
2500 2519 2502 2521 ’

444 2578 628 2626 entifica
649 2579 699 2625 &
719 2579 1020 2640 cognitiones,
1055 2578 1116 2623 ita
1139 2576 1313 2624 malum
1328 2577 1456 2639 quod
1468 2576 1532 2623 est
1554 2580 1691 2641 partis
1712 2578 1982 2627 voluntariae
1996 2580 2187 2639 vertitur
2208 2577 2256 2627 in
2278 2578 2441 2628 falsum

448 2646 496 2693 in
514 2657 637 2708 parte
660 2643 967 2700 intellec‘iuali,'
996 2659 1133 2706 quare
1171 2643 1258 2690 hoc
1282 2639 1442 2690 falsum
1474 2645 1614 2691 etiam
1652 2642 1739 2692 fuit
1762 2645 2116 2702 haereditarium,
2153 2641 2265 2711 quia
2278 2658 2439 2697 natum
2510 2653 2514 2656 ’

446 2711 504 2758 ab
520 2711 816 2766 haereditario,
854 2726 944 2758 non
958 2722 1109 2763 autem
1126 2707 1285 2757 falsum
1302 2725 1359 2756 ex
1383 2711 1613 2774 principiis
1635 2708 1730 2771 falsi
1755 2731 1771 2766 ς
1807 2710 1881 2774 sed
1920 2724 2011 2758 erat
2034 2713 2081 2758 in
2103 2708 2307 2776 Externo
2323 2705 2439 2772 'HQ

451 2779 588 2832 mine,
619 2772 745 2839 quod
769 2777 974 2824 Internus
997 2777 1164 2836 Ho'mo
1187 2776 1339 2829 videre
1357 2778 1507 2839 potuit
1531 2776 1657 2840 quod
1681 2775 1840 2826 falsum
1863 2795 1874 2825 :
1908 2777 1960 2824 &
1984 2778 2089 2839 quia
2110 2769 2286 2823 malum
2300 2777 2438 2825 haere-

447 2843 662 2889 ditat-ium
699 2859 723 2888 a
748 2855 887 2890 matre
911 2841 998 2889 fuit
1031 2838 1271 2905 antequam
1294 2842 1526 2889 Dominus
1570 2842 1773 2889 imbutus
1812 2839 1901 2889 fuit
1922 2841 2173 2888 scientificis
2206 2843 2255 2889 δε
2281 2840 2439 2908 cogniss

440 2907 663 2962 tionibus,
698 2906 768 2954 seu
793 2920 1029 2970 antequam
1048 2909 1224 2955 Abram
1254 2909 1560 2971 peregrinatus
1593 2909 1640 2969 in
1663 2908 1892 2970 AEgypto,
1928 2906 2096 2953 dicitur
2118 2908 2247 2970 quod
2270 2910 2442 2961 Canaar

443 2975 543 3023 -nita
582 2974 668 3021 ruit
714 2975 760 3018 in
799 2986 927 3028 terra,
963 2990 1056 3019 non
1100 2986 1255 3020 autem
1290 2973 1488 3028 Perifita,
1540 2974 1660 3035 Cap:
1687 2985 1819 3033 ‘praec
1839 2989 1850 3019 :
1887 2971 2015 3018 vers:
2056 2973 2085 3019 6
2113 2995 2127 3028 3
2164 2974 2238 3022 hic
2284 2970 2438 3038 autem

447 3039 688 3104 postquam
713 3037 960 3083 scientificis
983 3039 1031 3084 δε
1056 3037 1390 3100 cognitionibus
1414 3037 1636 3092 imbutus,
1671 3036 1836 3083 dicitur
1851 3037 1993 3100 ,quod
2015 3038 2256 3087 Canaanita
2278 3041 2327 3088 δε
2350 3042 2437 3093 Pe.-

448 3104 566 3152 rifita
599 3103 844 3151 habitarent
869 3104 914 3147 in
938 3116 1068 3158 terra,
1102 3119 1158 3150 ex
1181 3102 1346 3165 quibus
1368 3101 1555 3158 constat,
1591 3102 1718 3164 quod
1741 3118 1824 3165 per
1846 3100 2136 3154 canaanit'am
2160 3105 2440 3169 significetur

449 3170 638 3226 malum,
675 3171 724 3217 &
746 3184 825 3232 per
848 3167 1079 3215 Perifitam
1102 3167 1260 3216 salsum
1281 3189 1296 3222 3
1333 3167 1436 3214 inde
1462 3168 1600 3227 etiam·
1618 3167 1819 3226 constat,
1855 3169 1981 3233 quod
2005 3167 2273 3221 memoratio
2287 3171 2437 3221 'Cana-

442 3239 584 3288 anitae
605 3236 654 3285 &
671 3234 868 3284 Perifitae
886 3250 985 3284 non
1008 3234 1062 3286 fit
1091 3235 1137 3285 in
1167 3234 1272 3284 serie
1295 3233 1442 3299 aliqua
1463 3233 1684 3292 historica,
1720 3251 1826 3284 nam
1850 3237 1898 3284 in
1921 3233 2283 3303 antecedentibus
2306 3237 2438 3351 &bse-

1679 3311 1684 3314 ’
2194 3315 2351 3368 quenti
2385 3319 2438 3353 us
