2788 3736
392 310 530 374 4³32
880 283 956 345 ‘G
1047 280 1288 377 *E‘N
1369 279 1433 341 E
1525 280 1577 343 S
1669 283 1718 344 I
1801 280 1867 348 S.

454 442 482 473 ,ι
495 439 603 487 310.
638 416 759 467 Vers
770 436 780 466 :
807 434 853 480 5.
890 418 953 465 Et
976 415 1194 486 descendit*
1208 416 1414 480 Jehovah
1443 415 1504 464 ad
1522 415 1749 466 videndum
1771 419 1915 467 urbem
1966 420 2021 470 ΕΞ
2045 424 2224 481 turrim,
2264 438 2399 490 quam»

378 489 653 546 aedzficabant
678 485 767 545 filii
803 485 995 531 hominis.
1064 481 1311 531 Descendit
1341 482 1562 544 Jehovah,
1601 483 1824 547 significat
1855 483 2084 547 judicium
2122 488 2254 553 supe-r
2290 506 2390 539 eos:

389 558 447 603 ad
472 553 727 600 videndum
751 550 913 598 urbem
938 551 987 596 ὅτ
1011 551 1193 607 turrim,
1229 549 1453 613 fignificat
1476 547 1606 612 super
1627 550 1677 596 id
1717 549 1844 613 quod
1884 554 2180 614 perverterint
2213 556 2390 611 ‚doetri-

388 636 515 676 nam,
553 622 599 666 &
648 617 1025 682 prophanaverint
1055 615 1268 664 cultum:
1304 631 1445 680 quam
1485 615 1771 665 aedificabant
1806 615 1888 664 filii
1923 616 2138 676 hominis,
2174 620 2396 684 fignificat

389 702 498 751 quae
527 685 608 732 fibi
639 685 881 732 finxerunt.
915 695 919 698 ⁴

467 770 486 802 1
497 770 521 816 3
534 770 551 801 1
565 769 584 800 1
594 787 604 799 .
630 751 695 799 Et
708 749 934 798 descendit
941 748 1164 811 Jehovah,
1181 748 1308 814 quod
1321 748 1543 814 significet
1551 747 1781 815 judicium
1799 748 1930 815 super
1944 766 2037 809 eos,
2055 750 2226 800 constat
2239 750 2295 799 ab
2316 751 2403 802 illis

385 834 500 882 -quae
518 817 800 881 praecedunt‚
816 817 867 865 ὅτ,
883 832 988 880 quae
1003 815 1262 880 sequuntur,
1287 827 1390 864 tum
1408 832 1433 864 a
1449 816 1776 881 significatione
1794 816 2057 865 descendere
2080 817 2322 882 respective
2344 819 2404 867 ad

395 884 427 947 J
430 885 623 932 ehovam
641 883 725 931 :ab
738 883 824 931 illis
841 897 947 946 quae
960 882 1242 946 praecedunt,
1255 883 1318 931 ibi
1334 883 1486 931 aCtum
1505 882 1570 931 est
1587 883 1644 930 de
1657 882 1957 932 aedificatione
1974 883 2097 931 urbis
2111 885 2161 933 &
2176 886 2309 932 turris
2319 886 2404 933 Ba-

389 950 650 1013 bylonicae,
689 948 745 996 ab
762 948 849 996 illis
881 964 986 1011 quae
1014 948 1276 1014 sequuntur,
1302 948 1366 996 ibi
1381 949 1530 1012 agitur
1545 949 1603 997 de
1620 947 1882 998 confusione
1899 949 2143 1008 labiorum,
2165 950 2215 999 &
2239 950 2409 1016 disper-

389 1017 552 1072 fione;
578 1015 939 1079 afignificatione
961 1014 1228 1078 descendere·
1249 1014 1490 1079 respective
1513 1016 1572 1063 ad
1595 1015 1839 1077 Jehovam,
1865 1016 1991 1080 quod
2008 1016 2282 1081 praedicetur
2294 1032 2406 1065 cum

390 1081 628 1148 ,judicium
646 1082 699 1129 fit
718 1104 732 1138 3
758 1080 965 1143 Jehovah
984 1080 1060 1141 seu
1068 1082 1300 1129 Dominus
1315 1080 1485 1144 ubique
1498 1080 1691 1146 praesens
1707 1081 1787 1140 est,
1810 1083 1862 1130 &
1875 1084 2035 1130 omnia
2051 1084 2183 1131 nov-it
2203 1082 2260 1143 ab
2275 1095 2409 1131 aeter-

401 1165 485 1263 ἓῖἒὶ
510 1163 760 1262 ἓὲἰῗᾱῗιξ
773 1145 2403 1276 31331333333333033333&333333333113353353333333

390 1283 483 1338 jta,
508 1283 554 1328 in
579 1280 657 1326 illo
670 1277 790 1325 sensu
815 1277 977 1325 sistitur
994 1293 1077 1334 res,
1095 1293 1189 1325 non
1202 1277 1347 1340 qualis
1360 1276 1425 1324 est
1438 1274 1686 1326 secundum
1705 1249 2001 1352 apparentiam,
2018 1280 2094 1327 sed
2107 1281 2252 1343 qualis
2275 1283 2323 1328 in
2344 1280 2406 1339 se,
2467 1316 2471 1318 -

406 1362 542 1411 quare
559 1345 631 1392 hic
649 1343 913 1392 descendere
927 1344 984 1392 ad
1001 1343 1254 1391 videndum
1273 1342 1399 1407 quod
1416 1342 1469 1391 fit
1475 1340 1707 1407 judicium
1725 1365 1741 1401 ;
1759 1343 1993 1408 judicium
2009 1346 2282 1409 praedicatur
2298 1361 2409 1396 cum

410 1412 587 1461 malum
620 1410 677 1459 ad
709 1409 945 1458 summu-m
977 1409 1249 1474 perduCtum
1271 1407 1352 1465 est,
1387 1409 1515 1473 quod
1537 1410 1789 1473 appellatur
1813 1412 1864 1459 in
1886 1410 2042 1459 Verbo
2064 1426 2173 1459 cum
2198 1412 2409 1462 consum-

395 1491 587 1527 „matum
611 1476 686 1525 vel
707 1491 816 1525 cum
839 1475 1150 1534 consummata
1169 1476 1409 1539 iniquitas;
1446 1476 1507 1523 ita
1529 1476 1654 1523 enim
1677 1475 1719 1523 se
1758 1491 1829 1523 res
1863 1475 2013 1534 habet,
2053 1493 2188 1524 omne
2229 1478 2409 1526 malum

407 1545 541 1594 habet
562 1542 660 1591 suos
681 1545 899 1591 terminos
919 1541 1153 1607 quousque
1166 1542 1330 1590 vadere
1343 1543 1637 1606 permittitur,
1655 1557 1763 1590 cum
1773 1541 1890 1590 ultra
1902 1542 1985 1590 hos
2007 1543 2227 1591 terminos
2238 1544 2408 1608 perdu-

397 1611 546 1668 .citur‚
569 1610 754 1658 incurrit
770 1610 817 1657 in
834 1625 1021 1674 poenam
1045 1609 1170 1666 mali,
1195 1608 1344 1657 hocin
1359 1608 1632 1672 particulari,
1650 1609 1702 1656 &c
1715 1609 1762 1655 in
1779 1610 2036 1666 communi,
2060 1624 2201 1672 poena
2223 1609 2332 1658 mali
2347 1608 2412 1658 est

394 1692 519 1742 ,quae
542 1688 651 1724 tunc
674 1688 865 1724 vocatur
882 1674 1140 1740 judicium;
1173 1675 1224 1723 &
1243 1675 1352 1738 quia
1367 1685 1553 1738 apparet
1572 1675 1775 1738 primum
1793 1674 1907 1722 sicut
1927 1675 2056 1739 quod
2073 1690 2165 1722 non
2176 1676 2411 1738 Dominus

406 1743 565 1791 ,videat
588 1741 661 1790 seu
683 1742 1009 1790 animadvertat
1027 1741 1155 1805 quod
1180 1740 1354 1789 malum
1378 1740 1449 1798 fit,
1487 1755 1596 1788 nam
1619 1755 1729 1789 cum
1751 1739 1894 1789 homo
1916 1741 2091 1790 malum
2123 1739 2230 1789 facit
2250 1740 2415 1808 absque

410 1825 554 1874 -poena
574 1819 704 1872 putat
721 1811 756 1856 is
779 1807 907 1872 quod
929 1809 1159 1856 Dominus
1183 1823 1277 1856 non
1299 1819 1442 1864 curet,
1476 1818 1523 1855 at
1544 1822 1654 1856 cum
1689 1823 1880 1872 poenam
1902 1806 2037 1865 subit,
2073 1818 2183 1855 tunc
2206 1808 2414 1872 primum

401 1882 622 1925 ,autumat
652 1875 898 1923 dominum
929 1874 1103 1931 videre,
1134 1876 1236 1922 «imo
1258 1873 1386 1938 quod
1417 1874 1650 1922 Dominus
1672 1875 1848 1939 puniat,
1883 1890 2020 1938 quare
2058 1872 2306 1922 secundum
2335 1889 2417 1938 ap·

409 1943 636 2008 parentias
676 1941 776 1990 istas
816 1941 998 1997 dicitur,
1032 1940 1391 2004 quodNJehovah
1429 1939 1706 1989 descenderit
1741 1941 1800 1988 ad
1831 1940 2087 1988 videndum
2100 1958 2116 1988 ε
2153 1938 2418 1989 descendere

415 2008 690 2071 praedicatur
722 2008 780 2054 de
801 2006 1009 2069 Jehovah
1045 2008 1152 2070 quia
1173 2007 1448 2071 praedicatur
1483 2007 1765 2065 altissimum,
1799 2005 1875 2055 seu
1896 2006 2025 2071 quod
2047 2005 2102 2054 fit
2123 2006 2171 2052 in
2187 2005 2414 2063 astiffimo,

415 2075 471 2122 δε
494 2073 581 2123 hoc
604 2088 788 2137 quoque
811 2071 1059 2120 secundum
1082 2074 1406 2138 apparentiam,
1441 2088 1536 2121 non
1556 2074 1679 2121 enim
1717 2072 1784 2122 est
1820 2075 1868 2120 in
1904 2073 2119 2121 altiffimis
2141 2069 2216 2119 sed
2241 2071 2287 2118 in
2309 2072 2418 2119 inti-

412 2139 527 2196 mis,
553 2140 768 2202 quareiin
790 2137 946 2186 Verbo
966 2138 1228 2186 altiffimum
1252 2140 1302 2187 &
1325 2140 1543 2188 intimum
1571 2139 1699 2187 idem
1720 2138 1967 2202 fignificat3
2002 2136 2151 2200 ipsum
2178 2134 2414 2199 judicium

412 2203 496 2253 ¹seu
530 2220 668 2269 poena
693 2203 806 2252 ‚mali
846 2204 1010 2252 sistitur
1040 2205 1087 2251 in
1119 2204 1404 2254 inferioribus
1426 2205 1477 2252 δε
1514 2205 1700 2260 infimis,
1751 2218 1887 2267 quare
1926 2204 2094 2250 dicitur
2131 2201 2413 2260 descendere,

411 2271 535 2319 -ficut
557 2273 692 2318 etiam
708 2270 829 2335 apud
851 2267 1099 2328 Davidem,
1137 2276 1172 2298 ‘⁶
1195 2270 1400 2332 jehovah
1435 2268 1601 2318 inclina
1635 2269 1778 2317 coelos
1815 2281 1936 2326 tuos,
1969 2269 2021 2316 δε
2047 2267 2253 2331 Defimde
2275 2268 2325 2316 &
2349 2268 2419 2316 lo-

425 2341 462 2364 “
494 2353 607 2400 quar
639 2339 840 2394 Tecum,
875 2349 1011 2399 tange
1052 2348 1248 2393 montes,
1283 2337 1333 2383 &
1376 2334 1688 2399 fumigabunt,
1722 2335 1881 2382 emitte
1918 2332 2110 2391 fulmen,
2144 2334 2195 2381 &
2231 2332 2419 2397 dispergi
2472 2367 2474 2369 >

411 2403 548 2459 eos?
574 2401 724 2450 Psalm
740 2417 910 2450 cxmv:
948 2418 994 2464 5,
1023 2402 1067 2449 6.
1103 2402 1182 2449 ubi
1203 2403 1342 2461 etiam
1373 2416 1460 2465 pro
1481 2416 1622 2464 poena
1643 2400 1751 2448 mali
1773 2400 1847 2448 seu
1861 2399 2054 2464 judicio.
2123 2400 2271 2463 Apud
2291 2399 2416 2447 Esai-

414 2484 519 2526 am,
557 2473 591 2495 “
607 2468 833 2530 Descendet
843 2467 1049 2529 Jehovah
1071 2467 1279 2515 Zebaoth
1298 2467 1355 2514 ad
1378 2467 1669 2519 militandum
1686 2466 1817 2531 super
1833 2478 1989 2515 monte
2012 2467 2188 2522 Zionis,
2213 2466 2264 2513 &
2287 2464 2419 2530 super

427 2539 463 2562 “
498 2533 612 2582 colle
635 2531 779 2597 ejus,'’
797 2549 914 2581 xxxi
930 2551 939 2579 :
955 2550 1002 2593 4.
1027 2534 1149 2596 apud
1158 2532 1393 2589 Eundem,
1407 2532 1689 2596 “Deflendes,
1700 2548 1856 2580 coram
1870 2534 1945 2581 Te
1969 2531 2420 2588 montes-diffluent,''

429 2604 464 2628 “
499 2615 648 2648 inv:
686 2616 730 2649 2.
766 2599 845 2647 ubi
868 2597 1135 2647 descendere
1156 2598 1358 2646 similiter
1378 2614 1476 2662 prae
1498 2614 1635 2662 poena
1657 2598 1732 2647 seu
1746 2596 1925 2662 judicio
1940 2597 2072 2663 super
2087 2596 2275 2646 malum.
2344 2598 2417 2643 A·

431 2670 466 2693 “
500 2665 598 2730 pud
620 2665 881 2723 Micham‚''
915 2664 1123 2727 Jehovah
1145 2666 1292 2713 exiens
1315 2682 1340 2712 e
1374 2664 1479 2713 loco
1511 2664 1608 2721 suo,
1643 2665 1693 2712 ὅτ
1718 2665 1960 2728 Descendit,
1996 2666 2043 2712 &
2082 2662 2268 2712 calcavit
2290 2660 2420 2726 super

421 2736 466 2759 ;“
500 2730 668 2780 excelsa
689 2743 835 2788 terrae‚
863 2732 920 2779 &
943 2729 1170 2795 liquefaffi
1193 2730 1294 2779 sunt
1315 2741 1492 2779 montes
1521 2729 1603 2778 sub
1623 2729 1777 2794 Ips0,’'
1809 2747 1858 2778 1:
1889 2748 1936 2792 4.
1998 2746 2001 2748 ·

506 2814 642 2861 1312.
679 2798 760 2845 Ad
801 2797 1054 2845 videndum
1085 2796 1245 2845 urbem
1278 2798 1328 2845 ὅτ
1363 2797 1544 2853 turrim,
1594 2796 1724 2860 quod
1760 2795 1981 2858 significet
2035 2793 2165 2858 super
2202 2792 2253 2840 id
2290 2794 2419 2859 quod

423 2864 723 2975 {gervgtrterint
745 2864 1015 2975 dogtrinam,
1040 2863 1098 2911 .&
1121 2862 1499 2928 prophanaverint
1518 2861 1714 2918 cultum,
1746 2860 1919 2910 constat
1947 2876 1973 2908 a
1994 2859 2416 2924 significationejur-

420 2962 429 2978 -,
465 2944 499 2975 is
612 2940 761 2985 turns,
790 2963 794 2975 ἰ
832 2945 856 2976 e
911 2945 969 2976 ua
1046 2945 1126 2976 ωε.
1573 2976 1579 2981 ,

503 3010 642 3055 1313.
680 2994 836 3056 Qam
862 2945 1152 3044 gdifildertbant
1174 2994 1257 3043 filii
1277 2993 1491 3049 hominis,
1524 2991 1653 3055 quod
1688 2989 1910 3055 significet
1931 3007 2037 3055 quae
2070 2991 2152 3040 fibi
2174 2992 2419 3050 finxerunt,

425 3059 605 3108 ¹constat
629 3057 791 3119 absque
815 3058 1138 3120 explicatione:
1189 3060 1271 3107 filii
1306 3059 1502 3108 hominis
1522 3057 1643 3115 *sunt
1674 3056 1748 3105 hic
1784 3058 1870 3105 filii
1892 3058 2138 3114 Ecclefiae;
2178 3060 2258 3122 qui
2294 3059 2418 3106 enim

435 3142 527 3173 non
550 3124 606 3173 ab
629 3122 828 3177 Ecclesia
849 3122 965 3180 sunt,
992 3125 1050 3172 2&
1066 3141 1166 3174 non
1189 3125 1354 3173 habent
1390 3120 1670 3187 cognitiones
1705 3122 1826 3171 fidei.
1845 3124 1968 3188 apud
2007 3124 2064 3181 se,
2101 3123 2206 3172 talia
2248 3123 2420 3187 fingere

436 3207 528 3238 non
562 3191 776 3255 poffunt3
819 3189 950 3259 quod*
982 3190 1047 3237 illi
1085 3206 1176 3238 non
1215 3192 1384 3254 poffint
1415 3188 1695 3256 prophanare
1729 3186 1896 3250 sancta,
1928 3189 2154 3240 ostensum
2192 3189 2262 3238 est
2295 3191 2419 3253 prius

433 3273 493 3307 n:
533 3273 641 3322 301.
670 3272 778 3320 302.
804 3272 912 3321 303.
934 3273 1051 3323 593.
2309 3333 2364 3383 3¹

2278 3337 2295 3370 ι
2370 3335 2418 3379 4.
