2788 3736
630 283 1056 350 CAPUT
1150 283 2072 349 DUODECI‘MUM.
2266 286 2408 372 483

397 421 473 470 illa
493 419 739 485 explorare,
775 420 851 468 sed
874 419 961 468 hoc
985 417 1049 467 est
1071 430 1230 468 contra
1254 418 1482 475 ordinem,
1519 415 1578 465 fic
1601 417 1723 465 enim
1748 416 1890 465 violat
1911 417 2140 473 coelestia3
2175 415 2267 480 ipse
2290 419 2412 468 ordo

397 487 476 544 est,
527 501 579 534 ut
594 487 774 535 coeleste
792 504 874 551 per
902 482 1128 550 spirituale
1165 485 1209 532 se
1241 485 1460 533 immittat
1505 485 1552 530 in
1585 485 1795 532 rationale
1827 484 1877 531 δε
1909 483 1970 531 fic
2003 484 2049 531 in
2088 484 2407 544 scientificum,

397 555 446 600 &
479 554 526 600 id
550 554 631 601 fibi
655 555 870 617 adaptet3
902 554 982 616 qui
1015 553 1131 600 ordo
1160 551 1243 600 nifi
1259 550 1536 607 observetur,
1574 549 1793 612 nusquam
1818 550 1965 613 aliqua
1988 550 2208 615 sapientia.
2277 552 2405 604 Con,-

394 621 597 673 tinentur
619 622 668 668 &
693 621 765 667 hic
790 621 864 667 illa
884 635 1058 676 arcana,
1093 618 1332 682 quomodo
1359 618 1591 671 Dominus
1615 617 1861 663 instruelus
1885 617 1948 663 est
1971 634 1995 664 a
2018 618 2151 676 Patre
2171 617 2314 681 Ipfius
2339 618 2403 666 se-

396 687 604 734 cundum
627 703 814 735 omnem
839 686 1080 742 ordinem‚·
1103 687 1154 733 δε
1179 685 1238 732 sic
1261 684 1502 748 quomodo
1516 683 1744 731 Externus
1766 683 1910 746 Ipfius
1933 684 2102 732 Homo
2133 682 2405 744 coniunftus

396 753 451 799 fit
475 754 676 811 Interno‚
712 755 799 801 hoc
829 752 908 810 est,
942 751 1184 816 quomodo
1215 751 1444 798 Externus
1477 750 1622 813 Ipsius
1661 749 1834 797 Homo
1867 749 2069 797 similiter
2107 767 2157 799 ac
2194 752 2401 800 Internus

396 818 538 867 fastus
561 821 781 877 Divinus,
810 820 868 867 {ic
891 819 1045 883 quoad
1070 817 1567 881 utramqueEffentiam
1583 815 1789 877 Jehovah
1809 837 1825 871 ς
1858 817 1987 879 quod
2004 814 2172 864 faetum
2191 834 2271 881 per
2288 834 2407 881 cog·

393 887 602 944 ustiones,
638 903 746 950 quae
769 886 872 934 sunt
895 886 1046 932 media
1067 908 1085 941 ·,-
1113 883 1277 948 absque
1311 882 1675 948 cognitionibus,
1703 893 1758 930 ut
1790 882 1973 939 mediiS,
2007 882 2150 931 homo
2187 897 2409 934 externus

388 970 451 1003 ne
473 954 663 1016 quidem
688 953 785 999 fieri
817 952 967 1017 potest
1006 953 1165 999 homo,
1239 996 1243 999 Α
1479 1000 1482 1002 ,
1739 991 1741 994 .

471 1021 610 1084 1476.
648 1021 892 1083 Propterea
930 1031 984 1065 ut
1014 1019 1127 1066 bene
1150 1017 1228 1064 fiat
1266 1015 1379 1064 mihi
1417 1027 1602 1079 propter
1634 1028 1694 1073 te,
1745 1015 1873 1079 quod
1903 1014 2142 1078 fignificet,
2178 1017 2306 1080 quod
2342 1017 2409 1065 fic

395 1086 576 1134 coeleste
593 1102 686 1134 non
709 1086 853 1149 posset
873 1085 1050 1141 violari,
1076 1083 1249 1131 constat
1270 1083 1328 1130 ab
1344 1082 1431 1130 illis
1454 1099 1561 1147 quae
1585 1082 1717 1146 supra
1739 1083 1859 1130 dic'la
1882 1081 2013 1139 sunt;
2037 1084 2152 1130 ordo
2176 1085 2300 1130 enirn
2318 1084 2416 1142 est,

393 1165 448 1199 ut
470 1154 703 1216 aliquoties
726 1153 857 1214 prius
874 1151 1071 1206 dietum,
1106 1149 1231 1213 quod
1257 1149 1439 1197 coeleste
1461 1150 1619 1196 influet
1655 1151 1703 1197 in
1726 1148 1969 1214 spirituale,
2005 1149 2231 1213 spirituale
2257 1152 2303 1196 in
2329 1167 2398 1198 ra-

347 1245 353 1251 ·
392 1218 576 1276 tionale,
610 1218 662 1266 &
687 1217 773 1266 hoc
813 1219 860 1265 in
897 1215 1216 1272 seientificum,
1253 1232 1363 1263 cum
1391 1216 1467 1263 hic
1500 1215 1615 1263 ordo
1638 1215 1717 1273 est,
1753 1232 1864 1263 tunc
1901 1233 1927 1263 a
1958 1215 2129 1264 coelesti
2168 1217 2423 1280 adaptatur-

390 1284 633 1352 spirituale,
669 1300 695 1332 a
716 1283 932 1346 spirituali
955 1283 1191 1339 rationale,
1221 1283 1271 1329 &
1295 1281 1354 1328 ab
1375 1277 1811 1338 hoc'scientificum,
1847 1280 2145 1330 scientificum
2186 1284 2232 1331 in
2273 1300 2411 1331 com-

392 1353 527 1399 muni
565 1364 675 1399 tunc
709 1349 765 1397 fit
800 1350 1022 1397 ultimum
1041 1365 1137 1406 vas,
1164 1348 1249 1395 seu
1280 1349 1409 1412 quod
1446 1348 1570 1395 idem
1591 1347 1671 1405 est,
1707 1348 2192 1412 scientificainspecie
2227 1351 2276 1398 &
2297 1367 2403 1414 parae

388 1415 565 1465 ticulari
587 1417 708 1464 fiunt
726 1416 889 1464 ultima
910 1415 1026 1470 vasa,
1061 1431 1168 1479 quae
1191 1413 1543 1478 correspondent
1573 1415 1879 1472 rationalibus,
1913 1416 2142 1462 rationalia
2165 1415 2413 1479 spirituali·

393 1484 495 1540 bus,
531 1485 582 1532 &
615 1483 856 1547 spiritualia
883 1481 1141 1530 coelestibus
1167 1504 1183 1537 3
1234 1497 1343 1528 cum
1382 1481 1456 1528 ille
1489 1481 1605 1528 ordo
1637 1481 1717 1538 est,
1751 1493 1862 1528 tunc
1900 1481 2082 1529 coeleste
2118 1499 2212 1530 non
2255 1483 2414 1546 potest*

392 1551 568 1607 violari,
603 1550 805 1614 alioquin
841 1549 1069 1597 violatur:
1118 1549 1226 1612 quia
1262 1547 1336 1595 hic
1377 1551 1528 1612 agitur
1561 1547 1620 1595 de
1659 1546 1950 1597 instruffione
1972 1549 2167 1597 Domini
2207 1550 2254 1596 in
2277 1549 2420 1598 sensu.

352 1644 355 1646 ·
386 1616 582 1674 interno,
617 1614 691 1664 hic
714 1616 997 1672 describitur,
1031 1614 1272 1678 quomodo
1294 1616 1549 1678 progressus
1572 1614 1642 1662 sit.

464 1700 604 1749 1477.
643 1683 790 1748 Qod
814 1684 943 1729 vivat
964 1682 1115 1728 anima
1137 1697 1240 1728 mea
1262 1681 1332 1727 tui
1355 1680 1500 1736 causa,
1535 1680 1766 1744 fignificet.
1794 1681 1921 1745 quod
1962 1681 2022 1730 fi'c
2047 1678 2228 1729 coeleste
2252 1684 2400 1747 poffet

389 1749 565 1807 salvari,
599 1749 798 1798 constare
822 1747 979 1812 potest
1018 1763 1046 1794 a
1083 1747 1410 1810 fignificat-ione
1448 1747 1631 1804 animae,
1667 1747 1794 1810 quod
1823 1748 1879 1795 fit
1917 1749 2114 1805 coeleste,
2150 1748 2238 1796 hoc
2277 1752 2411 1799 enim

387 1816 455 1864 est
471 1816 564 1879 ipsa
598 1818 764 1872 anima,
800 1817 906 1878 quia
926 1813 1114 1878 ipsamet
1133 1815 1245 1870 vim,
1280 1813 1386 1860 inde
1409 1812 1582 1871 constat
1611 1813 1724 1877 quid
1755 1813 2006 1878 significat,
2030 1827 2083 1862 ut
2102 1816 2228 1862 vivat
2250 1818 2404 1865 anima

390 1898 493 1929 mea
515 1883 581 1930 tui
596 1881 736 1930 causa.
778 1881 853 1929 Ex
873 1878 1158 1944 sequentibus
1175 1879 1414 1936 constabit,
1429 1880 1556 1943 quod
1566 1879 1781 1927 Coelestia
1802 1879 1876 1927 seu
1897 1882 2074 1928 Divina
2089 1897 2180 1928 non
2193 1879 2410 1946 adjuncta

390 1948 559 2008 fuerint
592 1950 801 1996 Domino
824 1949 884 1995 ita
909 1960 961 1994 ut
983 1963 1122 1995 unam
1145 1946 1394 1997 Effentiam
1426 1948 1619 2010 egerint,
1657 1946 1920 2011 priusquam
1961 1947 2217 1995 sustinuerit
2255 1961 2403 1996 tenta-

389 2016 553 2077 tiones,
587 2017 637 2063 &
662 2015 722 2062 fic
746 2014 968 2078 expulerit
991 2013 1167 2061 malum
1192 2013 1532 2063 haereditarium
1578 2030 1605 2060 a
1643 2026 1813 2061 matre:
1850 2012 2113 2062 describitur
2152 2014 2225 2074 hic
2261 2016 2311 2063 &
2351 2017 2401 2063 in

389 2081 590 2130 versibus
623 2080 906 2146 sequentibus
945 2080 1186 2145 quomodo
1209 2081 1376 2130 interea
1410 2079 1560 2144 ipsum
1590 2079 1772 2128 coeleste
1805 2096 1905 2128 non·
1933 2080 2175 2138 violatum,
2211 2080 2286 2130 sed
2319 2082 2399 2130 sal·-

390 2160 571 2196 vatum.
1647 2162 1650 2164 ’

458 2220 618 2281 1478.-
639 2215 762 2264 Ver':
793 2231 867 2273 14.
902 2217 972 2264 Et
985 2215 1176 2278 fufium,
1202 2213 1294 2264 cum
1315 2214 1610 2265 venitAbram
1633 2217 1690 2262 in.
1701 2217 1956 2278 AEgyptum‚
1991 2214 2050 2264 &
2085 2214 2287 2263 viderunt
2310 2218 2407 2264 AE-

381 2285 523 2344 gyptn'
534 2283 770 2344 foeminam,
805 2282 916 2347 quod
926 2283 1114 2345 pulchra
1136 2283 1214 2330 illa
1236 2283 1376 2330 valde.
1447 2283 1662 2343 FaQum,
1695 2298 1805 2330 cum
1845 2283 1973 2329 venit
2011 2280 2191 2328 Abram
2227 2283 2273 2329 in
2310 2283 2405 2329 ΖΕ-

389 2359 609 2410 gyptum,
645 2347 869 2411 fignificat
901 2365 1010 2396 cum
1043 2350 1262 2414 inciperet
1276 2350 1510 2397 Dominus
1540 2346 1724 2397 instrui:
1761 2350 1812 2396 &
1835 2347 2050 2396 viderunt
2067 2349 2280 2412 AEgyptii
2306 2347 2399 2405 foe-

387 2415 562 2474 minam
591 2415 716 2477 quod
742 2414 931 2477 pulchra
951 2414 1028 2462 illa
1047 2415 1197 2475 valde,
1231 2416 1455 2481 fignificat
1477 2413 1710 2464 scientiam
1730 2416 2055 2479 cognitionum
2075 2415 2202 2479 quod
2228 2415 2403 2465 talisfit

388 2491 444 2527 ut
473 2479 555 2526 fibi
584 2479 852 2544 perplaceat.

462 2561 602 2612 1‘4'79-
643 2547 973 2594 Fa6mm-cum
995 2545 1123 2595 venit
1146 2548 1324 2613 Abram
1347 2549 1395 2596 in
1421 2551 1700 2613 AEgyptum‚
1735 2548 1863 2612 quod
1887 2547 2114 2611 significet·
2150 2563 2258 2595 cum
2284 2548 2411 2595 inci-

384 2625 512 2678 peret
535 2613 766 2660 Dominus
781 2611 955 2670 instrui,
991 2613 1164 2661 constat
1198 2630 1257 2661 ex
1282 2614 1670 2678 repraesentatione
1693 2615 1908 2670 Abrmni,
1944 2614 2076 2677 quod
2099 2615 2146 2661 in
2177 2613 2300 2665 sensu
2326 2617 2398 2660 in-

387 2678 519 2728 terno
542 2679 596 2726 fit
618 2680 852 2728 Dominus
874 2695 983 2727 cum
1020 2695 1165 2743 puer;
1202 2681 1251 2727 &
1289 2697 1316 2727 a
1353 2680 1678 2742 significatione
1710 2681 1943 2745 AEgypti,e
1961 2680 2090 2743 quod
2128 2679 2198 2726 sit·
2222 2678 2403 2729 scientia
2429 2675 2446 2683 “

387 2748 727 2810 cognitionum,
759 2758 812 2794 ut
835 2745 1064 2809 ostensum
1087 2745 1218 2810 supra
1239 2746 1297 2793 ad
1319 2745 1428 2795 vers
1436 2764 1458 2795 :.
1480 2763 1552 2797 10-
1572 2743 1708 2809 hujus
1732 2741 1907 2810 Capitis
1924 2767 1946 2802 ·,
1976 2745 2080 2793 inde
2103 2756 2244 2809 patet,
2268 2747 2402 2810 quod

345 2816 356 2819 ’
388 2814 542 2865 venire
564 2815 612 2860 in
636 2815 918 2878 AEgyptum,
954 2811 1012 2859 fit·
1032 2812 1202 2860 instrui.
1438 2866 1442 2871 ¹
1483 2854 1486 2858 .
2192 2834 2203 2838 ³

463 2883 602 2938 1480.
639 2880 708 2926 En
727 2881 945 2927 viderunt
966 2879 1182 2943 AEgyptii
1203 2876 1445 2928 foeminam
1476 2879 1603 2943 quod
1627 2878 1838 2942 pulchrae
1857 2877 1937 2926 illa
1953 2877 2104 2936 valde,
2139 2878 2278 2943 quod*
2307 2880 2413 2944 sig--

389 2943 544 2992 nificet
578 2945 811 2997 scientiam
841 2946 1180 3010 cognitionum,
1214 2946 1345 3010 quod
1367 2945 1450 2994 fibi
1483 2945 1771 3010 perplaceat,-
1792 2943 1965 2993 constat
2000 2945 2056 2992 ab
2081 2944 2166 2992 illis
2190 2962 2297 3009 quae
2320 2947 2401 2994 su-
2431 2948 2435 2953 “

388 3027 470 3074 pra
492 3010 550 3057 ad
572 3010 695 3058 vers:
728 3029 809 3061 1-1..
836 3013 954 3060 dicta
976 3010 1095 3069 sunt,
1129 3013 1258 3075 quod
1281 3011 1462 3060 scientia
1491 3013 1591 3060 talis
1615 3014 1661 3059 in
1683 3010 1978 3076 pueritiaifit:
2019 3010 2083 3059 est
2121 3013 2244 3059 enim
2268 3013 2398 3060 inna-

389 3089 492 3124 tum
521 3075 894 3138 quafi‘scientiae,
913 3080 1021 3142 quia
1042 3079 1250 3136 homini,
1271 3091 1324 3126 ut
1347 3080 1558 3127 omnium
1595 3080 1800 3143 primum
1841 3078 2011 3142 placeat
2049 3078 2110 3125 ob
2126 3077 2325 3133 mullum
2350 3095 2403 3124 a·

390 3142 505 3189 lium
542 3141 702 3205 finem,
736 3158 876 3205 quam
900 3156 1087 3206 propter
1118 3144 1264 3202 scire;
1296 3144 1597 3209 unusquisque
1636 3144 1779 3192 homo
1818 3144 1884 3192 est
1907 3144 2005 3192 talis
2022 3167 2054 3200 ·‚⁴
2073 3143 2251 3207 spiritus
2294 3157 2412 3205 per--

348 3224 538 3274 jquam.
554 3207 804 3270 delectatur..
818 3207 958 3268 scire„
978 3212 1149 3259 utvix.
1159 3213 1284 3277 prius
1307 3213 1495 3277 cupiat,
1529 3209 1713 3276 estejus
1736 3210 1882 3272 cibu3‚
1916 3227 2031 3276 quo-
2052 3209 2315 3258 sustentatur
2346 3209 2409 3255 &t

1867 3287 1874 3294 ·
2154 3285 2410 3332 recreatur,
