2788 3736
827 262 1254 329 CAPUT
1349 261 1836 326 NONUM.
1935 277 1939 280 ·
2312 258 2444 350 307

429 404 669 456 hominem
692 415 1008 469 regeneratum
1043 402 1106 450 est
1142 401 1367 468 gaudium
1408 407 1517 448 cuin
1536 398 1647 448 facit
1662 398 1916 447 secundum
1934 397 2269 456 conscientiam,
2306 400 2356 447 δι
2376 400 2441 448 est

422 476 623 522 anxietas
645 487 755 519 cum
782 472 965 535 cogitur
989 470 1100 532 quid
1124 468 1267 517 facere
1289 480 1369 515 aut
1389 468 1589 531 cogitare
1615 479 1786 514 contra
1824 466 2141 515 conscientiam
2161 490 2175 523 ;
2210 466 2285 514 sed
2318 467 2440 531 apud

420 540 657 588 hominem
685 555 776 587 non
801 550 1138 602 regeneratum,
1158 551 1250 583 non
1273 537 1351 591 ita,
1386 533 1590 599 plerique
1613 549 1706 581 non
1728 533 1874 581 sciunt
1895 533 2008 598 quid
2032 533 2318 590 conscientia,
2336 537 2439 581 ‘mi-

422 604 510 654 nus
533 605 677 655 facere
700 605 873 668 aliquid
888 603 1150 652 -secundum
1188 600 1526 657 conscientiam,
1562 611 1640 647 aut
1680 611 1837 647 contra
1873 600 2209 658 conscientiam,
2261 599 2337 647 sed
2374 601 2439 648 se·

417 672 627 720 cundum
651 687 717 729 ea,
753 688 861 736 quae
885 669 1038 719 favent
1060 685 1220 717 eorum
1245 665 1495 723 amoribu8‚
1521 666 1655 713 unde
1679 665 1732 712 iis
1755 667 2011 730 gaudium;
2046 668 2162 715 dum
2187 679 2345 716 contra
2365 684 2435 726 ea,

418 740 473 787 iis
490 739 554 787 est
566 740 776 787 anxietas.
814 737 961 802 Apud
980 736 1215 783 hominem
1231 744 1547 798 regeneratum
1570 731 1635 779 est
1657 747 1778 779 nova
1798 732 2025 791 voluntas,
2056 734 2110 782 &-
2131 750 2280 782 novus
2303 735 2435 782 intel·

418 805 580 864 Ιεὲὶυε,
608 821 726 853 nova
742 804 818 851 illa
834 803 1044 850 voluntas
1059 804 1108 849 δε
1127 817 1276 849 novus
1292 799 1542 848 intellectus
1558 798 1622 847 est
1643 796 1739 862 ejus
1760 798 2053 858 conscientia,
2079 801 2166 848 hoc
2188 801 2253 849 est
2274 802 2322 848 in
2337 799 2434 865 ejus

420 872 704 929 conscientia,
729 886 812 935 per
826 885 966 934 quam
981 869 1215 916 Dominus
1229 879 1442 932 operatur
1459 866 1636 914 bonum
1650 865 1878 912 charitatis
1890 865 1941 913 δε
1957 882 2123 916 verum
2140 867 2247 915 fidei
2260 890 2274 923 ;
2310 869 2436 932 apud

415 938 657 986 hominem
673 953 766 989 non
780 947 1112 999 regeneratum,
1131 951 1223 982 non
1237 933 1300 981 est
1316 933 1543 988 voluntas,
1554 931 1629 979 sed
1652 932 1759 979 loco
1769 931 2019 980 voluntatis
2034 932 2098 980 est
2114 934 2357 998 cupiditaS,
2382 937 2434 983 &

423 1006 532 1058 inde
554 1006 756 1070 pronitas
767 1004 822 1050 inv
830 1019 968 1050 omne
979 1002 1171 1058 malum,
1186 1001 1236 1048 δε
1247 1015 1339 1046 non
1353 998 1418 1046 est
1426 997 1693 1056 intellectus,
1717 998 1794 1046 sed
1809 1000 2157 1048 ratiocinium&
2168 1000 2275 1048 inde
2291 1000 2438 1065 lapsus

418 1072 478 1120 ad
501 1087 640 1120 omne
660 1068 855 1117 falsum,
896 1068 1045 1132 Apud
1068 1067 1308 1114 hominem
1332 1076 1647 1130 regeneratum
1670 1064 1736 1113 est
1759 1066 1853 1113 vita
1875 1066 2069 1114 coelestis
2093 1067 2143 1114 &
2165 1065 2399 1131 spiritualis
2416 1092 2434 1125 ς

417 1136 495 1186 sed
517 1136 898 1202 apud-hominem
921 1150 1015 1182 non
1034 1145 1351 1200 regeneratum
1373 1132 1438 1180 est
1460 1131 1711 1180 solumvita
1732 1134 2008 1197 corporea&
2020 1133 2277 1191 mundana,
2301 1138 2431 1199 quod

416 1197 616 1268 cogitare
630 1203 766 1266 poffit
781 1200 1098 1267 &intelligere
1120 1199 1232 1264 quid
1254 1199 1432 1247 bonum
1456 1199 1507 1248 ὅτ
1531 1214 1709 1257 verum,
1734 1199 1800 1247 est
1820 1216 1878 1247 ex
1899 1203 1995 1248 vita
2007 1201 2203 1249 Domini
2225 1217 2308 1265 per
2331 1202 2436 1249 reli-

412 1273 558 1335 quias,
583 1269 641 1316 de
659 1267 824 1332 quibus
840 1269 983 1332 prius,
998 1267 1120 1315 unde
1136 1265 1324 1315 facultas
1341 1267 1384 1313 ei
1401 1266 1669 1314 reflestendi.
1707 1267 1853 1331 Apud
1870 1266 2104 1315 hominem
2120 1281 2434 1333 regeneratum

414 1337 678 1384 dominatur
697 1335 905 1384 Internus
930 1335 1089 1391 homo,
1127 1334 1178 1382 ac
1202 1332 1465 1398 obsequitur
1483 1333 1742 1389 Externus3
1779 1346 1823 1381 at
1844 1334 1967 1398 apud
1990 1334 2227 1383 hominem
2251 1352 2345 1383 non
2367 1353 2436 1384 re·

410 1415 697 1468 generatum,
731 1402 996 1450 dominatur
1017 1402 1247 1449 Externus
1269 1399 1429 1457 home,
1453 1399 1504 1447 &
1526 1398 1715 1464 quiescit
1730 1400 1936 1449 Internus
1969 1400 2090 1449 sieut
2122 1402 2273 1450 nullus
2294 1401 2426 1451 foret,

412 1470 584 1520 Homo
605 1469 888 1534 regeneratus
911 1469 1058 1525 novit,
1094 1467 1169 1515 seu
1198 1466 1319 1515 noffe
1342 1465 1508 1532 potest,
1533 1466 1566 1514 fi
1591 1467 1796 1525 refletftit‚
1831 1467 1947 1532 quid
1971 1469 2172 1517 internus
2188 1469 2347 1527 hom0,
2381 1471 2432 1519 δε

412 1537 528 1602 quid
551 1548 791 1593 externus;
826 1534 903 1583 sed
933 1534 1078 1583 homo
1110 1551 1203 1583 non
1238 1546 1522 1597 regeneratus
1544 1533 1725 1600 prorsus
1761 1533 1917 1592 nescit,
1954 1551 2036 1583 nec
2059 1535 2168 1584 scire
2205 1536 2356 1601 potest
2384 1554 2438 1585 e·

415 1603 561 1651 tiamsi
585 1603 844 1660 reflecteret,
871 1613 987 1651 ‘nam
1020 1618 1114 1650 non
1136 1600 1218 1649 scit
1238 1601 1354 1665 quid
1376 1600 1554 1650 bonum
1591 1602 1642 1649 ὅτ
1665 1617 1829 1650 verum
1852 1601 1962 1650 fidei
1983 1618 2042 1650 ex
2063 1602 2287 1652 charitate.
2358 1604 2435 1652 Ex

414 1670 485 1718 his
501 1670 691 1727 constat,
718 1670 863 1733 qualis
881 1681 1184 1733 regeneratuS,
1207 1668 1259 1716 &
1276 1667 1419 1732 qualis
1436 1684 1528 1715 non
1546 1683 1855 1732 regeneratus;
1891 1669 1942 1717 δι’
1958 1669 2087 1734 quod
2103 1670 2357 1719 differentia
2375 1671 2432 1719 sit

414 1737 532 1784 ficut
555 1739 670 1784 inter
692 1736 892 1784 aestatem
915 1736 966 1782 δε
990 1734 1221 1799 hyemem,
1239 1734 1291 1782 δε
1307 1735 1423 1781 inter
1438 1734 1590 1781 lucem
1610 1736 1660 1781 δε
1682 1734 1959 1798 caliginem3
1984 1752 2122 1802 quare
2146 1750 2431 1801 regeneratus

411 1802 479 1850 est
501 1803 645 1850 homo
665 1803 818 1858 vivus,
855 1800 930 1848 sed
953 1817 1046 1849 non
1065 1812 1349 1864 regeneratus
1365 1800 1428 1848 est
1450 1800 1593 1849 homo
1613 1812 1838 1849 mortuus.

413 1892 415 1894 ·
483 1873 594 1934 978.
632 1867 767 1933 Qid
786 1867 993 1916 Internus
1024 1867 1168 1915 homo
1202 1868 1251 1916 &
1275 1867 1389 1931 quid
1409 1867 1655 1925 Externus,
1693 1869 1844 1932 pauci,
1880 1867 1913 1917 fi
1937 1869 2035 1927 ulli,
2071 1869 2209 1919 hodie
2239 1884 2424 1937 norunt,
2506 1933 2510 1939 .

415 1947 580 1998 putant
596 1935 682 1981 esse
699 1950 846 1981 unum
864 1937 914 1982 δε
937 1934 1153 1992 eundem,
1177 1934 1229 1982 δε
1251 1933 1441 1998 quidem
1472 1935 1699 1998 imprimis
1719 1951 1776 1983 ex
1797 1935 1937 1993 causa,
1961 1938 2069 2001 quia
2092 1954 2149 1984 ex
2174 1941 2362 2003 proprio
2380 1938 2428 1986 se

414 2016 549 2065 agere
572 2000 748 2050 bonum
773 2001 820 2048 δι
845 2001 1044 2064 cogitare
1063 2016 1227 2049 verum
1250 2001 1446 2049 credunt
1465 2024 1480 2059 3
1502 2003 1744 2066 proprium
1767 2003 1855 2050 hoc
1879 2002 2031 2051 secum
2054 2003 2215 2054 habet:
2254 2005 2330 2053 sed
2345 2006 2424 2053 In·

415 2079 568 2115 ternus
592 2067 735 2115 homo
758 2067 820 2114 ita
835 2067 1071 2115 distinctus
1094 2066 1159 2115 est
1179 2067 1236 2115 ab
1251 2067 1475 2125 Externo,
1498 2068 1612 2116 ficut
1634 2068 1697 2116 est
1719 2069 1896 2117 coelurn
1918 2086 1943 2118 a
1960 2082 2097 2119 terra:
2133 2083 2229 2119 tarn
2243 2071 2427 2130 eruditi,

408 2150 550 2198 quam
572 2150 665 2182 non
681 2134 864 2192 eruditi,
889 2150 1000 2184 cum
1023 2135 1276 2191 reflefflnt,
1302 2151 1398 2183 non
1413 2135 1553 2182 alium
1577 2148 1855 2200 conceptum
1880 2135 2045 2185 habent
2061 2137 2118 2184 de
2138 2138 2323 2186 Interno
2346 2139 2429 2186 ho·

410 2202 534 2249 mine
552 2196 691 2265 quam
706 2200 832 2265 quod
850 2200 905 2248 fit
926 2202 1161 2266 cogitatio,
1194 2202 1304 2266 quia
1319 2202 1442 2250 intus
1473 2200 1538 2250 est
1559 2224 1574 2258 ς
1614 2203 1663 2249 δι
1681 2201 1740 2250 de
1756 2203 1963 2251 Extemo
1986 2203 2188 2262 homine,
2222 2205 2351 2269 quod
2374 2206 2431 2254 sit

411 2283 578 2331 corpus
600 2268 650 2315 δε
674 2265 770 2330 ejus
792 2266 982 2316 sensuale
1003 2271 1053 2316 δι
1070 2267 1417 2332 voluptuosum,
1453 2269 1560 2333 quia
1588 2280 1748 2326 extus;
1784 2268 1857 2316 sed
1881 2270 2134 2334 CogitatiO,
2172 2288 2310 2335 quam
2334 2288 2421 2336 pu-

408 2346 514 2380 tant
545 2333 629 2380 effe
645 2334 810 2381 interni
831 2334 1048 2391 hominis,
1083 2351 1176 2383 non
1195 2334 1259 2382 est
1283 2335 1447 2384 interni
1466 2358 1482 2391 3
1516 2335 1639 2400 apud
1667 2337 1897 2385 internum
1923 2337 2158 2386 hominem
2192 2355 2284 2386 non
2325 2338 2428 2387 sunt

415 2399 496 2446 nifi
518 2398 636 2446 bona
659 2401 706 2446 &
733 2416 854 2457 vera,
889 2417 997 2464 quae
1018 2400 1121 2450 sunt
1143 2403 1354 2460 Domini,
1388 2403 1502 2450 &in
1527 2403 1730 2451 interiori
1741 2403 1929 2451 homine
1945 2405 2210 2468 implantata
2230 2405 2292 2452 est
2317 2422 2429 2454 con-

410 2460 590 2513 scientia
606 2466 864 2523 aDomino,
882 2467 932 2514 ὅτ
949 2467 1087 2533 usque
1100 2469 1226 2525 mali,
1243 2469 1341 2520 imo
1356 2470 1532 2534 peffimi
1551 2468 1715 2517 habent
1728 2472 2074 2534 cogitationem,
2092 2473 2233 2536 &qui
2256 2471 2423 2537 absque

338 2558 342 2563 ‹
409 2531 811 2586 conscientia-sunt,
836 2533 971 2581 etiarn
988 2534 1152 2582 habent
1165 2537 1521 2598 cogitationem·‚
1540 2536 1646 2584 inde
1663 2537 1835 2585 constat
1843 2538 1969 2602 quod
1985 2541 2204 2602 cogitatio
2222 2539 2421 2587 hominis

408 2614 503 2646 non
520 2598 575 2645 sit
591 2600 753 2646 interni
767 2597 967 2646 hominis
981 2598 1056 2646 sed
1071 2604 1270 2649 externi:
1295 2601 1424 2665 quod
1447 2617 1615 2666 corpus
1630 2603 1681 2650 ὅτ
1698 2601 1794 2667 ejus
1810 2602 2420 2669 sensuale&voluptuosum,·

404 2681 504 2713 non
529 2665 582 2712 fit
606 2663 836 2713 Externus
857 2665 1001 2713 homo
1016 2665 1189 2735 constat
1211 2683 1271 2714 ex
1287 2683 1359 2723 eo,
1394 2669 1522 2730 quod
1539 2667 1743 2717 fimiliter
1758 2670 1881 2733 apud
1899 2671 2110 2733 Spiritus,
2135 2672 2215 2734 qui
2239 2671 2421 2719 nullum

409 2747 576 2795 corpus
605 2730 785 2788 habent,
810 2731 941 2796 quale
959 2732 1075 2780 dum
1098 2733 1316 2780 vixerunt
1332 2734 1379 2779 in
1398 2734 1594 2791 mundo,
1623 2751 1755 2799 aeque
1788 2736 1843 2783 fit
1862 2749 2076 2784 externus
2107 2737 2263 2785 homo.
2334 2739 2427 2786 Sed

411 2799 525 2860 quid
558 2798 765 2845 Internus
803 2798 963 2856 homo,
1012 2801 1054 2846 ἃ
1097 2799 1214 2862 quid
1239 2799 1486 2856 Externus,
1539 2800 1760 2864 nusquam
1801 2802 1977 2867 aliquis
1996 2802 2103 2851 scire
2142 2804 2306 2868 potest,
2344 2805 2425 2853 nisi

412 2863 532 2922 sciat,
568 2863 697 2928 quod
727 2865 855 2929 apud
875 2868 1240 2929 unumquemvis
1257 2866 1491 2914 hominem
1515 2866 1569 2913 sit
1592 2866 1788 2916 Coeleste
1810 2870 1862 2916 δε
1886 2869 2140 2940 Spirituale,
2166 2872 2294 2936 quod
2320 2888 2422 2921 cor·

413 2928 651 2992 respondet
687 2930 826 2978 Coelo
849 2931 1082 2996 Angelico
1100 2954 1116 2990 3
1151 2933 1202 2980 δε
1241 2933 1369 2996 quod
1411 2933 1467 2980 fit
1489 2935 1742 2991 Rationale,
1777 2935 1904 2999 quod
1927 2935 2243 3000 correspondet
2277 2937 2424 2990 ,Coelo

413 2992 983 3059 spirituum-angelicorum
998 3021 1012 3055 ς
1029 3000 1095 3054 ,ὃῑ
1112 2998 1240 3063 quod
1256 2999 1310 3047 fit
1334 3001 1520 3048 interius
1544 2999 1755 3057 sensuale,
1785 3002 1916 3066 quod
1938 3003 2261 3068 correspondet
2286 3006 2427 3054 Coelo

410 3059 654 3123 spirituum
674 3079 685 3108 ε
721 3075 808 3109 tres
829 3066 953 3112 enim
977 3066 1087 3113 coeli
1119 3065 1238 3123 sunt,
1263 3067 1471 3115 vtotidem
1495 3068 1616 3131 apud
1648 3068 1883 3116 hominem
1902 3092 1917 3127 ;
1951 3069 2031 3135 qui
2055 3071 2163 3119 coeli
2187 3071 2424 3119 distinctis-

411 3127 514 3174 fimi
538 3124 717 3173 inter-se
739 3126 871 3184 sunt·,
908 3130 1014 3178 inde
1030 3131 1111 3189 est,
1137 3132 1266 3196 quod
1284 3134 1427 3182 homo
1443 3133 1545 3198 post
1563 3147 1778 3193 mortem,
1815 3137 1890 3183 cui
1907 3138 2191 3195 conscientia,
2216 3141 2423 3202 primum

375 3204 377 3206 ’
410 3191 465 3240 sit
488 3195 536 3239 in
560 3191 697 3240 coelo
721 3191 978 3255 spirituum,
1003 3197 1157 3261 postea
1181 3215 1207 3246 a
1221 3200 1436 3248 Domino
1458 3201 1658 3250 elevetur
1681 3205 1728 3250 in
1751 3203 1942 3251 Coelum
1963 3203 2207 3268 spirituum
2230 3204 2426 3266 Angeli-

409 3274 590 3317 eorum,
615 3258 806 3306 demum
823 3261 870 3307 in
893 3260 1084 3311 Coelum
1099 3264 1376 3327 angelicum,
1396 3269 1524 3331 quod
1539 3269 1759 3335 nusquam
1782 3269 1878 3318 fieri
1896 3271 2053 3335 postet,
2073 3271 2153 3318 nifi
2171 3270 2290 3335 apud
2314 3284 2421 3383 {lum

1372 3334 1419 3381 R
1441 3350 1464 3381 r
1504 3351 1530 3382 2
2232 3336 2318 3384 toti
2353 3352 2429 3385 ern
