2788 3736
625 252 968 320 CAPUT
1016 250 1505 318 DECIMUM
1551 249 2058 314 TERTIUM.
2208 274 2339 337 515

335 393 540 441 homines
570 391 654 455 qui
699 390 944 454 regenerati
981 388 1101 446 sunt,
1143 398 1327 453 apparet
1366 398 1583 451 tanquam
1629 387 1746 437 uniti
1786 387 1890 445 sint,
1925 385 2000 434 sed
2035 387 2137 435 sunt
2174 387 2344 435 Domi-

336 461 402 515 ni,
452 474 558 506 nam
594 473 700 521 quae
732 456 1012 504 concordant
1057 455 1159 503 sunt
1204 455 1415 510 Domini,
1463 469 1570 517 quae
1622 466 1774 502 autem
1825 454 2081 513 discordant
2116 453 2217 502 sunt
2261 455 2346 502 ho-

339 525 488 572 minis.
559 525 675 570 Sunt
715 523 811 570 duo
846 523 971 588 apud
998 523 1238 570 Internum
1273 522 1554 575 Hominem,
1595 537 1760 585 nempe
1800 520 1989 575 coeleste,
2023 523 2075 569 δε
2100 521 2349 586 spirituale,-

335 607 444 654 quae
467 591 562 638 duo
584 606 731 638 unum
754 589 1035 637 constituunt
1057 605 1166 636 cum
1206 605 1267 636 ex
1302 586 1474 636 coelesti
1507 585 1572 633 est
1610 585 1867 650 spirituale-,
1915 587 1990 636 vel
2029 588 2157 652 quod
2198 588 2343 645 idem,

338 657 441 705 sunt
479 658 575 705 duo
612 657 736 721 apud
781 657 1017 705 Internum
1055 656 1338 712 Hominem,
1390 653 1564 701 bonum
1597 654 1651 700 &
1688 662 1873 711 verum,
1929 655 2028 702 haec
2068 654 2164 702 duo
2196 671 2345 703 unum

336 723 619 772 constituunt
646 739 755 771 cum
779 739 836 771 ex
859 722 983 771 bono
1005 738 1200 778 verum3
1235 722 1310 770 vel
1334 721 1465 786 quod
1495 721 1633 769 etiam
1673 718 1736 766 est
1776 721 1917 778 idem,
1950 720 2053 768 sunt
2086 723 2183 770 duo
2221 723 2347 786 apud

338 792 577 839 Internum
625 790 904 847 Hominem,
963 805 1095 836 amor
1142 790 1195 837 &
1246 788 1388 845 fides,
1439 785 1542 835 haec
1582 786 1678 834 duo
1715 801 1862 833 unum
1910 788 2190 836 constituunt
2236 805 2348 836 cum

337 873 396 906 ex
418 865 574 906 amore
598 857 746 913 fides;
780 856 857 904 vel
885 856 1013 920 quod
1041 857 1178 903 etiam
1214 854 1282 903 est
1312 855 1454 911 idem,
1491 853 1595 900 sunt
1623 854 1720 900 duo
1758 853 1880 916 apud
1909 854 2144 902 Internum
2168 856 2348 903 Homi-

339 941 465 980 nem,
500 923 712 972 voluntas
750 924 799 970 &
825 922 1095 980 intellectus,
1129 922 1231 970 haec
1254 921 1351 970 duo
1373 936 1519 968 unum
1555 919 1853 976 constituunt,
1890 935 1998 967 cum
2031 937 2088 968 ex
2110 923 2348 969 voluntate

339 990 626 1045 intellectum
663 988 939 1037 manifestius
967 990 1116 1037 adhuc
1148 981 1426 1052 capi'potest
1458 1003 1538 1050 per
1570 986 1710 1035 solem
1749 1002 1807 1033 ex
1834 1002 1930 1050 quo
1969 986 2068 1044 lux,
2104 988 2137 1034 fi
2162 1003 2219 1035 ex
2255 988 2349 1035 sole

341 1058 434 1105 luci
463 1057 576 1105 inest
597 1057 649 1105 ὅτ
672 1056 797 1104 calor
812 1056 864 1103 δε
886 1056 1044 1102 lumen
1066 1056 1182 1102 ficut
1203 1066 1412 1116 tempore
1435 1054 1568 1109 veris,
1605 1065 1720 1100 tunc
1754 1055 1912 1101 omnia
1948 1054 2055 1100 inde
2079 1067 2351 1117 vegetantur

337 1125 390 1172 &
414 1124 596 1180 vivunt,
630 1116 676 1171 at
697 1122 731 1168 sn
753 1137 812 1168 ex
834 1119 925 1168 sole
947 1120 1039 1168 luci
1063 1136 1156 1168 non
1178 1119 1290 1168 inest
1309 1120 1450 1177 calor,
1483 1132 1536 1167 ut
1570 1131 1779 1184 tempore
1816 1119 2011 1183 hyemiS,
2046 1132 2156 1167 tunc
2193 1123 2350 1168 omnia

339 1190 446 1238 inde
468 1200 650 1253 torpent
672 1188 724 1235 δε
748 1188 1007 1236 moriuntur
1021 1206 1035 1235 ε
1070 1188 1175 1234 inde
1192 1186 1382 1244 constat,
1407 1187 1521 1249 quid
1544 1187 1783 1234 Internum
1806 1188 2068 1234 Hominem
2095 1187 2328 1235 constituit
2343 1210 2365 1244 ·,

339 1255 453 1319 quid
477 1268 630 1302 autem
654 1254 928 1311 Externum,
964 1254 1069 1301 inde
1092 1265 1247 1317 patet;
1283 1253 1407 1316 apud
1429 1252 1689 1300 Externum
1714 1253 1951 1301 hominem
1989 1270 2128 1301 omne
2167 1254 2231 1301 est
2271 1272 2349 1302 na-

339 1321 499 1379 turale,
524 1321 615 1385 ipse
636 1322 760 1369 enim
782 1321 1013 1368 Externus
1036 1319 1179 1368 homo
1200 1319 1264 1367 est
1285 1319 1413 1368 idem
1435 1335 1487 1366 ac
1510 1320 1742 1367 Naturalis
1758 1320 1931 1376 homo3
1957 1332 2067 1368 tunc
2084 1321 2251 1369 dicitur
2273 1323 2350 1369 In-

339 1401 494 1436 ternus
518 1389 684 1435 Homo
707 1388 827 1435 uniri
849 1387 1073 1444 Externo,
1107 1386 1295 1450 quando
1311 1385 1493 1434 coeleste
1514 1385 1738 1449 spirituale
1760 1387 1931 1434 Interni
1954 1388 2178 1435 Hominis
2202 1389 2355 1436 influit

339 1456 387 1502 in
411 1454 609 1503 naturale
631 1454 842 1510 Externi,
877 1454 930 1501 δε
949 1451 1056 1501 facit
1077 1465 1131 1500 ut
1153 1468 1300 1501 unum
1317 1464 1471 1516 agant,
1506 1452 1612 1500 inde
1635 1453 1834 1501 naturale
1856 1455 1992 1501 etiam
2018 1455 2072 1501 fit
2095 1455 2275 1502 coeleste
2298 1457 2350 1503 δε

339 1521 583 1586 spirituale,
618 1519 693 1568 sed
715 1517 900 1567 inferius
922 1519 1105 1567 coeleste
1142 1520 1192 1568 &
1215 1518 1460 1583 spirituale,
1493 1518 1568 1566 seu
1606 1520 1732 1583 quod
1777 1520 1920 1578 idem,
1971 1521 2078 1568 inde
2121 1522 2353 1570 Externus

341 1588 486 1636 homo
504 1587 641 1634 etiam
665 1586 720 1634 fit
743 1585 936 1634 coelestis
959 1586 1010 1634 &
1032 1585 1286 1649 spiritualis,
1322 1586 1398 1634 sed
1436 1587 1634 1633 exterius
1666 1586 1862 1635 coelestis
1896 1588 1948 1635 &
1972 1586 2237 1651 spiritualis:
2276 1590 2354 1637 In·

341 1667 495 1702 ternus
518 1653 662 1701 homo
700 1653 750 1700 ὅτ
781 1652 1011 1700 Externus
1048 1651 1152 1700 sunt
1186 1651 1367 1716 prorsus
1399 1652 1615 1710 distincti,
1648 1654 1754 1716 quia
1790 1653 1989 1702 coelestia
2023 1655 2075 1702 &
2113 1654 2361 1719 spiritualia

341 1721 445 1769 sunt
471 1736 580 1784 quae
616 1719 819 1768 afficiunt
854 1719 1092 1766 Internum
1131 1719 1414 1777 Hominem,
1462 1717 1534 1766 sed
1587 1720 1804 1767 naturalia
1840 1720 2098 1768 Externum
2117 1744 2134 1777 ς
2185 1738 2360 1770 verum

343 1786 519 1836 tametsi
558 1785 774 1842 distineti,
825 1784 967 1849 usque
1016 1784 1119 1833 sunt
1157 1786 1297 1843 uniti,
1340 1801 1509 1849 nempe
1543 1801 1655 1833 cum
1694 1786 1878 1834 coeleste
1913 1786 2139 1851 spirituale
2178 1789 2356 1836 Interni

344 1853 572 1902 Hominis
610 1853 763 1900 influit
804 1852 851 1899 in
874 1851 1074 1900 naturale
1095 1852 1305 1910 Externi,
1338 1853 1389 1900 &
1422 1852 1512 1900 hoc
1534 1851 1733 1916 disponit
1764 1866 1821 1901 ut
1840 1852 2003 1902 suum:
2038 1854 2161 1919 apud
2182 1856 2352 1903 Domi-

349 1935 465 1968 num
505 1918 665 1966 Solum
707 1919 863 1966 unitus
886 1916 975 1966 fuit
1013 1919 1223 1967 Internus
1260 1920 1431 1968 Homo
1467 1920 1692 1976 Externo,
1728 1919 1804 1968 sed
1839 1922 1963 1984 apud
2002 1921 2186 1969 nullum
2209 1923 2355 1970 alium·

346 1986 601 2042 hominem,
626 1985 706 2032 nisi
728 1998 951 2049 quantum
976 1987 1211 2035 Dominus
1232 1988 1349 2034 uniit
1369 1988 1421 2035 ὅτ
1444 1988 1576 2042 unit;
1610 1986 1757 2035 solum
1790 2003 1923 2035 amor
1953 1989 2005 2036 ὅτ,
2035 1988 2238 2046 charitas,
2275 1989 2352 2037 seu

349 2053 526 2101 bonum
549 2051 614 2100 est
646 2051 774 2116 quod
796 2054 914 2110 unit,
955 2048 1246 2117 &nusquam
1270 2053 1433 2118 aliquis
1463 2069 1595 2101 amor
1614 2054 1665 2102 δε
1688 2053 1892 2113 charitas,
1926 2054 2015 2103 hoc
2049 2055 2129 2113 est,
2165 2056 2353 2120 aliquod

349 2118 526 2167 bonurn
571 2118 654 2166 nisi
687 2135 712 2166 a
734 2120 971 2168 Domino:
1020 2120 1121 2175 talis
1159 2121 1271 2168 unio
1302 2120 1382 2178 est,
1417 2137 1526 2185 quae
1556 2136 1638 2184 per
1668 2121 1769 2169 haec
1804 2121 1946 2170 verba
1973 2122 2172 2170 Abrami
2204 2125 2357 2172 inten'·

346 2186 488 2243 ditur,
525 2190 634 2233 “ne
655 2185 811 2249 quaeso
831 2185 886 2233 sit
908 2188 1142 2235 contentio
1164 2189 1281 2235 inter
1305 2204 1379 2234 me
1399 2188 1451 2236 δε
1474 2189 1592 2235 inter
1611 2199 1682 2245 te,
1710 2189 1761 2236 &
1785 2190 1902 2236 inter
1930 2189 2124 2253 pastores
2149 2207 2273 2238 meos
2300 2192 2356 2239 ὅτ

347 2258 383 2280 “
416 2254 532 2300 inter
552 2251 746 2316 pastores
768 2265 888 2311 tuos,
924 2254 1035 2317 quia
1054 2255 1147 2300 viri¹
1164 2251 1329 2302 fratres<
1352 2271 1434 2302 nos
1451 2277 1466 2311 3
1484 2255 1515 2275 '’
1549 2255 1679 2319 quod
1717 2255 1895 2303 dicatur
1926 2257 2046 2304 inter
2066 2273 2140 2304 me
2162 2258 2212 2305 &
2237 2259 2359 2305 inter

347 2331 411 2376 te,
445 2319 495 2366 δε
532 2319 648 2366 inter
670 2318 864 2382 pastores
888 2336 1014 2368 meos
1036 2321 1086 2368 ὅτ
1111 2322 1227 2368 inter
1247 2321 1444 2386 pastores
1471 2333 1594 2379 tuos,
1628 2323 1692 2370 ita
1712 2320 1755 2369 se
1778 2322 1927 2380 habet,
1963 2323 2078 2371 sicut
2100 2325 2146 2371 in
2168 2325 2361 2373 Interno

348 2385 562 2433 Homine
589 2384 693 2432 sunt
724 2384 837 2442 duc,
873 2402 1039 2450 nempe
1061 2387 1243 2436 coeleste
1264 2390 1315 2436 ὅτ
1338 2387 1583 2453 spirituale,
1616 2404 1741 2452 quae,
1777 2402 1830 2436 ut
1850 2389 2047 2448 dia-um,
2072 2407 2217 2438 unum
2243 2408 2353 2439 con·

350 2451 552 2507 stituent,
587 2451 649 2499 ita
670 2467 855 2514 quoque
877 2454 926 2499 in
947 2452 1152 2501 Externo
1173 2455 1376 2512 homine,
1413 2454 1594 2503 coeleste
1616 2454 1713 2519 ejus
1736 2457 1986 2520 appellatur
2013 2459 2196 2506 Bonum
2223 2472 2353 2505 natu-

351 2517 459 2575 rale,
494 2516 718 2581 spirituale
748 2516 844 2581 ejus
870 2518 1123 2582 appellatur
1149 2521 1326 2567 Verum
1362 2522 1590 2577 naturale3
1627 2539 1684 2569 ne
1703 2523 1758 2570 fit
1791 2525 2023 2571 contentio
2055 2526 2170 2572 inter
2202 2540 2276 2572 me
2300 2526 2354 2572 δε

351 2586 471 2632 inter
499 2596 564 2645 te,
599 2583 766 2648 speEtat
788 2585 990 2641 Bonum,
1026 2602 1082 2632 ne
1106 2583 1270 2632 scilicet
1303 2588 1473 2634 Interni
1495 2589 1721 2635 Hominis
1753 2591 1935 2636 Bonum
1975 2590 2032 2637 ab
2055 2591 2246 2638 Externi
2270 2591 2360 2638 ho·

354 2652 491 2698 min-is
513 2650 637 2698 bono
656 2651 892 2708 diffideat3
926 2652 978 2699 ὅτ
1000 2667 1056 2699 ne
1080 2653 1313 2700 contentio
1336 2653 1389 2699 {it
1413 2654 1527 2700 inter
1560 2653 1754 2716 pastores
1779 2671 1908 2702 meos
1945 2657 1995 2703 ὅτ
2019 2658 2135 2703 inter
2156 2656 2353 2720 pastores

352 2730 476 2775 tuos,
510 2716 677 2781 spectat
692 2718 904 2777 'Verum,
939 2734 997 2765 ne
1032 2719 1199 2767 scilicet-
1225 2720 1393 2767 Interni
1414 2720 1638 2767 Hominis
1661 2721 1839 2769 Verum
1862 2722 1927 2769 ab·
1940 2723 2132 2770 Externi
2156 2724 2365 2773 hominis-

349 2784 475 2832 Vero
505 2784 720 2833 diffideat.
1897 2846 1899 2848 v
2347 2814 2351 2816 >

427 2855 566 2914 1578.
603 2851 750 2914 Quod
774 2852 863 2899 viri
878 2850 1032 2900 fratres
1055 2869 1155 2910 n03,
1190 2853 1413 2917 significet
1435 2855 1564 2918 quod
1586 2855 1632 2903 in
1656 2854 1698 2902 se
1721 2855 1854 2913 uniti,
1892 2856 2066 2905 constat
2081 2874 2107 2906 a
2127 2854 2365 2922 significa·

355 2915 478 2963 tione
499 2917 587 2964 viri
609 2916 771 2976 fratris,
807 2920 937 2983 quod
962 2920 1017 2967 s1t
1041 2923 1167 2976 unio,
1203 2922 1253 2968 &
1277 2922 1466 2985 quidem
1490 2924 1602 2970 unio
1634 2924 1730 2970 veti
1761 2918 1812 2970 &
1843 2923 1965 2971 bon-i.

429 2998 569 3047 1579.
604 2983 743 3031 Vers.
780 3004 826 3050 9.
862 2986 1018 3035 Nonne
1053 2998 1146 3034 tota
1172 2998 1289 3035 terra
1314 3005 1452 3036 coram
1476 3000 1536 3046 te,
1559 2992 1767 3052 separare
1788 2992 1921 3054 quaeso
1944 3009 1973 3038 a
2003 3009 2083 3049 me,
2111 2993 2153 3047 fi
2173 2993 2234 3040 ad
2242 2992 2357 3051 fini-
2426 3001 2433 3006 “

343 3048 500 3110 stram,
537 3047 593 3097 δ’
616 3049 683 3096 ibo
704 3050 912 3107 dextram,
947 3054 1003 3103 ἑὸ)
1013 3054 1059 3114 st
1078 3055 1139 3102 ad
1156 3056 1349 3102 dextram
1373 3056 1427 3105 ἐξ
1451 3057 1518 3103 ibo
1527 3055 1758 3117 stntstram.
1829 3058 1998 3105 Nonne
2021 3072 2117 3107 tota
2141 3072 2252 3105 terra
2275 3075 2354 3104 co-

360 3131 455 3162 ram
489 3126 552 3171 te,
587 3113 808 3177 fignificat
837 3133 976 3166 omne
1006 3120 1208 3168 bonum:
1245 3121 1438 3185 separare
1479 3122 1633 3186 quaeso
1665 3140 1691 3170 a
1728 3139 1821 3180 me,
1857 3124 2080 3188 fignificat
2111 3125 2238 3187 quod
2274 3140 2363 3185 ap*

358 3196 511 3244 parere
542 3192 732 3243 nequeat
767 3182 864 3238 nifi,
913 3185 1041 3245 quod
1070 3186 1236 3234 discors
1268 3188 1348 3241 est..
1385 3189 1564 3238 nullum
1595 3190 1675 3237 fiat
1700 3209 1710 3238 :
1746 3190 1779 3237 si
1820 3191 1875 3237 ad
1902 3190 2134 3249 sinistram,
2162 3188 2236 3237 ⁸&
2275 3190 2365 3235 ibo-

361 3247 566 3296 dextram
590 3247 639 3296 &
662 3245 697 3294 fi
718 3247 775 3295 ad
799 3247 1007 3297 dextram
1030 3250 1106 3300 ibo
1128 3253 1363 3311 sinistram,
1400 3256 1624 3320 significat
1647 3256 1983 3321 separationem.

1177 3319 1228 3366 U
1254 3335 1287 3367 u
1310 3336 1341 3367 u
1376 3338 1407 3370 2
2217 3323 2383 3386 1580»
