2788 3736
775 246 1204 311 CAPUT
1300 243 1975 334 QUARTUM.
2306 271 2428 313 111

416 394 464 441 T
466 390 713 448 eutonium,
744 400 848 436 tum
872 387 1259 445 Tabernaculum,
1295 399 1347 447 ut
1370 388 1421 435 ὅτ
1443 387 1703 451 Templum
1724 386 1946 441 Domini:
1982 384 2118 450 quod
2131 385 2427 444 Tentorium,
2495 414 2499 415 ν

415 455 782 509 Tabermcukxm
805 456 856 502 δε
870 455 1145 520 Templum,-
1164 455 1290 502 idem
1309 448 1581 517 iigmfieent,
1601 453 1772 500 constat
1794 453 1916 517 apud
1929 452 2178 510 Davidem,
2205 458 2237 479 “
2255 453 2423 500 Unum
2469 506 2482 513 -

419 530 455 552 ‘⁶
489 526 601 588 petii
622 539 648 570 a
669 522 896 584 Jehovah,
931 523 1018 573 hoc
1039 534 1262 586 quaeram,
1281 531 1334 567 ut
1357 534 1565 567 maneam
1589 519 1638 565 in
1653 520 1794 567 Domo
1814 520 2008 580 Jehovae
2029 518 2243 566 omnibus
2265 518 2427 570 diebus

417 595 451 617 ‘⁶
485 592 595 641 vitae
636 606 768 643 meae,
804 590 860 636 ad
898 587 1270 654 specstandumqin
1307 585 1526 632 suavitate
1550 584 1796 646 Jehovam,
1838 587 1888 633 δε
1912 586 1968 633 ad
1991 584 2266 633 visitandum
2289 585 2426 633 mane

416 658 452 684 ‘'‘
488 657 535 703 in
557 656 725 718 ‘Templo
749 655 891 719 Ipsius
908 663 933 702 ι’
955 656 1062 718 quia
1083 649 1324 700 abscondet
1346 667 1421 699 me
1444 652 1491 697 in
1513 651 1800 699 Tabernaculo
1826 650 1905 699 suo
1927 653 1974 699 in
1998 652 2073 699 die
2092 653 2200 699 mali
2219 674 2234 708 ;
2269 651 2426 699 occul-

416 728 452 750 “
487 723 600 769 tabit
624 739 698 769 me
721 723 771 769 in.
791 718 978 769 occulto
993 719 1186 767 Tentorii
1209 717 1290 775 sui,
1327 718 1374 764 in
1410 729 1536 782 petra
1567 716 1780 764 exaltabit
1804 733 1893 773 me,
1931 718 1981 764 δε
2012 735 2133 767 nunc
2157 718 2424 766 exaltabitur

415 795 451 817 “
487 802 623 853 caput
645 802 803 836 meum
834 796 993 833 contra
1013 783 1159 831 hostes
1182 793 1309 832 meos
1332 785 1628 832 circumcirca
1650 799 1742 840 me,
1780 784 1831 830 &
1855 782 2111 831 sacrificabo
2146 786 2193 832 in
2217 786 2418 832 Tentoria

416 861 450 883 “
485 848 629 919 Ipsius
668 852 877 900 sacrificia
915 849 1269 908 vociferationis,
1305 849 1483 898 Psalm:
1509 867 1654 898 xxvii
1675 869 1686 898 ε
1712 868 1762 910 4,
1791 869 1838 912 5,
1865 850 1909 896 64
1951 851 2004 896 In
2045 849 2257 914 supremo
2296 850 2422 898 sensu

412 921 477 969 est
498 922 730 970 Dominus
752 917 907 982 quoad
927 918 1198 966 Humanam
1221 917 1366 983 Ipsius
1403 917 1670 974 Effentiam,
1706 917 2003 973 Tentorium,
2037 916 2422 974 Tabernaculum,

413 987 671 1052 Templum
694 1008 710 1041 ·‚
744 985 849 1032 inde
884 986 1034 1032 omnis
1070 983 1264 1031 coelestis
1301 982 1444 1030 homo
1480 985 1542 1031 ita
1579 983 1743 1040 dietus,
1779 984 1830 1030 δε
1867 983 1972 1030 inde
1996 999 2134 1030 omne
2156 982 2338 1031 coeleste
2371 984 2422 1030 δε

411 1053 647 1102 sarmium:
681 1053 732 1100 &c
755 1052 862 1116 quia
883 1051 1209 1114 Antiquissima
1232 1050 1432 1098 Ecclesia
1454 1066 1479 1096 a
1500 1051 1711 1098 Domino
1734 1061 1879 1097 amata
1900 1065 1997 1113 prae
2034 1049 2336 1113 sequentibuS,
2371 1050 2424 1098 δε

413 1134 524 1168 tunc
545 1121 652 1183 quia
674 1120 789 1165 inter
824 1115 865 1164 se
905 1116 1002 1175 soli,
1038 1115 1114 1164 stu
1136 1119 1182 1165 in
1224 1114 1404 1164 familiis
1426 1116 1512 1164 suis
1545 1117 1776 1173 vivebant,
1818 1117 1869 1164 δε
1891 1128 1988 1163 tarn>
2019 1115 2222 1163 sancium
2243 1115 2423 1163 cultum
2470 1175 2479 1187 π

330 1239 333 1243 ,
413 1188 461 1235 in
500 1185 706 1234 tentoriis
741 1183 828 1231 suis
851 1183 1151 1240 celebrabant,
1187 1183 1293 1231 ideo
1314 1185 1536 1232 Tentoria
1574 1182 1790 1231 sanctiora
1811 1182 1962 1230 habita
1985 1181 2088 1230 sunt
2110 1199 2251 1246 quarn
2275 1183 2423 1230 Tem-

411 1253 562 1317 plum,
597 1251 728 1316 quod
769 1251 1139 1315 prophanatum3
1177 1252 1223 1297 in
1264 1251 1623 1298 recordationem
1665 1252 1768 1298 ideo
1800 1249 1988 1312 Festum
2011 1248 2423 1308 tabernaculorum,

412 1336 523 1367 cum
555 1319 822 1382 colligerent
843 1327 1121 1381 proventum
1145 1329 1292 1374 terrae,
1329 1317 1604 1374 institutum,
1639 1332 1736 1380 quo
1769 1318 1815 1363 in
1855 1315 2166 1379 tabernaculis,
2200 1315 2316 1363 sicut
2347 1332 2425 1362 an-

410 1387 662 1450 tiquiffimi,
720 1384 984 1442 habitarent,
1036 1384 1164 1432 Lev:
1202 1399 1362 1431 xxm:
1401 1401 1464 1450 39
1514 1383 1574 1431 ad
1615 1400 1695 1444 44.
1758 1384 1914 1431 Deut:
1967 1398 2087 1431 xvi:
2146 1399 2217 1447 13.
2285 1380 2422 1430 Hos:

409 1467 538 1580 1114}
547 1469 777 1582 {ff'Qod
806 1533 887 1582 per
918 1517 1102 1567 Patrem
1134 1518 1319 1582 ,pecoris
1358 1516 1638 1581 significatur
1675 1517 1862 1564 Bonum
1908 1515 2015 1563 inde
2064 1515 2137 1563 seu
2173 1531 2231 1563 ex
2263 1513 2424 1563 sanctis

410 1587 594 1642 amoriS,
631 1583 832 1632 constare
869 1583 1019 1649 potest
1047 1600 1105 1632 ex
1144 1584 1248 1641 illis,
1282 1599 1389 1649 quae
1422 1585 1548 1648 prius
1585 1583 1641 1631 ad
1665 1581 1790 1631 vers:
1818 1600 1862 1631 2.
1904 1581 2038 1647 hujus
2060 1582 2234 1646 Capitis
2258 1580 2426 1630 ostensa

304 1703 313 1717 Δ
412 1652 531 1713 sunt,
567 1650 698 1716 quod
722 1649 881 1699 Pastor
903 1652 1055 1720 gregis
1095 1650 1320 1715 significet
1342 1652 1525 1698 Bonum
1551 1650 1775 1703 charitatis
1796 1672 1810 1705 ;
1847 1649 1921 1696 hic
1956 1661 2109 1698 autern
2132 1665 2225 1698 non
2248 1647 2424 1706 Pastor,

411 1718 487 1766 fed
511 1721 659 1776 Pater,
695 1733 778 1765 nec
803 1733 933 1781 grex,
970 1717 1044 1764 sed
1087 1733 1227 1781 pecus
1260 1718 1556 1772 nominatur-3
1605 1717 1655 1764 δε
1689 1717 1881 1780 pecoris,
1919 1713 2048 1780 cujus
2081 1728 2222 1779 pater,
2259 1717 2424 1763 imme-

411 1786 529 1833 diate
561 1784 763 1848 sequitur
782 1783 886 1846 post
922 1784 1206 1838 tentorium;
1243 1783 1349 1831 inde
1373 1782 1560 1839 constat,
1598 1782 1724 1846 quod
1750 1781 1972 1845 significet
1995 1781 2169 1829 bonum
2195 1781 2323 1845 quod
2343 1798 2422 1829 ve-

413 1854 484 1898 nit
505 1867 562 1899 ex
585 1850 734 1898 sanilo
756 1850 939 1906 amoris,
979 1849 1029 1896 δε
1053 1849 1322 1912 intelligitur
1342 1848 1673 1906 habitaculum,
1710 1847 1784 1896 seu
1808 1848 1933 1895 caula
1953 1849 2145 1911 pecoris,
2182 1847 2256 1895 seu
2292 1859 2420 1912 pater

412 1932 590 1974 eorum,
625 1917 707 1979 qui
740 1915 999 1963 habitabant
1038 1916 1288 1962 tentorium
1320 1916 1371 1963 δε
1402 1915 1548 1962 caulas
1586 1915 1777 1979 pecoris,
1813 1930 1919 1979 quae
1952 1914 2081 1978 quod
2105 1914 2224 1961 bona
2246 1929 2303 1962 ex
2326 1930 2423 1962 coe·

412 1983 594 2031 lestibus
625 1982 793 2028 amoris
825 1980 1095 2046 significent,
1132 1981 1304 2029 constat'
1342 1996 1531 2045 quoque
1561 1983 1722 2045 paffim
1760 1997 1819 2028 ex
1839 1980 2014 2038 Verbo,
2050 1993 2104 2028 ut
2136 1980 2263 2044 apud
2295 1981 2421 2042 Jere·
2456 2026 2459 2028 ,

348 2092 352 2096 .
412 2052 571 2108 miam,
608 2054 644 2077 “
668 2048 777 2112 Ego
810 2045 1105 2111 congregabo
1130 2047 1336 2112 reliquias
1352 2050 1498 2113 gregis
1519 2047 1610 2096 mei
1633 2047 1691 2094 de
1707 2046 1924 2095 omnibus
1956 2047 2102 2106 terris,
2137 2063 2232 2111 quo
2255 2045 2421 2111 dispuli

412 2123 446 2143 “
481 2117 600 2174 illos,
651 2115 701 2162 δε
739 2115 953 2162 reducam
994 2130 1070 2162 eos
1110 2114 1170 2162 ad
1204 2114 1348 2162 caulas
1387 2114 1498 2172 suas,
1547 2126 1600 2160 ut
1633 2112 1884 2172 faetificent,
1920 2115 1970 2162 &
2010 2113 2422 2178 multiplicentur,”

411 2198 495 2231 xxx
506 2199 582 2233 n:
609 2200 652 2246 3.
689 2181 813 2245 apud
835 2180 1144 2236 Ezechielem,
1182 2186 1216 2207 “
1241 2181 1294 2228 In
1335 2179 1502 2246 pascuo
1526 2180 1649 2227 bono
1673 2180 1853 2244 pascam,
1882 2197 1974 2238 eos,
2009 2182 2059 2228 ὅτ
2103 2184 2150 2228 ἰη
2190 2179 2423 2228 montibus

415 2255 449 2278 “
482 2248 732 2298 altitudinis
748 2247 917 2296 Israelis
938 2250 1023 2296 erit
1045 2247 1170 2294 caula
1193 2263 1370 2304 eorum,
1407 2247 1468 2295 ibi
1492 2246 1726 2295 cubabunt
1749 2248 1795 2295 in
1820 2247 1945 2295 caula
1967 2247 2099 2304 bona,
2124 2248 2175 2295 δε
2199 2245 2418 2310 pascuum

413 2319 448 2343 ‘⁶
482 2317 656 2379 pingue
694 2312 875 2377 pascent
896 2313 954 2361 ad
979 2326 1155 2362 montes
1179 2313 1396 2372 IsraeliS,”
1433 2329 1614 2363 xxxxv:
1664 2331 1736 2375 14.
1780 2313 1859 2361 ubi
1882 2313 2025 2362 caulae
2061 2314 2112 2362 δε
2148 2311 2308 2378 pascua
2331 2329 2418 2377 pro

413 2381 544 2429 bonis
578 2382 760 2437 amoris,
797 2380 980 2444 dequo
1016 2381 1293 2444 praedicatur
1325 2382 1523 2445 pingue:
1577 2381 1698 2444 apud
1723 2379 1920 2437 Esaiam,
1975 2385 2010 2408 “
2031 2380 2173 2428 Dabit
2207 2379 2416 2443 pluviam

413 2453 447 2476 “
482 2447 662 2495 seminis
684 2448 775 2504 tui,
807 2461 902 2510 quo
925 2445 1158 2494 seminabis
1181 2447 1406 2503 humum:
1441 2447 1492 2494 ὅτ
1516 2449 1660 2510 paniS,
1686 2459 1937 2511 proventus
1961 2446 2108 2504 humi,
2127 2447 2211 2494 erit
2233 2447 2419 2511 pinguis

413 2521 449 2542 ‘⁶
481 2514 534 2562 &
556 2513 746 2569 oleosUS,
782 2512 932 2578 pascet
953 2515 1116 2562 Pecora
1139 2526 1218 2561 tua
1239 2515 1285 2561 in
1311 2514 1384 2561 die
1407 2514 1504 2571 illo,
1541 2525 1672 2578 prato
1694 2514 1836 2571 lato,”
1860 2529 1982 2562 xxx:
2009 2531 2085 2577 23.
2131 2512 2211 2560 ubi
2234 2528 2316 2576 per
2336 2529 2415 2577 pa-

411 2596 517 2629 nem
538 2592 543 2597 ·
562 2579 839 2644 significatur
873 2578 1068 2636 coeleste,
1103 2596 1185 2643 per
1206 2582 1395 2643 pingue,
1435 2596 1530 2643 quo
1565 2579 1746 2644 pascent
1768 2595 1951 2644 pecora,-
1985 2579 2103 2628 bona
2126 2580 2256 2626 inde:
2293 2579 2417 2643 apud

329 2703 335 2707 ‚
408 2648 674 2712 Jeremiam,
711 2651 746 2673 ‘⁶
771 2644 988 2692 Redemit
1011 2645 1218 2705 Jehovah
1236 2640 1485 2706 'Jacobum,
1521 2647 1572 2693 &
1604 2647 1803 2703 venient,
1839 2647 1889 2693 δε
1931 2659 2090 2693 canent
2111 2647 2157 2692 in
2181 2645 2415 2692 altitudine

412 2722 447 2747 ‘⁶
482 2714 658 2770 Zionis,
694 2712 744 2759 δε
770 2712 1000 2759 confluent
1033 2711 1088 2757 ad
1113 2712 1288 2758 bonum
1311 2711 1523 2773 Jehovae,
1551 2711 1683 2775 super
1703 2714 1925 2769 triticum,
1962 2712 2011 2759 &
2035 2711 2166 2775 super
2188 2710 2413 2768 mustum,

412 2789 447 2812 “
479 2782 531 2829 δε
562 2780 692 2844 super
715 2779 901 2835 -oleum,
937 2779 987 2825 &
1023 2776 1154 2841 super
1186 2778 1304 2824 filios
1326 2779 1487 2842 gregis,
1523 2778 1573 2825 &
1614 2781 1811 2835 armenti,
1862 2780 1911 2824 δε
1950 2779 2033 2824 erit
2072 2779 2220 2824 anima
2252 2794 2410 2824 eorum

412 2854 446 2879 “
481 2847 596 2896 ficut
617 2846 775 2893 hortus
799 2844 1047 2908 irriguus‚”
1079 2860 1230 2892 xxm:
1264 2863 1338 2901 11,
1371 2861 1441 2893 1'2.
1485 2843 1563 2890 ubi
1587 2844 1802 2891 Samstum
1825 2843 2018 2906 Jehovae
2047 2843 2310 2891 describitur
2333 2860 2415 2908 per

409 2914 614 2967 triticum
639 2913 688 2960 δε
723 2912 874 2959 oleum
897 2933 910 2966 3
947 2912 996 2958 &
1022 2909 1140 2958 bona
1165 2911 1269 2958 inde
1292 2927 1373 2975 per
1397 2909 1618 2966 mustum,
1671 2909 1789 2957 filios
1819 2912 1972 2974 gregis
2001 2911 2051 2958 δε
2078 2912 2295 2968 armenti,
2338 2910 2411 2956 seu

409 2981 612 3045 pecoris:
653 2979 775 3043 apud
800 2976 1034 3034 Eundem,
1073 2982 1107 3004 “
1130 2977 1212 3025 Ad
1246 2977 1387 3025 filiam
1413 2977 1571 3023 Zionis
1595 2976 1776 3024 venient
1808 2977 1995 3040 pastores
2017 2977 2066 3024 ὅτ
2094 2993 2244 3040 greges
2277 2992 2410 3041 peco-

412 3051 448 3074 “
483 3058 588 3092 rum
609 3045 786 3101 eorum,
822 3043 1046 3107 sig-enrad
1069 3043 1193 3091 illam
1217 3045 1408 3092 tentoria
1438 3045 1609 3090 circum
1635 3045 1766 3100 circa,
1804 3041 1984 3109 pascent
2006 3046 2193 3107 quisque
2216 3042 2410 3106 spatium

411 3118 446 3140 ‘⁶
481 3111 662 3173 suum—,⁹⁹
685 3127 776 3158 vr:
805 3128 848 3173 3.
897 3107 1011 3157 Filia
1033 3110 1192 3158 Zionis
1229 3127 1315 3175 pro
1339 3109 1539 3159 Ecclesia
1577 3109 1765 3168 coelesti,
1807 3111 1863 3159 de
1897 3125 1987 3173 qua
2025 3110 2329 3173 praedicantur
2357 3108 2408 3154 δε

408 3178 643 3233 Tentoria,
677 3177 727 3225 &
751 3191 911 3239 greges
934 3191 1168 3239 pecorum.
2361 3237 2390 3284 6

2293 3254 2350 3299 41
2394 3271 2405 3282 .
