2788 3736
367 245 502 334 538
875 230 1846 305 GENESIS.

439 375 694 462 ceptionem
731 372 909 427 talem.-
972 370 1065 425 imo
1104 380 1361 445 antequam
1395 370 1608 444 loquitur
1628 371 1867 443 spiritus,
1898 375 2125 448 noscitur
2163 397 2222 434 ex
2247 379 2362 454 sola

438 450 727 522 cogitatione
752 447 875 520 quid
894 446 1022 520 loqui
1048 446 1277 515 intendit,
1318 448 1490 522 influit
1530 446 1657 502 enim
1685 449 1921 521 cogitatio
1962 451 2114 507 citius
2146 456 2204 511 Β
2221 457 2372 530 prius

437 545 576 598 quam
612 526 807 595 loquela.
1146 557 1154 564 =

361 602 527 670 1641.
568 599 786 671 Spiritus
813 598 866 651 in
895 596 1063 652 altera
1088 597 1205 652 vita
1243 598 1379 652 inter
1415 600 1468 670 β’
1513 598 1862 672 colloquuntur,
1902 599 2040 687 ficu-t
2078 602 2283 659 homines
2317 605 2373 660 in

437 687 608 738 terra3
651 678 708 731 δέ
732 674 817 747 qui
843 672 954 727 boni
963 674 1105 746 fient,
1138 693 1244 727 cum
1270 693 1391 727 οιιιιιι
1385 673 1794 746 'familiaritate
1817 676 2065 731 amicitiae
2092 678 2151 732 &
2176 680 2374 747 amoris,

433 750 559 823 quod
580 750 820 804 multoties
854 747 1053 816 audivi,
1092 750 1149 803 δέ
1175 749 1260 803 hoc
1286 749 1468 822 loquela
1493 753 1610 825 sua,
1651 768 1748 823 qua
1789 752 2069 823 exprimunt
2093 753 2247 824 plura
2273 755 2370 808 mi-

434 838 589 890 nuto,
584 844 752 897 quam
795 826 924 879 homo
960 825 1113 895 potest
1153 825 1291 879 intra
1323 825 1491 878 horam
1532 826 1781 898 temporis,
1819 845 1933 880 nam
1969 828 2151 901 loquela
2192 848 2376 897 eorum,

437 902 519 974 est,
560 912 618 953 ut
644 901 845 966 dictum,
885 900 1177 976 universalis
1204 899 1411 954 omnium
1437 900 1739 971 linguarum,
1771 911 1864 973 per
1890 900 2041 970 ideas,
2075 904 2375 976 primitivas

435 994 638 1038 vocum3
680 977 939 1048 loquuntur
982 973 1037 1026 de
1069 973 1208 1028 rebus
1253 975 1330 1028 ita
1368 986 1513 1029 acute
1554 978 1611 1031 ἐξ
1648 977 2019 1050 perspicaciter,
2049 988 2144 1050 per
2186 990 2259 1033 tot
2284 984 2373 1052 st-

437 1050 538 1105 ries
576 1049 822 1103 rationum
861 1049 1236 1122 constquentium
1277 1050 1464 1115 ordine,
1500 1047 1563 1104 'ea‘
1600 1052 2009 1124 persuadentium,
2066 1062 2125 1106 ut
2142 1053 2202 1124 fi
2243 1054 2374 1110 homo

417 1125 608 1202 fiiret,
652 1123 1012 1207 obstupefieret3
1059 1124 1477 1198 perficafionem
1527 1123 1827 1198 affeblionem
1869 1127 2163 1199 aaffungunt,
2211 1124 2270 1183 δέ*
2292 1130 2375 1199 sc

435 1195 691 1262 anima'nt3
732 1198 884 1251 etiam
913 1197 1079 1268 quand
1074 1216 1187 1268 oque
1209 1198 1364 1272 fimul
1387 1191 1454 1269 pe
1499 1198 1951 1272 repraesentationes
1989 1201 2060 1256 ad
2079 1202 2251 1275 vistim,
2293 1205 2375 1257 ita

434 1273 503 1328 ad
523 1275 733 1336 vivum3
775 1282 831 1324 ut
848 1282 939 1346 pro
965 1271 1187 1342 exemplo,
1206 1268 1263 1343 st
1283 1271 1462 1346 loquela
1492 1269 1548 1325 de
1573 1272 1788 1342 Pudore,
1828 1289 1940 1328 num
1964 1275 2082 1330 dari
2099 1288 2245 1350 queat
2262 1277 2373 1350 abs-

436 1368 523 1421 que
544 1346 881 1412 Reverentia,
921 1346 1050 1418 apud
1074 1345 1303 1400 hominem
1330 1346 1414 1401 hoc
1450 1341 1635 1417 discuti
1666 1348 1839 1422 nequit
1862 1348 1955 1419 nist
1982 1361 2076 1422 per
2100 1352 2260 1406 multa
2282 1371 2374 1406 ra-

437 1422 646 1476 tiocinia
682 1421 751 1475 ab
790 1420 1095 1493 argumentis
1140 1420 1199 1475 &³
1237 1422 1476 1493 exemplis,
1533 1417 1592 1475 δεῖ
1636 1441 1671 1474 u
1688 1442 1747 1497 qt·
1741 1441 1774 1475 ·e
1811 1435 1975 1478 manet
2020 1425 2076 1479 in
2119 1424 2279 1492 dubio,
2307 1437 2376 1482 at

433 1497 567 1569 apud
592 1496 833 1571 spiritum
862 1496 1004 1548 intra
1041 1495 1280 1550 minutum
1300 1507 1394 1567 per
1408 1495 1578 1565 status
1603 1514 1636 1549 a
1677 1498 1873 1551 ebiionis
1901 1498 2118 1552 Pudoris
2142 1501 2376 1556 variatos

431 1571 615 1638 ordine,
665 1582 768 1625 tum
797 1570 1127 1636 Reverentiae,
1169 1572 1227 1626 ἔθ’
1242 1571 1324 1640 fic
1344 1581 1437 1643 per
1462 1571 1825 1625 convenientias
1849 1570 1910 1629 ὃ
1943 1573 2033 1647 dis
2015 1563 2376 1629 convenientias

428 1657 700 1719 perceptas,
742 1646 959 1716 &stmul
975 1646 1242 1718 perspec'z‘as
1267 1647 1321 1697 in
1341 1644 1760 1731 repraesentativis
1787 1646 1855 1700 ad
1835 1574 2098 1718 jun'i'lislo
2130 1649 2268 1717 uelae,
2310 1670 2372 1704 ex

431 1721 602 1795 quibus
632 1721 761 1774 illico
783 1720 1069 1792 percipiunt
1095 1719 1382 1791 conclusttm,
1422 1719 1500 1773 ita
1525 1738 1587 1775 ex
1592 1719 1653 1793 se
1661 1721 1827 1807 fluens
1853 1741 1914 1775 ex
1938 1720 2088 1851 άιζὲιι
2119 1722 2288 1794 busfic
2315 1725 2371 1779 in

434 1799 695 1881 confinsum
726 1795 969 1859 reda52i35
1003 1792 1278 1851 similiter
1256 1814 1310 1848 ιιι
1350 1794 1563 1849 omnibus
1606 1795 1853 1869 reliquis:
1896 1798 1951 1852 in
2011 1816 2107 1853 anc
2122 1791 2371 1869 jaculta-

433 1883 527 1925 tem
565 1871 775 1925 veniunt
803 1870 1003 1924 Animae
1022 1869 1202 1943 statim
1231 1870 1332 1943 post
1367 1882 1600 1926 mortem.
1641 1889 1727 1926 nec
1765 1883 1883 1928 tunc
1914 1873 2029 1945 plus
2066 1883 2237 1928 amant
2262 1874 2374 1929 boni

417 1947 656 2031 spiritus,
697 1964 841 2018 quam
876 1945 1115 2018 instruere
1140 1946 1349 2000 novitios
1375 1948 1434 2003 &5
1457 1946 1671 2017 ignaros.
1750 1950 1785 2002 Ι
1769 1948 1846 2020 pst
1858 1947 2070 2021 spiritus
2087 1966 2184 2003 non
2193 1949 2372 2021 stiunt

433 2020 559 2093 quod
581 2021 714 2074 inter
740 2025 802 2093 se
838 2020 1098 2091 loquantur
1135 2030 1238 2074 tam
1270 2022 1536 2093 praestante
1553 2022 1760 2094 loquela,
1816 2018 1875 2080 δέ
1909 2022 2138 2097 instructi
2157 2034 2260 2077 tam
2284 2044 2371 2080 ex-

435 2096 633 2148 cellente
664 2094 788 2160 dote,
829 2094 920 2166 nist
940 2095 1041 2148 illis
1083 2094 1236 2149 datur
1275 2116 1307 2149 a
1335 2096 1545 2151 Domino
1584 2098 1831 2171 reflectere
1857 2103 2034 2170 super
2045 2098 2118 2164 id,
2158 2117 2272 2152 nam
2295 2100 2369 2153 lo-

430 2170 571 2243 quola
598 2170 687 2223 illa
713 2169 776 2239 est
802 2168 906 2223 illis
943 2170 1191 2224 naturalis
1219 2172 1278 2225 ἐξ
1306 2183 1424 2225 tunc
1459 2171 1644 2240 insta
1682 2175 1745 2244 ſs
1781 2171 1927 2224 habet
1953 2171 2055 2237 hoc,
2096 2172 2234 2243 sicut
2259 2189 2370 2228 cum
2407 2194 2410 2196 ·

435 2245 635 2310 homine,
676 2263 782 2297 cum
807 2244 1019 2297 animum
1045 2255 1174 2298 tenet
1207 2247 1261 2298 in
1281 2246 1415 2318 st’nfit
1441 2263 1622 2310 rerum,
1664 2263 1756 2298 non
1780 2245 1834 2314 'in
1860 2245 2057 2299 vocibus
2082 2248 2142 2301 &²
2168 2246 2368 2322 loquela,

436 2319 563 2390 quod
601 2318 772 2390 absque
797 2319 1069 2391 reflexione,
1110 2319 1386 2390 quandoque
1418 2338 1504 2372 nec
1524 2318 1677 2389 sciat
1698 2337 1793 2392 qua
1819 2319 2002 2405 loquela
2024 2315 2255 2392 loquitur.

370 2395 527 2462 1642.
570 2395 697 2446 Haec
728 2410 858 2444 nunc
883 2392 942 2463 ιβ
962 2395 1175 2464 Loquela
1194 2393 1490 2465 Spiritalem,
1520 2392 1606 2464 fi’d
1628 2394 1839 2466 Loquela
1860 2394 2139 2466 Spirituum
2157 2378 2369 2469 Angeli-

436 2485 598 2521 corum
649 2466 807 2521 adhuc
858 2467 1185 2538 universalior
1228 2471 1287 2524 &5
1320 2469 1593 2541 perfectior
1637 2469 1728 2540 ess3
1795 2469 1853 2523 δι’
1895 2470 2112 2542 Loquela
2152 2471 2366 2542 Angelo-

436 2559 546 2595 rum
586 2541 745 2595 adhuc
770 2540 1095 2615 universalior
1119 2543 1177 2596 &³
1207 2543 1506 2623 perfeeflior3
1526 2559 1660 2596 nam
1698 2555 1801 2597 tres
1828 2544 1949 2598 Caeli
1966 2545 2109 2617 stant,
2164 2556 2222 2598 ut
2239 2546 2366 2616 'pri-

436 2618 489 2670 us
535 2616 732 2683 dietum,
775 2617 1005 2670 Primum
1051 2617 1115 2683 est
1155 2616 1242 2670 ubi
1266 2607 1486 2689 Spiritus
1532 2617 1659 2683 boni,
1720 2618 1987 2672 Secundum
2025 2618 2113 2673 ubi
2149 2620 2371 2691 Spiritus

439 2691 687 2761 Angelici,
743 2693 801 2747 ὅ
830 2687 1051 2744 Tertium
1090 2690 1178 2745 ubi
1203 2693 1421 2777 Angeli3
1466 2662 1788 2766 perfebiiones
1832 2691 2090 2779 ascendunt
2135 2695 2212 2746 ita
2233 2694 2369 2763 scut

437 2766 684 2818 exteriora
709 2766 767 2837 fle
809 2765 986 2819 habent
1010 2766 1081 2819 ad
1101 2767 1364 2834 interiora,
1395 2779 1555 2838 paene,
1595 2781 1653 2821 ut
1687 2786 1746 2820 ex
1771 2767 2125 2853 comparatione
2135 2767 2359 2838 sciatur,

415 2839 551 2908 stcut
576 2840 773 2892 auditus
800 2843 861 2912 se
893 2840 1032 2894 habet
1057 2840 1128 2895 ad
1147 2842 1325 2914 vistim,
1367 2843 1425 2896 &²
1463 2843 1596 2916 vistis
1620 2842 1691 2896 ad
1712 2842 2063 2913 cogitationem,
2104 2858 2217 2894 nam
2243 2843 2367 2913 quod

432 2923 523 2982 per
547 2912 772 2982 loquelam
800 2914 1007 2968 haurire
1022 2917 1176 2987 potest
1215 2917 1417 2970 auditus
1435 2927 1529 2987 per
1555 2917 1738 2983 horam,
1780 2916 1864 2968 hoc
1880 2916 2028 2986 potest
2066 2927 2227 2969 coram
2255 2918 2363 2990 visu

414 2986 525 3057 sisti
545 2986 685 3039 intra
710 2986 967 3054 minutum,
996 2991 1149 3058 scut
1167 3001 1264 3060 pro
1279 2991 1499 3059 exempla,
1539 2959 1809 3061 preypeclus
1832 2990 2181 3059 campestrium,
2211 2993 2364 3061 pala-

446 3058 642 3126 tiorum,
691 3063 749 3115 &³
789 3060 1017 3125 urbium3
1062 3065 1121 3116 &
1165 3064 1290 3135 quod
1326 3063 1494 3122 videri
1528 3062 1676 3134 potest
1718 3064 1844 3116 oculo
1878 3074 1970 3148 per⁴
1995 3065 2160 3135 plures
2199 3065 2360 3133 horas,

434 3136 519 3190 hoc
556 3136 704 3206 potest
731 3135 1024 3205 cogitatione
1064 3137 1392 3210 comprehendi
1430 3137 1571 3189 intr'a
1613 3137 1884 3202 minutum3
1925 3140 1978 3191 in
2027 3140 2124 3192 tali
2169 3139 2362 3193 ratione

416 3212 478 3283 fi
516 3208 657 3264 habet
691 3209 869 3282 loquela
895 3206 1192 3283 Spirituum,
1215 3211 1305 3265 ad
1341 3212 1569 3284 loquelam
1595 3212 1714 3284 Spu
1718 3212 1875 3266 ituum
1919 3213 2260 3339 angethcorum
2302 3215 2362 3267 δέ

2223 3306 2362 3359 oque-
