2788 3736
398 163 529 307 '5228
874 166 1026 279 ”G
1116 199 1180 278 Ε
1276 216 1356 277 Ν
1444 215 1504 276 Ε
1597 207 1646 278 s
1739 218 1780 280 1
1868 218 1932 284 S.

351 344 356 351 ”
394 364 483 410 que
513 367 574 397 n:
606 366 662 409 ¹4
668 366 691 410 5
700 366 724 412 3
745 366 755 395 ε
791 363 849 394 ex
874 346 959 395 illis
981 361 1088 410 quae
1113 346 1175 395 ibi
1199 346 1319 396 dicia
1340 346 1442 396 sunt
1464 347 1661 396 constare
1685 348 1848 412 potest,
1882 351 2027 414 qualis
2061 363 2169 400 tunc
2192 351 2392 401 Domini

393 414 531 463 status
555 416 659 471 tuit,
693 430 856 476 nempe
879 413 1007 477 quod
1030 413 1229 478 puerilis,
1264 415 1345 478 qui
1375 415 1475 462 talis
1511 414 1574 462 est
1608 427 1661 462 ut
1698 415 1930 463 mundana
1952 415 2130 474 adsint,
2167 419 2398 466 mundana

391 484 518 528 enim
542 497 633 527 non
657 478 820 527 discuti
853 492 1046 544 queunt,
1080 479 1342 545 priusquam
1365 496 1528 530 verum
1550 482 1600 529 &
1623 480 1799 529 bonum
1824 481 2118 545 implantatur
2140 485 2399 533 coelestibus

393 562 476 610 per
499 547 797 609 cognitiones,
824 562 939 594 nam
961 546 1105 594 homo
1128 545 1348 610 nusquam
1371 547 1518 611 potest
1542 545 1817 611 distinguere
1835 549 1953 595 inter
1968 547 2168 596 coelestia
2189 551 2238 598 δε
2259 558 2394 598 ωυη-’

398 615 526 667 dana,
563 611 821 677 priusquam
846 611 927 660 scit
964 614 1013 661 &
1034 615 1166 661 novit
1190 614 1302 676 quid
1325 612 1526 670 coeleste,
1550 614 1739 678 &quid
1763 613 2077 671 mundanum;
2112 617 2396 678 cognitiones

398 680 544 724 ideam
569 694 867 726 communem
891 680 941 727 &
963 678 1197 726 obscuram
1227 678 1401 728 faciunt
1424 678 1697 737 distinctam,
1735 681 1783 728 δι
1821 697 1917 744 quo
1940 680 2198 728 distinctior
2221 682 2320 729 idea
2341 682 2396 730 fit

397 761 474 806 per
506 745 806 808 cognitiones,
842 761 899 794 eo
915 747 1058 810 magis
1083 744 1266 809 separari
1290 745 1472 810 possunt
1507 746 1735 794 mundana
1756 769 1772 802 ·,
1823 746 1898 794 sed
1935 745 2070 795 status
2104 746 2176 795 ille
2214 748 2397 810 puerilis

397 811 459 856 est
481 810 619 874 usque
636 809 809 858 sanctus
824 812 931 876 quia
954 813 1182 867 innocenS,
1218 814 1472 876 ignorantia
1495 811 1717 876 nusquam
1743 813 1886 860 demit
1910 811 2186 862 sanctitatem
2209 829 2317 879 cum
2353 815 2399 862 in'

396 878 473 923 illa
489 876 550 924 est
568 878 836 934 innocentia,
848 893 953 925 nam
974 877 1173 925 sanctitas
1190 878 1359 926 habitat
1377 880 1422 925 in
1438 879 1690 942 ignorantia
1701 895 1809 942 quae
1832 881 2073 934 innocens·,
2093 879 2213 943 apud
2239 896 2400 928 omnes

391 943 602 990 ‘homines
626 955 791 1007 praeter
818 944 941 1008 apud
964 945 1243 1002 Dominum,
1278 944 1478 993 sanctitas
1501 962 1594 993 non
1615 945 1812 993 habitare
1840 945 1987 1009 potest
2008 945 2090 992 nisi
2112 947 2159 992 in
2181 947 2395 1009 ignoran-

396 1010 474 1060 tia,
511 1009 592 1056 nisi
615 1011 662 1056 in
685 1011 936 1073 ignorantia
954 1027 1044 1058 non
1062 1011 1124 1059 est
1142 1009 1341 1059 sanctitas
1362 1033 1376 1066 ;
1413 1011 1536 1075 apud
1560 1011 1677 1075 ipsos
1696 1012 1920 1076 Angelos,
1945 1006 2089 1076 quiin
2103 1009 2280 1060 summa
2297 1012 2399 1060 luce

398 1075 709 1138 intelligentiae
743 1076 793 1123 δι
818 1074 1042 1140 sapientiae
1079 1075 1197 1133 sunt,
1231 1078 1367 1124 etiam
1399 1076 1600 1125 sanctitas
1623 1076 1792 1125 habitat
1831 1079 1878 1124 in
1916 1079 2183 1140 ignorantia,
2230 1090 2401 1127 norunt

398 1143 520 1188 enim
546 1140 600 1189 δέ
617 1140 881 1205 agnoscunt,
915 1143 1043 1206 quod
1068 1143 1179 1189 nihil
1200 1141 1353 1189 norint
1389 1159 1446 1190 ex
1469 1143 1526 1199 se,
1563 1142 1637 1189 sed
1671 1143 1892 1206 quicquid
1923 1156 2090 1191 norunt
2130 1144 2258 1207 quod
2290 1145 2345 1192 fit
2372 1160 2399 1192 a

397 1207 604 1255 Domino
624 1229 637 1262 ;
674 1219 843 1254 norunt
864 1204 1002 1261 etiam
1018 1207 1068 1255 ὅτ
1090 1206 1356 1271 agnoscunt,
1392 1209 1518 1271 quod
1543 1209 1694 1256 omnis
1717 1208 1903 1256 illorum
1917 1208 2108 1268 scientia,
2145 1211 2400 1274 intelligen-

396 1275 457 1320 tia
485 1275 535 1320 δε
565 1271 774 1336 sapientia
804 1273 858 1320 fit
890 1273 1003 1321 sicut
1041 1273 1153 1320 nihil
1188 1272 1430 1338 respcftive
1466 1273 1523 1321 ad
1566 1273 1792 1322 infinitam
1828 1275 2040 1332 Domini,
2088 1277 2311 1340 itaquod
2345 1279 2400 1326 fit

396 1341 681 1401 ignorantia·;
715 1339 796 1403 qui
820 1355 911 1387 non
940 1339 1143 1403 agnoscit
1164 1340 1291 1403 quod
1312 1340 1488 1387 infinita
1511 1339 1596 1389 fint
1618 1343 1724 1404 quae
1755 1357 1847 1388 non
1871 1341 2017 1398 novit,
2053 1357 2149 1404 prae
2173 1342 2258 1389 illis
2289 1359 2397 1406 quae

395 1407 541 1462 novit,
577 1406 613 1453 is
637 1422 730 1453 non
754 1404 901 1470 potest
922 1406 1005 1453 effe
1029 1408 1075 1453 in
1093 1405 1317 1453 sanctitate
1341 1407 1629 1469 ignorantiae,
1662 1408 1708 1453 in
1731 1423 1823 1470 qua
1855 1406 1955 1454 sunt
1978 1407 2157 1471 angeli:
2195 1406 2397 1456 Γειηξὶὶτειε

394 1465 662 1534 ignorantiae
687 1488 781 1519 non
802 1470 881 1528 est,
916 1471 1044 1535 quod
1083 1474 1131 1519 in
1163 1473 1413 1535 ignorantia
1446 1472 1501 1519 fit
1538 1489 1637 1536 prae.
1659 1472 1771 1529 aliis,
1810 1472 1884 1519 sed
1914 1473 2041 1536 quod
2082 1475 2128 1519 in
2167 1476 2398 1536 agnitione

394 1537 521 1600 quod
546 1537 736 1585 nihil-ex
758 1536 800 1584 se
823 1537 943 1595 sciat,
976 1539 1026 1586 &
1049 1555 1155 1602 quae
1172 1554 1265 1597 non
1286 1537 1367 1585 scit
1391 1537 1631 1602 respective
1654 1538 1711 1585 ad
1733 1537 1808 1586 illa
1823 1554 1930 1601 quae
1947 1537 2198 1602 scit„quod
2222 1540 2398 1595 infinita

393 1603 511 1660 fint3
547 1605 772 1664 imprimis
793 1604 920 1668 quod
943 1607 1070 1668 parvi
1091 1601 1223 1651 faciat
1246 1603 1487 1651 scientifica
1510 1605 1559 1651 δε
1585 1603 1896 1667 ἱῐιτεΠεᾶυειΙίᾳ
1918 1604 2164 1668 respective
2202 1606 2259 1652 ad
2299 1622 2396 1654 coe-

392 1668 531 1725 lestia,
569 1668 639 1716 seu
665 1669 740 1716 illa
762 1686 870 1733 quae
893 1668 994 1717 sunt
1018 1670 1266 1718 intelleEtus
1287 1669 1531 1735 respective
1563 1670 1622 1719 ad
1654 1669 1729 1718 illa
1767 1686 1874 1733 quae
1914 1669 2015 1717 sunt
2052 1671 2177 1718 vitae.
2206 1728 2209 1731 p
2248 1673 2401 1737 Qod.

391 1735 652 1782 Dominum
678 1737 850 1792 attinet,
875 1735 972 1799 Ipse
995 1738 1102 1800 quia
1125 1734 1420 1801 conjungeret
1442 1736 1640 1785 humana
1659 1737 1861 1793 Divinis,
1880 1736 2134 1801 progressus
2158 1733 2222 1784 est
2244 1737 2398 1786 secun-

392 1800 508 1848 dum
530 1802 756 1858 ordinem,
793 1802 843 1850 &
878 1818 998 1850 nunc
1030 1805 1238 1867 primum
1270 1803 1475 1867 pervenit
1504 1803 1563 1852 ad
1583 1802 1716 1852 illum
1740 1801 1904 1850 statum
1931 1800 2181 1859 coelestem,
2217 1804 2395 1868 qualem

391 1865 550 1915 habuit
576 1884 686 1916 cum
710 1884 839 1931 puer,
875 1870 923 1916 in
945 1885 1040 1934 quo
1063 1868 1177 1918 statu
1207 1871 1344 1918 etiam
1379 1870 1610 1918 mundana
1646 1867 1822 1926 adsunt,
1859 1869 1964 1918 inde
1988 1869 2222 1933 pergendo
2243 1871 2290 1916 in
2314 1869 2397 1918 sta-

392 1944 495 1981 tum
521 1936 667 1998 magis
690 1934 938 1992 coelestem,
974 1936 1162 1984 tandem
1193 1938 1239 1984 in
1257 1935 1423 1985 statum
1443 1935 1676 1985 coelestem
1695 1933 1913 1994 infantiae,
1950 1937 1997 1983 in
2013 1951 2107 1999 quo
2125 1937 2397 1985 Humanam

391 1999 637 2047 Efl‘entiam
654 2000 783 2063 plene
805 1998 1042 2064 conjunxit
1063 2002 1265 2050 Divinae.
2358 2042 2363 2049 .

467 2083 522 2129 15
529 2070 606 2129 58.
642 2065 784 2115 Vers:
807 2084 856 2127 4.
892 2067 967 2115 Ad
985 2067 1117 2135 lorum
1140 2069 1314 2126 altaris,
1352 2070 1462 2134 quod
1475 2070 1590 2132 fecit
1621 2070 1684 2117 ibi
1718 2071 1764 2116 in
1795 2070 2028 2130 principio,
2078 2069 2134 2118 &⁹
2172 2070 2396 2116 invocavit

388 2131 454 2179 ibi
472 2133 637 2180 Abram
661 2148 803 2181 nomen
825 2133 1021 2198 Jehovae.
1091 2134 1173 2182 Ad
1213 2135 1370 2183 locum
1406 2136 1570 2193 altaris,
1608 2134 1828 2198 fignificat
1867 2133 2013 2180 sancta
2051 2133 2230 2181 cultus:
2265 2134 2394 2197 quod

388 2195 495 2245 fecit
512 2200 558 2245 in
582 2201 823 2264 principio,
855 2199 1081 2262 fignificat
1104 2216 1210 2265 quae
1228 2201 1385 2250 habuit
1401 2217 1510 2249 cum
1527 2216 1669 2264 puer:
1695 2200 1756 2259 ,ὅτ
1779 2199 2013 2246 invocavit
2033 2197 2094 2246 ibi
2108 2198 2287 2256 Abram
2310 2216 2391 2248 no-

388 2279 494 2310 men
519 2264 728 2325 Jehovae,
765 2266 990 2329 fignificat
1010 2265 1191 2314 ’cultum
1209 2267 1440 2315 internum
1463 2270 1510 2314 in
1528 2266 1613 2315 illo
1631 2265 1759 2314 statu.
2272 2323 2274 2325 Ι

465 2347 477 2375 1
491 2346 602 2394 559.
638 2330 719 2377 Ad
742 2330 896 2378 locum
921 2331 1084 2388 altaris,
1119 2333 1246 2396 quod
1283 2332 1508 2396 significet
1545 2332 1690 2379 sancta
1728 2331 1894 2387 cultus,
1930 2330 2102 2381 constat
2125 2348 2151 2380 a
2172 2331 2395 2395 fignifica-

388 2395 510 2443 tione
532 2396 695 2452 altaris,
730 2396 859 2459 quod
882 2397 935 2444 fit
959 2399 1204 2462 principale
1227 2397 1833 2462 repraesentativum'cultus‚
1867 2397 1924 2444 de
1947 2414 2037 2461 qua
2059 2415 2089 2445 n
2110 2416 2120 2445 ι
2147 2414 2257 2464 921.

387 2505 391 2508 .
460 2463 613 2524 1560.⁴
638 2462 784 2526 Qod
806 2460 914 2510 fecit
945 2463 993 2510 in
1014 2466 1257 2527 principio,
1292 2464 1421 2527 quod
1443 2464 1665 2528 significet
1686 2479 1792 2527 quae
1815 2462 1971 2511 habuit
1993 2480 2102 2511 cum
2127 2481 2257 2528 puer,
2283 2480 2391 2513 con.-

388 2526 471 2574 stat
493 2543 551 2574 ex
575 2527 662 2575 illis
684 2544 790 2591 quae
814 2527 933 2576 dieta
953 2529 1053 2577 sunt
1077 2532 1124 2577 in
1147 2530 1274 2594 Cap:
1310 2546 1457 2593 praec:
1494 2531 1552 2578 ad
1569 2529 1693 2577 vers:
1722 2534 1764 2580 8.
1801 2531 1851 2576 in
1871 2531 2096 2594 principio
2119 2531 2192 2578 hic
2207 2531 2390 2589 dicitur,

387 2594 435 2640 &
461 2594 507 2640 in
530 2593 659 2642 vers:
684 2610 808 2657 praec
827 2614 838 2642 :
865 2597 910 2642 in
935 2592 1080 2653 initio,
1115 2597 1221 2659 quia
1242 2594 1332 2644 fuit
1354 2609 1594 2660 antequam
1617 2597 1850 2649 Dominus
1873 2595 2124 2645 scientificis
2161 2598 2212 2644 ὅτ
2226 2598 2391 2660 'cogni-

386 2659 582 2707 tionibus
605 2660 809 2708 imbutus
832 2659 920 2709 fuit
940 2661 972 2718 ς’
990 2662 1127 2710 status
1150 2663 1301 2711 omnis
1333 2664 1576 2728 antequam
1599 2661 1831 2711 instruitur
1854 2661 1996 2724 homo
2017 2661 2080 2709 est
2103 2663 2303 2719 initium,
2338 2662 2392 2710 δι’
2444 2726 2447 2728 ‚

386 2740 494 2771 cum
519 2727 678 2790 incipit
700 2727 857 2775 instrui
879 2727 943 2776 est
965 2729 1261 2792 principium.
1894 2731 1900 2732 ’
2372 2783 2377 2788 ,

459 2793 596 2852 ι56ι.
634 2792 699 2840 Et
723 2795 955 2841 invocavit
987 2795 1050 2841 ibi
1073 2794 1252 2843 Abram
1276 2790 1446 2844 nomen
1461 2795 1671 2857 Jeho'vae,
1706 2796 1834 2859 quod
1871 2793 2093 2856 significet
2117 2793 2296 2841 cultum
2322 2794 2389 2843 in-

385 2866 564 2903 ternum
590 2858 636 2902 in
661 2857 739 2905 illo
760 2859 892 2916 statu,
928 2860 1101 2908 constat
1138 2877 1164 2907 a
1199 2861 1526 2925 significatione
1551 2863 1952 2908 invocare‘nomen
1971 2859 2180 2918 Jehovae,
2220 2860 2278 2908 de
2299 2876 2391 2924 qua

383 2924 506 2985 prius
530 2938 559 2967 n
581 2940 591 2968 :
616 2939 716 2980 440
741 2926 787 2970 &
822 2942 909 2987 ¹45
917 2942 961 2987 5.
996 2926 1126 2988 quod
1149 2927 1222 2973 hic
1244 2933 1429 2990 quoque
1454 2932 1738 2981 memoretur,
1767 2925 1827 2972 de
1856 2924 2002 2981 altari,
2041 2927 2089 2977 ὃς
2114 2926 2243 2988 quod
2267 2925 2387 2974 dica-

383 2999 458 3034 tur
482 2987 608 3051 quod
632 2989 907 3037 invocaverit
923 3007 1091 3038 nomen
1115 2992 1323 3052 Jehovae,
1359 2991 1562 3037 similiter
1583 3006 1635 3037 ac
1660 2992 1704 3036 in
1724 2990 1850 3054 Cap:
1878 3006 2028 3053 praec:
2055 2990 2182 3037 vers:
2213 2996 2254 3040 8.
2281 3007 2387 3041 cau-

382 3053 426 3100 sa
448 3053 527 3108 est,
560 3053 687 3117 quod
712 3052 878 3102 fimiles·
895 3055 1030 3102 status
1053 3056 1156 3113 fint,
1198 3072 1305 3103 cum
1329 3055 1599 3111 differentia,
1635 3056 1760 3118 quod
1779 3057 1851 3104 hic
1870 3057 2048 3103 lucidus
2066 3053 2308 3120 respective
2330 3056 2386 3105 ad

381 3119 512 3168 issani
532 3142 545 3174 ·,
582 3119 865 3183 cognitiones
894 3135 1003 3167 cum
1027 3121 1354 3182 implantantur
1375 3122 1516 3183 priori
1540 3121 1687 3178 statui,
1724 3121 1780 3169 de
1803 3138 1899 3186 quo
1916 3121 2110 3179 dicium,
2144 3121 2316 3170 faciunt
2333 3123 2385 3169 il‘·
2413 3128 2415 3131 “

380 3185 484 3254 lum
505 3185 743 3236 lucidum:
779 3186 964 3251 quando
987 3184 1282 3254 conjungitur
1304 3201 1467 3254 gerum
1491 3184 1542 3258 ὃς
1566 3187 1739 3255 ξρηυιῃ
1781 3204 1863 3254 per
1898 3188 2183 3256 cognitiones
2216 3187 2385 3264 coelesti

2230 3268 2389 3325 priori,
