2788 3736
411 198 670 341 ,ηδ’
885 197 968 311 6
1051 238 1118 306 E
1207 240 1295 306 Ν
1377 238 1443 307 E
1532 237 1998 314 s‘z’st.

409 391 603 439 nitiones
627 386 712 436 sint
734 396 841 449 quae
888 379 1095 446 aperiunt
1117 378 1243 427 viam
1265 379 1323 429 ad
1363 380 1658 447 speclandum
1697 378 1896 433 eoelestia
1932 384 1984 435 δε
2028 382 2271 452 spiritualia
2290 412 2305 448 ς
2341 390 2424 457 per

414 458 700 520 cognitiones
724 450 920 516 aperitur
957 448 1036 494 via
1065 447 1245 495 interno
1266 447 1443 497 homini
1479 450 1535 497 ad
1567 458 1825 509 externum,
1860 452 1906 499 in
1931 468 2026 516 quo
2049 453 2150 504 sunt
2188 458 2288 506 vasa
2310 463 2422 507 reci-

412 524 598 586 pientia,
633 534 739 584 quae
764 528 836 566 tot
858 514 962 563 sunt
995 525 1112 578 quot
1133 515 1416 578 cognitiones
1441 516 1549 566 boni
1572 518 1621 566 &
1644 522 1773 576 veri;
1809 519 1857 566 in
1879 517 1958 568 has
1979 531 2031 568 ut
2064 521 2112 568 in
2133 520 2208 571 sua
2227 524 2328 573 vasa
2349 527 2419 574 in·

412 589 562 637 fluunt
583 584 794 635 coelestia.
1082 620 1085 623 -
1826 630 1833 636 .

485 671 626 720 1459.
661 650 802 701 Vers:
844 665 918 700 10.
955 647 1023 696 Et
1033 645 1138 708 fuit
1149 647 1291 709 fames
1314 652 1360 699 in
1376 661 1513 708 terra,
1537 651 1606 702 ‘to'
1628 651 1834 716 deflendit
1849 653 2025 703 Abram
2038 654 2086 701 in
2107 655 2344 718 AEgyptum
2360 658 2425 707 ad

408 718 759 784 peregrinandum
782 718 844 766 ibi
867 737 884 770 ς
919 715 1022 779 quia
1030 717 1190 776 gravis
1202 717 1345 779 fames
1373 721 1421 765 in
1456 729 1596 766 terra.
1663 720 1773 767 Fuit
1789 717 1932 767 fames
1955 720 2001 766 in
2025 731 2156 777 terra,
2193 721 2421 785 significat

417 789 655 854 penuriam
679 785 1018 850 cognitionum,
1054 796 1159 843 quae
1183 784 1330 831 adhuc
1353 785 1475 848 apud
1493 785 1773 843 Dominum,
1798 801 1919 838 ‚cum
1940 802 2083 852 puer:
2117 787 2168 836 &
2192 785 2441 838 descendit'

414 853 596 903 Abram
620 854 666 900 in
684 853 949 917 AEgyptum
970 845 1025 893 ad
1043 851 1446 910 peregrinandum,
1482 851 1704 916 fignificat
1743 851 2082 901 instructionem
2121 855 2169 902 in
2192 857 2419 919 cognitio-

414 920 549 969 nibus
566 936 621 967 ex
645 919 801 979 Verclo
817 939 834 973 ·,
872 915 1108 976 AEgyptus
1143 917 1206 963 est
1230 916 1410 965 scientia
1432 918 1751 982 cognitionum
1774 941 1789 975 ;
1824 921 2097 984 peregrinari
2135 919 2201 968 est
2223 921 2414 970 instrui:

414 987 523 1050 quia
544 987 692 1049 gravis
710 983 852 1031 fames
886 981 1090 1037 interra,
1128 981 1350 1046 fignificat
1373 984 1569 1033 multam
1593 987 1830 1051 penuriam
1868 986 1988 1052 apud
2003 992 2252 1037 ‘externum
2275 989 2419 1053 lpfius

416 1052 663 1102 hominem.
1799 1060 1801 1062 ’

489 1121 641 1182 1460..
665 1119 772 1166 Fuit
788 1115 931 1168 fames
954 1121 1000 1167 in
1013 1131 1147 1178 terra,
1181 1117 1311 1181 quod
1328 1117 1553 1181 significet
1578 1119 1816 1182 penuriam
1838 1120 2178 1183 cognitionum,
2211 1137 2319 1186 quae
2337 1121 2418 1170 ad-

417 1185 508 1236 huc
534 1185 653 1250 apud
678 1186 936 1233 Dominum
975 1201 1085 1233 cum
1115 1199 1242 1250 puer,
1281 1184 1453 1230 constat
1484 1199 1545 1231 ex
1560 1184 1647 1232 illis
1670 1200 1776 1249 quae
1793 1186 1919 1249 prius
1941 1186 2062 1234 dicta
2084 1186 2217 1243 sunt,
2253 1190 2414 1252 cogni,
2460 1244 2468 1249 ¹

415 1256 559 1301 tiones
605 1250 729 1314 apud
766 1251 1001 1299 hominem
1041 1254 1263 1316 nustJuam
1285 1250 1476 1298 veniunt
1498 1251 1559 1296 ·in
1587 1250 1778 1314 pueritia
1814 1267 1871 1298 ex
1893 1253 2111 1310 interiori,
2146 1252 2220 1301 sed
2243 1255 2298 1301 ab
2335 1255 2419 1303 ob·

407 1317 538 1385 jeciis
562 1316 784 1374 sensuum,
818 1318 1088 1382 cumprimis
1111 1319 1167 1366 ab
1190 1315 1419 1364 auditione
1445 1338 1460 1372 3
1496 1315 1597 1364 sunt
1619 1318 1760 1374 enim,
1796 1329 1848 1364 ut
1886 1316 2080 1374 distum,
2115 1321 2235 1382 apud
2266 1334 2416 1368 extet-

417 1400 530 1437 num
551 1383 789 1431 hominem
833 1383 933 1432 vasa
955 1386 1228 1448 recipientia,
1263 1398 1370 1446 quae
1403 1395 1626 1430 vocantur
1657 1384 1910 1439 memoriae,
1946 1382 2022 1431 illa
2043 1384 2299 1434 formantur
2336 1402 2420 1451 per

418 1452 716 1516 cognitiones,
751 1461 804 1496 ut
820 1451 967 1498 cuivis
985 1465 1148 1499 notum
1172 1449 1254 1497 effe
1271 1447 1435 1512 potest,
1471 1449 1647 1498 interno
1663 1449 1848 1496 homine
1863 1449 2076 1497 influente
2094 1453 2141 1499 &
2158 1449 2421 1516 adjuvante„

419 1518 611 1584 proinde
645 1517 928 1581 cognitiones
951 1517 1191 1565 discuntur
1224 1517 1273 1563 δε
1296 1515 1622 1578 implantantur
1644 1516 1880 1563 memoriae
1914 1514 2161 1563 secundum
2190 1518 2418 1567 influxum

420 1586 582 1632 interni
605 1583 801 1630 hominis
823 1605 836 1638 ·‚
873 1585 937 1633 ita
956 1600 1151 1649 quoque
1174 1581 1293 1646 apud
1316 1582 1577 1629 Dominum
1603 1592 1718 1630 cum·
1752 1597 1884 1645 puer,
1919 1597 2025 1628 nam
2049 1593 2179 1629 natus
2217 1583 2280 1630 est
2303 1585 2431 1634 ficut>

419 1652 530 1702 alius
554 1649 712 1705 homo,
749 1651 798 1699 &
821 1648 1061 1699 instructus
1085 1662 1137 1697 ut
1161 1649 1291 1704 alius,
1327 1646 1401 1694 sed
1426 1649 1635 1696 interiora
1658 1647 1779 1712 apud
1812 1647 1962 1711 lpsum
1987 1649 2168 1697 fuerunt
2203 1650 2427 1719 coelestia,

419 1733 526 1782 quae
548 1715 757 1779 aptabant
773 1714 872 1763 vasa
887 1729 940 1763 ut
963 1719 1267 1780 reciperentur
1289 1715 1589 1777 cognitiones,
1625 1716 1674 1763 &
1710 1726 1769 1777 >ut
1799 1716 2083 1778 cognitiones
2115 1715 2278 1764 fierent*
2310 1714 2430 1765 deinss.

419 1783 517 1834 vala
537 1783 592 1830 ad
619 1782 926 1844 recipiendum
940 1784 1169 1831 Divinum
1195 1805 1211 1839 ·,
1245 1782 1455 1829 interiora
1469 1781 1592 1845 apud
1616 1779 1772 1845 Ipsum
1787 1793 1913 1836 erant
1933 1781 2104 1829 Divina
2125 1797 2184 1830 ex
2207 1782 2425 1843 Jehovah*

419 1849 552 1897 Patre
586 1848 746 1912 lpfius,
779 1851 998 1896 exteriora
1014 1862 1138 1897 erant
1155 1849 1354 1897 humana
1368 1863 1425 1895 ex
1446 1848 1597 1896 Maria
1614 1860 1754 1896 matre
1771 1847 1913 1912 Ipsius
1933 1865 1943 1893 ι
1981 1847 2087 1897 inde
2110 1847 2309 1896 constare
2331 1865 2416 1914 po·

420 1916 520 1973 test,
554 1916 679 1979 quod
704 1915 825 1981 apud
854 1917 1115 1964 Dominum
1148 1930 1280 1981 aeque
1305 1914 1417 1962 sicut
1449 1914 1572 1978 apud
1588 1915 1698 1962 alios
1730 1915 1954 1972 homineS,
1988 1930 2126 1978 penes
2156 1915 2412 1965 Externum

419 1982 563 2048 Ipsius
582 1983 813 2032 hominem
839 1984 886 2029 in
908 1984 1099 2047 pueritia
1121 1981 1256 2030 fuerit
1272 1982 1457 2046 penuria
1473 1982 1810 2044 cognitionum.
1865 1981 2009 2047 Qod
2033 1979 2172 2028 fames
2195 1981 2418 2045 significet

420 2050 655 2114 penuriam
673 2049 1011 2112 cognitionum,
1037 2049 1207 2098 constat
1220 2065 1274 2095 ex
1291 2047 1440 2094 Verbo
1452 2047 1575 2104 alibi,
1589 2060 1642 2095 ut
1657 2048 1780 2111 apud
1797 2047 1991 2107 Esaiam,
2029 2052 2063 2074 ‘⁸
2077 2047 2210 2112 Opus
2223 2048 2418 2109 Jehovoe

422 2120 459 2143 ‘⁶
483 2131 574 2162 non
591 2114 918 2178 introspiciunt,
938 2113 1166 2163 &fastum
1183 2130 1401 2162 manuum
1413 2114 1554 2177 Ipsius
1569 2130 1661 2161 non
1677 2114 1851 2166 vident,
1867 2123 2106 2175 'propterea
2118 2113 2314 2162 exulabit
2329 2131 2415 2178 po-

422 2187 457 2210 “
481 2182 615 2245 pulus
629 2196 758 2228 meus
775 2180 836 2228 ob
851 2197 943 2228 non
959 2185 1242 2244 cognitionem,
1270 2181 1319 2228 &
1337 2180 1481 2244 gloria
1502 2178 1596 2244 ejus
1615 2178 1998 2235 mortalesFamis,
2019 2180 2066 2225 δε
2091 2179 2342 2228 multitudo
2359 2181 2415 2228 il·-

423 2253 463 2276 “
482 2249 568 2295 lius
587 2248 696 2294 ficca
719 2246 838 2303 fiti,”
857 2263 916 2293 v:
941 2265 955 2294 1
969 2265 1010 2310 3.
1027 2248 1235 2295 mortales
1245 2246 1375 2293 famis
1387 2249 1464 2308 pio
1477 2248 1664 2309 penuria
1672 2245 1991 2309 cognitionum
2001 2243 2273 2302 coelestium,
2293 2245 2415 2294 mul-

422 2314 574 2360 titudo
589 2314 702 2360 fi'cca
719 2313 786 2359 fiti
803 2328 888 2376 pro
904 2315 1089 2376 penuria
1106 2314 1420 2377 cognitionum
1432 2311 1744 2375 spiritualium.
1782 2311 1928 2374 Apud
1938 2312 2201 2371 Jeremiam,
2228 2317 2262 2339 ‘⁶
2279 2313 2418 2360 Men-

425 2385 460 2408 “
484 2380 554 2427 titi
578 2379 740 2426 suntin
758 2379 1059 2438 Jehovam,&
1079 2380 1304 2435 dixerunt,
1325 2394 1417 2425 non
1426 2377 1539 2441 Ipse,
1563 2380 1609 2425 δι
1628 2394 1720 2425 non
1739 2379 1893 2424 veniet
1909 2376 2039 2441 super
2056 2394 2137 2426 nos
2155 2378 2345 2435 malum,
2363 2395 2415 2427 ac

427 2453 460 2473 “
477 2446 669 2509 gladium
688 2447 735 2492 δε
750 2445 918 2493 Famem
936 2461 1026 2492 non
1043 2445 1326 2500 videbimus3
1363 2447 1412 2492 &
1434 2444 1670 2509 prophetae
1688 2456 1819 2491 erunt
1844 2445 1888 2491 in
1914 2456 2131 2501 ventum„
2159 2445 2208 2492 δε
2223 2444 2418 2492 verbum

427 2519 460 2540 “
486 2529 576 2560 non
594 2513 695 2568 iis,”
713 2526 771 2556 v:
805 2529 878 2568 12,
906 2529 919 2558 1
933 2529 978 2579 3,
1005 2512 1182 2575 gladius
1207 2515 1255 2559 ὅτ
1281 2510 1418 2557 fames
1442 2527 1528 2575 pro
1551 2511 1696 2558 orbari
1720 2510 2057 2573 cognitionibus
2079 2511 2174 2558 veri
2197 2511 2246 2558 δε
2270 2510 2378 2558 boni
2401 2534 2415 2565 ;

425 2578 660 2645 prophetae
718 2593 768 2623 ro
785 2579 835 2624 iis
850 2579 929 2641 qui
953 2578 1135 2634 docent,
1171 2580 1220 2625 inv
1240 2577 1405 2642 quibus
1430 2594 1520 2624 non
1543 2577 1763 2632 verbum3
1789 2576 1914 2639 quod
1933 2576 2087 2639 gladio
2103 2577 2152 2624 ὅτ
2171 2574 2289 2624 fame
2305 2589 2414 2624 con-

428 2647 559 2703 sumi,
579 2646 631 2692 fit
647 2592 794 2692 orpbari
811 2645 1144 2709 cognitionibus
1161 2646 1255 2690 veri
1271 2648 1318 2691 ὅτ,
1336 2643 1460 2699 boni,
1475 2646 1520 2690 &
1541 2644 1669 2707 quod
1690 2645 1770 2690 lint
1790 2643 2058 2698 vastationis,
2070 2643 2246 2706 gladius
2262 2645 2415 2707 quoad.

428 2711 678 2776 spiritualia,
698 2709 836 2758 fames
859 2710 1239 2774 quoadcoelestia,
1262 2710 1432 2758 constat
1454 2712 1620 2775 passim-
1633 2712 1679 2757 in
1697 2709 1868 2765 Verbo,
1895 2721 1945 2755 ut
1962 2710 2143 2768 jerem:
2181 2723 2303 2756 xiv:
2337 2725 2411 2772 1-3,
2478 2712 2481 2715 ’

435 2798 509 2835 14,
537 2795 609 2843 15,
642 2778 712 2833 16,
739 2781 808 2825 18.
833 2777 1014 2825 Thren:
1039 2794 1091 2824 ιν
1112 2796 1122 2825 :
1151 2793 1194 2839 9.
1216 2780 1263 2824 &
1289 2777 1390 2823 alibi
1422 2799 1435 2831 3
1462 2791 1513 2824 ut
1530 2793 1712 2840 quoque
1735 2775 1858 2840 apud
1875 2772 2177 2829 Ezechielem,
2196 2779 2229 2800 “
2246 2773 2309 2821 Et
2325 2776 2415 2822 Fa-

432 2848 468 2869 “·
489 2860 589 2889 mem
607 2843 926 2906 addam'super
948 2859 1048 2900 vos,
1064 2845 1116 2891 ἃ
1135 2844 1339 2906 frangam
1357 2843 1488 2889 vobis
1514 2843 1728 2889 baculum
1753 2842 1878 2901 panis
1890 2861 1903 2893 3
1917 2840 1965 2885 &
1985 2839 2164 2885 mittam
2183 2839 2313 2903 super
2329 2857 2413 2889 vos

433 2914 467 2938 ‘⁴
491 2911 674 2961 Famem,
711 2909 759 2953 &
799 2902 936 2957 feram
963 2910 1153 2966 malam„
1182 2911 1228 2956 δι
1270 2908 1494 2955 orbabunt
1532 2920 1594 2965 te,
1629 2907 1680 2953 ὅτ,
1712 2905 1904 2967 gladium
1927 2903 2148 2953 adducam
2174 2904 2304 2969 super
2321 2909 2416 2964 te,”

395 3023 398 3028 ,
431 2992 494 3021 v:
549 2974 618 3019 16.
649 2971 786 3018 fames
818 2989 902 3035 pro
925 2975 1163 3022 orbatione·
1178 2976 1497 3037 cognitionum
1538 2971 1791 3019 coelestium
1816 2971 1887 3017 scu
1927 2973 2242 3034 cognitionum
2285 2972 2410 3030 boni,

432 3040 536 3098 inde
558 3037 720 3093 falsa&
740 3039 866 3086 mala.
923 3041 1082 3103 ,Apud
1100 3041 1347 3094 Davidem,
1385 3040 1514 3085 “Ee
1529 3038 1716 3084 vocavit
1728 3038 1897 3085 Famem
1924 3042 2055 3100 super
2093 3048 2273 3093 terram,
2308 3055 2410 3086 om-

434 3113 470 3134 “
504 3121 609 3153 nem
629 3104 842 3151 baculum
865 3106 991 3166 panis
1015 3104 1201 3166 fregit,’'
1241 3103 1419 3151 Psalm:
1456 3118 1515 3149 cv
1533 3121 1552 3149 r
1590 3105 1659 3150 16.
1687 3102 1899 3171 baculum
1925 3105 2051 3165 panis
2074 3102 2293 3166 frangere,
2329 3112 2415 3167 pro

434 3173 597 3233 privari
620 3172 744 3218 vidtu
764 3168 967 3229 coel'esti3
1002 3171 1095 3216 vita
1117 3171 1237 3215 enim
1256 3168 1494 3231 spirituum
1520 3168 1743 3216 bonorum
1768 3169 2094 3232 &angelorum
2112 3186 2202 3216 non
2236 3169 2323 3216 alio
2351 3174 2413 3219 ci-

437 3239 498 3288 bo
512 3239 789 3291 sustentatur,
825 3251 966 3300 quarn
984 3234 1329 3301 cognitionibus
1346 3234 1515 3285 boni&
1532 3239 1643 3301 iser-i,
1680 3234 1867 3301 ipsisque
1901 3236 2044 3284 bonis.
2060 3237 2108 3284 δι,
2138 3235 2413 3347 verLS„sincle

1746 3334 1750 3335 γ
2295 3314 2416 3366 ignit
