2788 3736
413 274 542 342 280
990 265 1968 338 GENESIS.

407 406 538 471 quod
559 404 809 455 secundum
832 401 1025 453 familias
1047 402 1299 455 exiverint:
1334 402 1464 468 quod
1487 419 1582 453 non
1613 401 1794 469 septena
1814 404 1865 453 &
1889 403 2085 471 septena,
2121 406 2226 456 bina
2242 406 2292 457 δε
2314 406 2424 466 bina

409 474 635 530 dicantur,
670 472 744 521 sed
768 471 972 529 familiae,
1008 470 1137 520 causa
1168 470 1232 520 est
1268 471 1377 535 quia
1398 473 1554 520 omnia
1588 487 1711 520 nunc
1750 472 1812 526 in,
1826 472 2036 523 ordinem
2072 491 2099 523 a
2119 476 2329 524 Domino
2362 476 2424 524 ita

410 541 588 589 redaCta
609 539 727 595 sunt,
761 551 814 588 ut
837 537 1151 604 repraesentent
1173 536 1399 594 familias·,
1433 537 1557 604 apud
1593 537 1830 587 hominem
1862 553 2174 603 regeneratum
2197 541 2239 589 se
2262 543 2324 590 ita
2344 542 2423 591 ha·

411 606 519 655 bent
541 607 660 655 bona
681 608 730 655 &
760 622 881 663 vera,
916 604 988 654 seu
1013 605 1089 654 illa
1125 621 1234 669 quae
1263 603 1364 652 sunt
1386 605 1612 653 charitatis
1646 607 1696 652 δε
1719 605 1827 654 inde
1866 605 1991 663 fidei,
2025 607 2154 672 quod
2192 607 2233 656 se
2257 621 2425 657 mutuo

410 671 611 736 Γρεέὶεηῑ
633 673 747 722 licut
770 671 1173 737 consanguinitates
1194 672 1244 720 δι
1269 673 1523 729 affinitateS,
1560 673 1620 719 ita
1645 672 1758 721 sicut
1775 669 1975 723 'familiae
1997 688 2055 722 ex
2074 689 2162 722 una
2183 673 2318 740 stirpe
2346 675 2423 724 seu

410 751 608 804 parente,
643 740 847 788 similiter
867 755 918 788 ac
942 739 983 787 se
1004 738 1167 787 habent
1192 739 1236 786 in
1265 737 1404 797 coelo,
1450 755 1510 786 n:
1538 738 1649 802 685.
1684 740 1768 803 qui
1804 738 1868 787 est
1900 739 2033 798 ordo,
2085 742 2166 804 qui
2211 740 2341 790 bonis
2371 742 2422 790 δε

410 807 531 854 veris
554 806 787 856 inducitur
809 823 835 854 a
855 807 1094 855 Domino:
1131 807 1178 853 in
1215 804 1358 870 specie
1397 805 1477 854 hic
1497 804 1791 870 significatur,
1827 806 1955 870 quod
1984 807 2139 856 omnia
2167 807 2218 855 &
2249 807 2431 871 singula

411 873 530 921 bona
555 866 852 939 speclentsua
875 888 995 931 vera,
1029 872 1143 920 ficut
1164 870 1384 936 conjugio
1407 869 1682 938 conjunCta3
1718 873 1769 921 δτ
1804 871 1918 922 sicut
1955 875 2003 922 in
2036 875 2283 922 communi
2319 875 2423 923 cha·

411 941 517 988 ritas
540 939 700 998 fidem,
737 941 800 989 ita
822 941 868 988 in
892 939 1019 988 omni
1043 938 1300 1003 particulari
1326 939 1502 989 bonum
1525 955 1720 995 verum;
1758 955 1865 988 nam
1890 956 2138 989 commune
2158 940 2240 991 nisi
2257 941 2424 990 existat

409 1022 438 1054 a
459 1006 735 1071 particulari,
770 1022 862 1056 non
886 1006 949 1054 est
971 1021 1253 1062 commune3
1290 1021 1316 1053 a
1332 1026 1334 1028 ’
1351 1005 1692 1069 particularibus
1720 1005 1854 1054 habet
1892 1023 2142 1055 commune
2181 1006 2306 1055 suam
2330 1009 2449 1056 exi-.

406 1072 637 1131 stendam,
688 1073 740 1121 δε
778 1089 836 1120 ex
892 1072 979 1120 illis
1015 1084 1207 1121 vocatur
1247 1088 1530 1129 commune;
1580 1072 1629 1120 in
1665 1073 1925 1137 unoquovis
1956 1073 2143 1122 homine
2182 1075 2243 1122 ita
2281 1074 2323 1122 se
2356 1090 2424 1123 res

411 1138 562 1196 habet,
603 1139 747 1204 qualis
776 1139 919 1186 homo
942 1140 989 1186 in
1013 1139 1254 1186 communi
1285 1139 1366 1198 est,
1401 1139 1500 1188 talis
1529 1138 1663 1186 estin
1685 1139 2037 1203 singularissimis
2059 1139 2149 1187 suae
2173 1140 2422 1189 affeffionis

412 1206 463 1253 δε
487 1204 578 1257 suae
601 1206 731 1262 ideae,
767 1221 823 1252 ex
861 1204 931 1252 his
971 1206 1282 1269 componitur,
1316 1218 1395 1253 aut
1415 1221 1473 1253 ex
1496 1205 1563 1253 his
1586 1205 1641 1253 fit
1666 1206 1764 1253 talis
1787 1208 1835 1253 in
1867 1207 2134 1255 communi:
2170 1223 2309 1271 quare
2340 1210 2424 1272 qui

411 1273 657 1338 regenerati
679 1271 796 1329 sunt,
832 1271 939 1318 tales
974 1271 1091 1318 fiunt
1111 1272 1158 1320 in
1182 1270 1551 1335 fingulariffimiS‚
1585 1271 1738 1335 quales
1762 1271 1863 1320 sunt
1887 1273 1934 1321 i'n
1958 1274 2211 1321 communi.

479 1343 592 1402 918.
682 1339 775 1386 uod
799 1338 917 1386 exire
947 1354 1007 1385 ex
1038 1354 1138 1386 arca
1160 1340 1295 1386 etiarn
1321 1337 1487 1387 statum
1518 1337 1730 1386 libertatis
1769 1338 1992 1396 involvat,
2028 1339 2201 1387 constat
2237 1356 2293 1387 ex
2332 1339 2421 1387 illis

410 1420 518 1470 quae
543 1421 657 1453 mox
699 1421 813 1470 upra
834 1404 892 1453 ad
915 1403 1043 1452 vers:
1075 1406 1147 1454 ι6.
1183 1405 1241 1452 de
1264 1405 1384 1453 exire
1407 1420 1466 1452 ex
1492 1420 1591 1453 arca
1611 1404 1803 1454 diistum.
1875 1405 2040 1470 Qualis
2062 1405 2242 1454 libertas
2265 1406 2419 1454 homi-

410 1472 480 1520 nis
511 1470 746 1536 spiritualis
768 1471 838 1528 sit,
874 1470 1072 1519 constare
1095 1470 1241 1536 potest
1259 1472 1380 1529 inde,
1415 1471 1543 1536 quod
1566 1471 1603 1518 is
1626 1487 1707 1535 per
1728 1470 2045 1520 conscientiam
2068 1487 2248 1537 regatur
2271 1489 2296 1520 a
2317 1473 2417 1520 Do·

411 1539 575 1595 mino;
610 1540 691 1602 qui
713 1554 794 1602 per
825 1538 1142 1586 conscientiam
1168 1539 1354 1601 regitur,
1390 1536 1464 1585 seu
1485 1538 1567 1601 qui
1587 1536 1839 1586 secundum
1865 1539 2182 1587 conscientiam
2214 1541 2324 1603 agit,
2364 1539 2418 1586 li-

412 1604 515 1659 bere
538 1605 633 1668 agit
652 1626 666 1660 ;
703 1604 816 1652 nihil
834 1606 980 1668 magis
1003 1617 1241 1668 repugnat,
1275 1620 1417 1668 quam
1440 1619 1571 1668 agere
1593 1616 1750 1652 contra
1765 1605 2081 1657 conscientiam
2104 1628 2118 1662 3
2155 1619 2286 1669 agere
2309 1622 2421 1654 con-

408 1681 481 1719 tra
502 1670 835 1727 conscientiam,
871 1672 910 1718 ei
934 1669 997 1717 est
1020 1668 1265 1727 infernum,
1302 1683 1347 1718 at
1379 1685 1510 1733 agere
1548 1668 1798 1718 secundum
1822 1670 2144 1720 conscientiam.
2166 1677 2207 1720 ei
2230 1671 2294 1721 est
2318 1688 2415 1720 coe·

411 1738 546 1793 lum3
579 1752 635 1784 ex
655 1753 750 1802 quo
772 1735 960 1800 quisque
988 1736 1144 1802 videre
1168 1735 1330 1801 potest,
1366 1737 1493 1800 quod
1530 1736 1618 1784 hoc
1642 1736 1836 1784 liberum
1871 1737 1938 1784 fit.
2007 1739 2239 1785 Dominus
2268 1739 2417 1786 homi-

409 1819 518 1852 nem
555 1802 828 1868 spiritualem
864 1803 982 1868 regit
1010 1819 1092 1868 per
1130 1803 1446 1851 conscientiam
1487 1802 1596 1852 boni
1628 1803 1679 1851 δε
1711 1804 1824 1860 veri,
1858 1819 1981 1867 quae,
2017 1815 2071 1851 ut
2093 1803 2288 1861 dietum,
2323 1804 2419 1852 sor·-

411 1882 534 1918 mata
561 1870 624 1918 est
649 1872 695 1918 in
716 1883 839 1934 parte
868 1868 963 1934 ejus
1004 1870 1307 1925 intelleehlali‚
1341 1871 1392 1919 &
1432 1870 1492 1918 fic
1531 1869 1727 1934 separata
1749 1887 1774 1918 a
1803 1870 2067 1918 voluntariis
2091 1870 2319 1926 hominis;
2365 1870 2419 1919 ὅτ

408 1938 518 2000 quia
538 1936 716 2000 prorsus
744 1936 937 2003 separata
974 1936 1038 1983 est
1067 1953 1092 1983 a
1125 1937 1389 1985 voluntariis
1413 1937 1627 1993 hominis,
1663 1936 1862 1985 constare
1880 1937 2026 2000 potest
2036 1935 2271 1984 manifeste
2288 1937 2416 1999 quod

411 2001 634 2066 nusquam
674 2004 816 2050 homo
835 2018 894 2049 ex
934 2001 975 2049 se
1014 2000 1145 2051 faciat
1166 2003 1352 2067 aliquod
1376 2004 1568 2061 bonum,
1618 2004 1668 2060 δε
1706 2005 1816 2066 quia
1839 2018 1976 2050 omne
2009 2019 2171 2050 verum
2211 2002 2318 2050 fidei
2358 2019 2416 2050 ex

413 2067 537 2116 bono
561 2069 669 2117 fidei
693 2069 772 2125 est,
809 2067 997 2125 constat,
1032 2068 1159 2132 quod
1183 2070 1404 2132 nusquam
1427 2070 1572 2118 homo
1603 2086 1628 2117 a
1651 2068 1691 2116 se
1713 2069 1885 2133 cogitet
1917 2068 2099 2131 aliquod
2124 2084 2306 2124 verum,
2342 2068 2418 2116 sed

411 2134 539 2201 quod
561 2153 587 2183 a
609 2135 816 2184 Domino
840 2134 947 2182 Solo
971 2134 1024 2182 sit
1044 2157 1058 2190 3
1094 2135 1222 2198 quod
1245 2136 1486 2183 videantur
1515 2153 1540 2184 a
1575 2135 1624 2184 se>
1639 2135 1754 2192 fieri,
1789 2134 1851 2181 est
1871 2133 2019 2181 solum
2043 2136 2331 2198 apparentia·,
2367 2136 2419 2182 ὅτ

411 2202 520 2265 quia
542 2203 602 2249 ita
623 2201 664 2249 se
686 2218 754 2249 res
776 2201 924 2258 habet,
960 2202 1101 2248 homo
1125 2218 1228 2248 vere
1253 2201 1491 2265 spiritualis
1514 2203 1649 2249 etiarn
1666 2201 1752 2248 hoc
1777 2199 1979 2263 agnoscit
2002 2202 2051 2248 δε
2077 2201 2233 2248 credit.
2302 2199 2416 2248 Inde

412 2280 554 2331 patet,
590 2268 718 2332 quod
751 2267 1035 2317 Conscientia
1063 2267 1239 2315 homini
1274 2267 1489 2331 spirituali
1529 2283 1554 2314 a
1591 2268 1801 2314 Domino
1834 2267 2012 2323 donata,
2048 2266 2102 2314 fit
2134 2267 2257 2331 quali
2298 2283 2420 2317 nova

413 2334 642 2391 voluntaS,
677 2336 727 2383 δε
757 2334 818 2381 fic
846 2334 976 2397 quod
1008 2334 1166 2391 homo,
1201 2335 1283 2397 qui
1319 2350 1344 2384 e
1373 2350 1499 2383 novo
1527 2346 1698 2381 creatus
1729 2333 1809 2390 est,
1845 2333 2066 2397 praeditus
2105 2333 2159 2381 fit
2182 2349 2305 2382 nova
2329 2350 2415 2382 vo-

414 2399 602 2458 luntate,
638 2401 688 2447 &
712 2400 818 2449 inde
851 2416 975 2447 novo
1001 2400 1242 2447 intellectu.

484 2484 594 2532 919.
631 2466 767 2514 Vers:
798 2467 873 2518 2'0.
910 2468 974 2514 Et
996 2466 1228 2525 aedz‘ficavit
1252 2465 1408 2515 Noach
1431 2466 1571 2515 altare
1592 2467 1792 2530 Jehwae,
1828 2466 1883 2515 δέ
1907 2468 2067 2529 accepit
2090 2467 2138 2514 de
2162 2466 2418 2526 omni‘bistia

414 2533 587 2590 munda,
623 2532 679 2582 &
701 2534 752 2581 de
780 2535 891 2580 omni
922 2549 1005 2579 ave
1034 2533 1204 2588 munda,
1241 2533 1296 2581 {9²
1327 2533 1477 2581 obtulit
1501 2533 1736 2592 holocausta
1764 2533 2078 2596 super'altari.
2146 2534 2419 2581 AEdificavit

413 2599 579 2647 Noach
616 2599 750 2647 altare
782 2599 994 2661 Jehovae,
1030 2599 1254 2660 fignificat
1287 2598 1702 2662 repraesentativum
1733 2600 1957 2647 Domini:
1994 2601 2168 2662 accepit
2199 2599 2255 2645 de
2287 2601 2415 2645 omni

412 2665 548 2713 bestia
571 2665 758 2722 munda,
796 2668 845 2712 δε
870 2665 928 2712 de
953 2666 1082 2713 omni
1111 2680 1192 2712 ave
1224 2666 1414 2723 munda,
1450 2665 1672 2729 fignificat
1711 2666 1829 2714 bona
1866 2666 2087 2713 charitatis
2119 2666 2170 2712 ὅτ
2193 2664 2328 2712 fidei:
2363 2665 2414 2712 δι’

413 2731 581 2782 obtulit
603 2732 859 2780 holocausta
882 2730 1013 2795 super
1036 2731 1176 2787 altari,
1213 2731 1433 2794 fignificat
1457 2748 1643 2780 omnem
1669 2733 1846 2779 cultum
1871 2731 1989 2778 inde.
2270 2757 2273 2759 >

483 2814 593 2860 920.
630 2800 683 2846 In
708 2799 793 2845 hoc
826 2797 955 2845 versu
979 2797 1242 2846 describitur
1264 2799 1416 2859 cultus
1439 2800 1664 2861 Antiquae
1686 2795 1902 2845 Ecclesia:
1937 2798 1985 2843 in
2025 2811 2203 2858 genere,
2238 2795 2289 2844 ὅτ
2313 2796 2414 2859 qui-

413 2862 523 2925 dem
546 2861 625 2926 per
647 2864 778 2913 altare
801 2865 851 2912 &
874 2864 1207 2921 holocaustum,
1241 2881 1348 2927 quae
1385 2863 1567 2912 suerunt
1599 2862 1860 2926 principalia
1891 2863 2041 2909 omnis
2072 2862 2223 2909 cultus
2251 2879 2417 2926 reprae·

415 2928 654 2977 sentativi:
686 2929 762 2977 sed
786 2930 858 2977 hic
883 2932 1088 2993 primum
1113 2930 1376 2986 dicendum,
1422 2930 1565 2992 qualis
1603 2927 1690 2975 fuit
1724 2929 1871 2975 cultus
1901 2929 2242 2991 Antiquiffimae
2258 2929 2418 2977 Eccle-

416 2994 523 3052 siae‚·
545 2995 595 3042 &
635 2995 741 3042 inde
778 2996 1018 3057 quomodo
1061 3007 1187 3043 ortus
1221 2995 1284 3042 est
1322 2995 1471 3042 cultus
1494 2994 1687 3041 Domini
1724 3009 1805 3057 per
1838 2993 2206 3056 repraesentativa.
2276 2997 2417 3045 Anti-

400 3059 641 3124 ‘quiffimae
663 3061 878 3108 Ecclefiae
900 3061 1075 3108 homini
1099 3077 1190 3109 non
1214 3058 1302 3108 fuit
1334 3060 1447 3107 alius
1470 3060 1618 3107 cultus
1640 3075 1779 3123 quam
1802 3060 2017 3118 internus,
2070 3061 2213 3124 qualis
2258 3061 2322 3109 est
2364 3062 2412 3110 in

413 3127 555 3184 coelo,
592 3143 697 3174 nam
721 3127 1087 3181 communicabat
1109 3127 1231 3190 apud
1254 3143 1328 3174 eos
1352 3127 1525 3174 coelum
1552 3142 1660 3172 curn
1694 3126 1895 3183 homine,
1929 3139 1983 3174 ut
2004 3143 2152 3174 unum
2185 3127 2376 3175 facerent
2395 3150 2411 3183 ;

415 3195 667 3242 communi.
685 3194 776 3241 atio
798 3193 872 3241 illa
893 3204 987 3241 erat
1007 3194 1260 3256 Perceptio„
1302 3192 1358 3240 de
1384 3209 1473 3256 qua
1504 3193 1628 3256 prius
1652 3191 1768 3257 saepe
1790 3192 1964 3240 dietum
1986 3215 2000 3250 ;
2037 3195 2098 3242 ita
2130 3194 2236 3257 quia
2251 3196 2413 3256 Ange·

414 3260 508 3319 lici,
545 3260 708 3314 interni
739 3259 949 3310 homines
985 3270 1128 3320 erant,
1160 3270 1357 3318 externa,
1391 3272 1498 3324 quae
1534 3271 1659 3311 erant
1688 3261 1889 3324 corporis
1926 3259 1977 3309 &
2009 3259 2192 3371 mund}
2223 3259 2414 3373 qugdem

2173 3338 2287 3373 entre
2320 3337 2412 3381 ant,
