2788 3736
785 234 1266 306 CAPUT
1378 237 1914 305 NONUM.
2280 245 2415 332 gQ

399 397 505 434 nem
529 381 724 438 cultum,
750 380 855 429 ideo
876 396 974 445 prae
995 379 1168 430 caeteris
1190 378 1293 429 sunt
1315 378 1364 438 ii,
1400 377 1482 443 qui
1503 379 1700 439 Canaan,
1735 377 1983 427 secundum
2027 376 2404 443 significationem

398 449 492 515 ejus
508 450 599 507 hie,
633 448 820 512 pofl'unt
842 447 969 495 dicis
2088 494 2098 497 ,

466 519 608 581 1098.
627 515 701 563 Ut
724 513 883 562 sciatur
899 514 1014 578 quid
1037 513 1221 571 Schem‚
1258 513 1309 560 &
1330 511 1447 576 quid
1485 510 1701 574 Japheth‚
1737 511 1826 559 hoc
1847 510 1928 569 est,
1964 512 2067 577 quis
2084 512 2229 562 homo
2250 516 2394 565 Inter·

395 597 469 633 nae
493 581 730 638 Ecclefiae,
766 583 816 628 &
852 582 955 644 quis
977 580 1122 629 horno
1150 580 1384 634 Externae‚
1421 578 1473 625 &
1510 576 1616 624 inde
1656 578 1771 640 quid
1795 579 1991 636 Canaan,
2027 595 2083 626 ex
2107 580 2173 627 his
2193 583 2402 633 constare

396 647 555 713 potest.
625 648 793 695 Homo
815 647 1010 695 Internae
1033 645 1249 694 Ecclefiae
1265 644 1475 692 Domino
1497 642 1658 690 tribuit
1672 659 1811 691 omne
1835 644 2010 691 bonum
2033 646 2162 707 quod
2188 645 2311 705 facit,
2345 651 2399 698 δε

397 730 559 763 verum
582 714 710 777 quod
733 715 936 777 cogitat;
972 713 1118 761 homo
1137 723 1291 760 autern
1323 711 1541 758 Externae
1565 709 1782 758 Ecclefiae
1818 710 1905 757 hoc
1938 712 2133 773 ignorat,
2170 714 2220 760 δι.-
2251 714 2394 779 usque

396 779 504 828 facit
528 780 718 828 bonum.
788 781 960 828 Homo
995 779 1192 826 Internae
1221 776 1437 825 Ecclefiae
1474 774 1744 824 efl'entialem
1781 772 1891 822 facit
1911 777 2091 823 cultum
2114 779 2308 827 Domini
2340 797 2398 829 ex

394 847 622 903 charitate,
660 849 710 893 &
745 845 936 909 quidem
968 845 1215 901 internum,
1255 843 1435 891 cultum
1456 853 1695 890 externum
1720 857 1813 888 non
1836 842 1898 888 ita
1919 842 2219 899 effentialem;
2254 845 2401 894 homo

389 912 616 969 ,Ecclefiae
637 912 851 960 Externae
890 910 1071 960 cultum
1102 922 1345 959 externum
1382 908 1652 956 effentialem
1698 905 1826 964 facit,
1859 907 1973 971 quid
2007 908 2207 956 internus
2247 911 2399 960 cultus

399 979 598 1042 ignorat,
634 977 808 1025 tametfi
825 977 947 1025 hunc
969 977 1133 1025 habet:
1167 990 1304 1039 quare
1326 975 1474 1023 homo
1496 975 1693 1022 Internae
1716 973 1930 1021 Ecclefiae
1948 973 2091 1022 credit
2113 988 2269 1023 contra
2285 993 2394 1024 con-

395 1044 628 1092 scientiam
645 1059 779 1107 agere
799 1043 832 1090 fi
855 1059 949 1090 non
971 1042 1029 1089 ab
1044 1043 1223 1088 interno
1254 1039 1374 1089 colat
1395 1041 1676 1097 Dominum,
1711 1039 1858 1087 homo
1893 1052 2047 1087 autem
2064 1041 2278 1089 Externae
2302 1045 2392 1091 Ec-

392 1110 540 1158 clefiae
563 1109 707 1157 credit
721 1109 763 1156 se
779 1118 936 1155 contra
951 1105 1272 1154 conscientiam
1313 1121 1462 1170 agere,
1499 1106 1531 1152 fi
1566 1123 1659 1154 non
1683 1117 1899 1154 externos
1924 1108 2035 1154 ritus
2073 1105 2216 1154 sancte
2248 1107 2398 1156 obser-

393 1188 488 1224 vat.
557 1173 858 1222 Conscientiae
879 1173 1079 1221 hominis
1102 1173 1299 1220 Internae
1322 1172 1543 1220 Ecclefiae
1564 1172 1695 1236 plura
1710 1172 1877 1230 insunt,
1910 1173 2016 1236 quia
2031 1172 2161 1235 plura
2183 1176 2315 1223 novit
2337 1176 2398 1223 de

392 1241 518 1289 sensu
533 1239 674 1288 Verbi
697 1241 875 1288 interno
900 1263 916 1297 3
953 1237 1254 1287 Conscientiae
1278 1250 1434 1286 autem
1458 1238 1657 1286 hominis
1679 1238 1895 1286 Externae
1916 1239 2149 1302 >Ecclefiae
2185 1243 2396 1303 pauciora

392 1306 560 1364 insunt,
593 1307 701 1370 quia
722 1322 867 1369 pauca
889 1307 1020 1353 novit
1053 1304 1110 1351 de
1135 1303 1258 1352 sensu
1280 1302 1424 1351 Verbi
1448 1302 1639 1352 interno.
1709 1304 1791 1351 Ille
1808 1304 1884 1352 seu
1907 1303 2050 1352 homo
2082 1304 2278 1360 Internae
2301 1308 2396 1356 Ec-

338 1399 344 1402 ⁴
390 1373 538 1420 clefiae
559 1372 624 1420 est
658 1374 739 1436 qui
771 1372 1020 1437 appellatur
1042 1370 1244 1426 Schem;
1280 1369 1354 1416 hic
1386 1383 1538 1417 autem
1579 1369 1652 1417 seu
1691 1369 1834 1417 homo
1859 1370 2074 1418 Externae
2098 1372 2312 1421 Ecclefiae
2328 1374 2395 1421 est

389 1440 473 1503 qui
534 1438 784 1503 appellatur
805 1438 1030 1502 Japheth:
1066 1449 1111 1485 at
1132 1437 1214 1501 qui
1237 1434 1384 1483 solum
1429 1437 1476 1483 in
1499 1437 1692 1484 externis
1724 1437 1857 1499 ponit
1896 1437 2096 1494 cultum,
2128 1438 2179 1485 &
2219 1440 2399 1488 nullam

392 1505 653 1553 charitatem
672 1504 819 1562 habet,
857 1503 1050 1568 proinde
1066 1503 1237 1551 nullam
1261 1500 1596 1558 conscientiam,
1631 1505 1667 1550 is
1684 1514 1875 1549 vocatur
1892 1503 2086 1552 Canaan.

467 1586 606 1637 1099.
641 1569 764 1618 Vers
772 1590 784 1620 :
824 1586 900 1634 27.
937 1570 1112 1620 Dilatet
1130 1572 1250 1618 Deus
1269 1569 1507 1634 Japhetum
1530 1591 1545 1625 3
1581 1569 1637 1618 ἐξ
1670 1569 1887 1617 habitabit
1902 1572 1948 1617 in
1980 1571 2173 1618 tentoriis
2196 1570 2396 1628 Schemi'3.

391 1637 447 1687 δέ’
481 1642 564 1686 erit
596 1638 774 1686 Cana-an
780 1638 937 1700 servus
958 1636 1036 1684 im.
1107 1636 1196 1684 Per
1218 1635 1468 1699 Japhetum
1501 1635 1796 1699 significatur,
1833 1647 1886 1682 ut
1917 1636 2058 1696 prius,
2093 1636 2293 1685 Ecclefia
2312 1655 2392 1685 ex—

391 1714 519 1752 terna
541 1702 890 1767 correspondens
910 1721 920 1749 :
957 1702 1114 1750 dilatet
1135 1702 1264 1748 Deus
1289 1700 1558 1764 Japhetum,
1576 1700 1798 1763 fignificat
1821 1701 2163 1750 illustrationem
2180 1700 2273 1765 ejus
2293 1722 2304 1752 :
2340 1706 2394 1752 ὅτ

393 1768 609 1817 habitabit
649 1770 698 1815 in
735 1769 939 1816 tentoriis
971 1768 1171 1824 Schemi,
1206 1766 1429 1830 fignificat
1450 1778 1504 1814 ut
1527 1768 1700 1814 interna
1722 1766 1870 1814 cultus
1892 1767 1978 1814 s1nt
2001 1768 2047 1813 in
2077 1770 2300 1817 externis:
2338 1772 2391 1816 δε

392 1835 482 1881 erit
504 1836 684 1882 Canaan
698 1833 850 1881 servus
868 1834 950 1890 illi,
985 1833 1222 1896 fignificat,
1259 1832 1332 1880 hic
1372 1844 1425 1880 ut
1446 1833 1588 1897 prius,
1623 1833 1705 1896 qui
1735 1831 1884 1880 splum
1906 1833 1957 1880 in
1990 1836 2185 1881 externis
2207 1847 2390 1899 ponunt

394 1900 576 1947 cultum
600 1900 727 1964 quod
749 1899 857 1947 vilia
879 1899 1051 1948 servitia
1075 1901 1240 1963 poffint
1263 1898 1485 1963 praestare.

466 1984 483 2013 1
500 1984 605 2015 100.
644 1966 791 2029 Qod
819 1981 902 2029 per
941 1966 1189 2030 Japhetum
1222 1965 1501 2029 srgnificetur
1535 1964 1737 2013 Ecclefia
1773 1966 1974 2014 Externa
2009 1966 2386 2030 correspondens,

390 2032 517 2095 prius
554 2031 749 2088 dietum,
783 2043 889 2079 tum
919 2031 1034 2096 quid
1076 2048 1163 2095 per
1180 2031 1435 2080 Ecclesiam
1465 2032 1718 2080 Externam
1742 2032 2036 2095 intelligatur,
2072 2049 2238 2096 nempe
2259 2034 2390 2097 quod

390 2099 539 2146 cultus
562 2109 790 2155 externus,
825 2099 887 2145 ita
909 2098 992 2154 illi,
1026 2100 1107 2162 qui
1130 2097 1334 2146 nesci-unt
1355 2098 1468 2162 quid
1491 2099 1691 2145 internus
1707 2098 1865 2155 homo,
1898 2099 1950 2146 δε
1974 2113 2080 2163 quae
2102 2098 2203 2147 sunt
2227 2101 2390 2147 interni

391 2163 607 2221 hominis,
642 2164 694 2211 ὅτ
711 2163 851 2228 usque
876 2166 1044 2212 vivunt
1071 2166 1118 2211 in
1149 2163 1358 2212 charitate
1378 2187 1392 2220 3
1429 2164 1549 2228 apud
1573 2164 1655 2212 hos
1668 2165 1899 2212 Dominus
1922 2181 2055 2228 aeque
2072 2165 2264 2228 praesens
2288 2166 2351 2212 est
2370 2188 2387 2222 3

396 2245 505 2277 nam
528 2231 759 2278 Dominus
797 2246 879 2293 per
900 2231 1160 2278 charitatem
1183 2242 1409 2294 operatur,
1453 2230 1712 2294 ubicunque
1736 2231 1922 2278 charitas
1943 2232 2039 2286 est·‚
2073 2231 2115 2279 se
2137 2231 2271 2279 habet
2298 2232 2386 2278 hoc

392 2295 506 2342 ficut
529 2312 638 2343 cum
662 2293 922 2353 infantibus,
958 2298 1040 2360 qui
1062 2297 1236 2344 tametsi
1260 2296 1461 2345 nesciunt
1484 2297 1596 2361 quid
1619 2298 1827 2354 charitas,
1858 2299 1907 2344 δε
1931 2299 2082 2344 minus
2104 2298 2250 2345 adhuc
2273 2298 2391 2360 quid

390 2360 519 2416 fides,
552 2361 696 2424 usquev
713 2375 864 2409 tamen
887 2361 1010 2426 apud
1032 2378 1111 2411 eos
1131 2364 1363 2411 Dominus
1400 2363 1549 2410 multo
1564 2363 1826 2427 praesentior
1840 2362 1920 2420 est,
1956 2379 2101 2427 quam.
2114 2363 2235 2428 apud
2257 2364 2393 2411 adul--

391 2437 479 2482 tos,
516 2427 785 2489 cumprimis
823 2428 1008 2490 quando
1043 2427 1231 2477 infantes
1255 2441 1419 2477 mutuo
1458 2431 1626 2476 vivunt
1663 2431 1714 2476 in
1740 2430 1990 2484 ‘charitate3
2028 2431 2091 2477 ita
2133 2430 2255 2493 apud
2278 2430 2392 2477 fim-

388 2491 546 2555 pliceS,
581 2491 747 2554 quibus
770 2491 835 2539 est
855 2493 1124 2551 innocentia,
1159 2495 1349 2542 charitas
1366 2497 1416 2543 δε
1441 2494 1771 2551 misericordia,
1808 2495 1919 2543 nihil
1943 2493 2071 2553 facit,¹
2102 2495 2228 2559 quod
2243 2495 2392 2544 homo⁴

392 2558 541 2604 multo
576 2557 680 2604 sciat
695 2557 728 2604 fi
762 2573 855 2604 non
877 2560 1005 2605 vivat
1036 2559 1283 2607 secundum
1306 2561 1380 2607 illa
1418 2577 1525 2624 quae
1549 2562 1647 2618 scit,
1679 2578 1790 2610 narn»
1819 2562 1926 2609 scire
1949 2578 2041 2608 non
2073 2562 2217 2610 alium.
2236 2562 2380 2608 finem

388 2623 537 2680 habet,
571 2639 715 2687 quam·
757 2635 809 2670 ut
831 2623 936 2670 inde
957 2623 1052 2680 fiat,
1088 2641 1252 2687 nempe
1275 2625 1453 2680 bonus;
1489 2643 1603 2674 cum.
1638 2625 1781 2674 factus
1803 2627 1866 2674 est
1899 2627 2060 2684 bonus,
2097 2627 2245 2674 multo
2277 2626 2388 2690 plus:

388 2688 536 2745 habet,
572 2704 713 2752 quam
731 2691 810 2752 qui
849 2690 1085 2737 innumera
1106 2689 1203 2746 scit,
1237 2691 1288 2737 δε
1311 2691 1457 2738 adhue
1490 2707 1582 2738 non
1621 2691 1766 2738 bonus
1805 2691 1892 2749 est,
1922 2709 2027 2739 nam
2053 2693 2178 2755 quod
2201 2693 2274 2740 hic
2297 2708 2387 2756 per·

391 2755 533 2803 multa
549 2754 656 2803 scire
679 2756 860 2818 quaerit,
896 2755 970 2802 ille
1003 2755 1167 2812 habet·,
1202 2755 1329 2803 aliter
1350 2772 1474 2813 vero,
1510 2758 1589 2820 qui
1614 2757 1757 2804 multa
1778 2773 1889 2804 vera
1922 2759 1973 2804 δε
2007 2758 2124 2804 bona
2145 2759 2291 2814 novit,
2327 2760 2378 2805 δε

389 2819 522 2866 fimul
562 2821 822 2868 charitatem
853 2821 902 2868 δε
927 2821 1249 2869 conscientiam
1276 2821 1425 2878 habet,
1464 2822 1513 2869 ’δε
1548 2822 1611 2869 est
1637 2824 1831 2870 Internae
1860 2822 2076 2870 Ecclefiae
2115 2823 2258 2871 homo
2303 2823 2385 2871 seu⁴

333 2897 335 2906 ³
390 2884 587 2934 Schem:
615 2889 697 2948 qui
717 2902 878 2951 pamm
898 2886 1061 2944 sciunt,
1093 2888 1144 2935 δε
1167 2887 1484 2935 conscientiam·
1499 2887 1677 2945 habent,
1714 2889 1745 2935 ii
1766 2888 1964 2936 inaltera
1978 2889 2073 2936 vita
2088 2889 2384 2946 illustrantur,

389 2947 528 3011 usque
560 2950 687 3008 adeo,
735 2964 788 2999 ut
818 2953 932 3002 fiant
963 2953 1127 3017 angeli,
1162 2970 1367 3017 quorum-
1390 2965 1498 3001 tunc
1522 2953 1802 3018 sapientia&
1835 2954 2138 3018 intelligentia.
2162 2955 2229 3003 est.
2247 2957 2385 3004 inex--

388 3013 652 3085 preffibilis3
688 3016 734 3062 hi
756 3033 836 3080 per
855 3018 1107 3081 Japhetum
1128 3019 1461 3083 significantur..

406 3085 416 3092 ““
464 3099 472 3125 1
494 3097 596 3128 101.
633 3081 803 3129 Dilatet
832 3084 959 3130 Deus
983 3086 1236 3148 Japhetum
1252 3087 1381 3150 quod
1408 3086 1633 3149 significet
1653 3085 1998 3134 illustrationem·
2023 3085 2152 3149 ej'us3
2189 3085 2382 3134 insensu

387 3143 545 3197 Eterafi
566 3144 768 3205 dilatate,
802 3147 1025 3214 fignificat
1045 3151 1319 3216 amplificare
1341 3155 1584 3211 terminos,
1611 3152 1690 3202 sed
1709 3155 1763 3202 in
1788 3152 1918 3202 sensu
1933 3155 2122 3204 interno
2134 3152 2343 3260 illustiafii·
2356 3173 2382 3205 κ,

2279 3233 2291 3262 l
2329 3230 2390 3261 ue·
