2788 3736
1259 304 1292 400 (
1348 300 1480 400 350
1525 297 1559 399 5

901 553 1918 676 GENESEOQ

765 748 2056 831 CAPUTDEciMUM

409 937 510 1004 De
564 917 835 1000 Eccle'fia
907 915 1432 1087 Αητῑςυίίῖἶῐῐιῗὲὀ
1455 941 1590 1022 qua}
1660 927 1964 1022 appellata
2028 916 2247 998 Homo
2311 920 2414 1001 seu

1434 1047 1554 1090 am.

422 1227 443 1267 1
461 1228 479 1265 1
497 1227 577 1279 14.
737 1206 890 1278 Ngeli
933 1204 991 1261 &
1015 1208 1246 1279 Spiritus,
1268 1198 1361 1280 seu
1390 1204 1593 1276 homines
1618 1195 1720 1278 post
1740 1210 1950 1274 mortem,
1989 1211 2152 1271 omnes,
2173 1212 2280 1281 quos
2304 1215 2413 1282 cog-

714 1294 719 1301 ’
759 1291 992 1335 noverunt
1014 1282 1069 1334 in
1093 1274 1276 1345 mundo,
1315 1275 1374 1333 &¹
1398 1280 1457 1333 de
1478 1279 1643 1353 quibus
1667 1278 1996 1351 audiverunt,
2017 1280 2294 1356 quoscunque
2332 1284 2414 1338 de-

468 1356 708 1429 fiderant,
737 1353 921 1427 poffimt
965 1353 1208 1426 offendere,
1247 1367 1317 1408 eos
1339 1364 1395 1407 ut
1428 1353 1684 1426 praesmtes
1725 1352 1907 1417 videre,
1945 1351 2004 1407 ἐξ
2027 1362 2134 1407 cum
2175 1357 2239 1409 iis
2274 1358 2417 1431 loqui,

483 1449 594 1485 ‚cum
618 1430 856 1483 Dominus
892 1428 951 1481 id
976 1428 1214 1492 concedit;
1251 1429 1310 1482 ξεῖ
1334 1427 1456 1500 quod
1474 1428 1668 1490 mirum,
1715 1438 1936 1482 momento
1959 1425 2145 1499 adsunt,
2184 1430 2243 1483 δέ’
2274 1443 2413 1502 prae.

474 1503 757 1576 sentgffime3
814 1502 891 1555 ita
917 1501 1053 1574 'loqui
1087 1502 1199 1555 licet
1237 1521 1326 1554 non
1346 1502 1501 1573 solum
1538 1520 1644 1554 cum
1681 1501 1865 1564 amicis,
1903 1502 1987 1572 qui
2021 1502 2334 1572 utplurimum
2359 1506 2420 1577 st

485 1577 759 1640 inveniunt,
782 1574 877 1647 std
896 1577 1041 1628 etiam
1079 1595 1184 1628 cum
1218 1576 1346 1639 aliis,
1404 1594 1510 1648 quos
1526 1574 1846 1646 ,astimarunt
1894 1576 1952 1627 &
1988 1576 2250 1643 coluerunt.
2328 1581 2415 1632 Ex

489 1652 695 1706 Divina
738 1650 944 1703 Domini
982 1649 1342 1721 Mstricordia‚
1380 1647 1624 1720 concefficm
1644 1648 1763 1719 fuit
1803 1647 1940 1711 mihi,
1977 1648 2100 1722 loqui
2139 1668 2228 1702 non
2259 1651 2415 1722 solum

486 1742 596 1779 cum
628 1723 740 1787 illis,
779 1742 886 1795 quos
923 1733 1046 1776 notos
1082 1722 1229 1776 habui
1252 1742 1356 1776 cum
1397 1722 1451 1775 in
1494 1733 1682 1794 corpore
1722 1721 1972 1786 vixerunt,
2007 1722 2088 1783 led
2125 1723 2271 1777 etiam
2309 1736 2415 1779 'cum
2466 1789 2468 1791 Ι

487 1799 589 1853 ,illis
632 1798 715 1870 qui
738 1798 790 1850 in
830 1796 980 1849 Verbo
1004 1808 1119 1868 prae
1159 1796 1272 1850 aliis
1300 1795 1607 1868 famigerati
1631 1795 1790 1868 fitntj,
1843 1796 1919 1849 ita
1956 1814 2126 1868 quoque
2162 1816 2268 1851 cum
2300 1799 2413 1865 illis,
2509 1801 2515 1808 '

493 1873 577 1945 qui
602 1871 816 1944 suerunt
850 1869 912 1924 ab
951 1870 1292 1944 Antiquifflma
1325 1870 1549 1942 Ecclefia,
1594 1889 1700 1942 quae
1720 1868 1838 1940 fuit
1880 1869 1983 1933 illa,
2021 1889 2127 1942 quae
2149 1872 2416 1943 appellatur

493 1948 644 1998 Homo
671 1946 763 2017 seu
806 1944 986 2009 Adam,
1045 1945 1191 1998 etiam
1234 1964 1340 1998 cum
1382 1943 1672 2018 quibusdam,
1730 1943 1814 2015 qui
1838 1944 2055 2014 fuerunt
2096 1944 2159 1997 ab
2201 1947 2416 2017 Ecclefiis

483 2019 584 2093 pest
624 2019 773 2083 illam,
831 2038 891 2071 ex
934 2018 1091 2090 causti,
1128 2030 1184 2071 ut
1191 2019 1373 2091 stirem
1396 2018 1518 2091 quod
1525 2030 1621 2090 per
1643 2018 1858 2070 Nomina
1882 2018 1936 2070 in
1966 2017 2147 2090 primis
2170 2020 2417 2089 Capitibus

496 2092 711 2163 Genestos
759 2092 884 2144 modo
924 2093 1141 2163 Ecclessae
1163 2092 1414 2146 intellebiae
1436 2093 1559 2165 stnt‚
1598 2102 1699 2144 tum
1733 2103 1788 2143 ut
1809 2091 1992 2162 fiirem
2028 2092 2184 2163 quales
2215 2091 2417 2146 homines

498 2167 818 2237 Ecclefiarum
842 2166 972 2218 illius
994 2167 1215 2237 temporis
1240 2166 1459 2238 fuerunt
1480 2187 1498 2219 .·
1537 2184 1643 2238 quae
1665 2165 1827 2236 itaque
1831 2164 1968 2236 stire
1989 2163 2234 2219 datumsde
2257 2168 2414 2220 Anti-

498 2240 714 2313 quiffi'mis
752 2239 984 2311 Ecclefiis,
1020 2239 1143 2312 sunt
1187 2240 1289 2293 haec
1330 2258 1435 2312 quae
1456 2238 1743 2312 sequuntur.
1976 2292 1978 2295 ,
2040 2262 2042 2264 ’

434 2327 456 2365 1
474 2327 492 2362 1
511 2333 530 2366 1
544 2331 590 2384 5.
630 2314 727 2383 Qi
751 2313 813 2366 ab
838 2314 1177 2384 Antiquiffima
1198 2313 1422 2383 Ecclefia,
1451 2325 1556 2384 quae
1580 2309 1731 2365 Homo
1737 2311 1829 2382 stu
1848 2310 2013 2364 Adam
2037 2312 2274 2384 appellata
2279 2313 2415 2385 fuit,

498 2389 557 2440 &
599 2386 787 2458 caelestes
824 2386 1023 2439 homines
1048 2386 1278 2457 fuerunt,
1298 2386 1422 2458 stent
1437 2385 1598 2458 supra
1641 2395 1784 2457 caput
1819 2385 2044 2456 altiffi'me,
2084 2387 2141 2439 ἐξ
2175 2386 2248 2440 ibi
2270 2389 2424 2459 stmul

427 2459 431 2462 ⁴
499 2460 739 2524 habitant,
777 2460 830 2513 in
849 2460 1042 2531 stimma
1061 2460 1343 2530 felicitate,
1381 2458 1600 2513 dicebant
1622 2458 1746 2532 quod
1778 2478 1895 2512 raro
1933 2459 2027 2511 alii
2061 2460 2131 2513 ad
2169 2479 2237 2513 eos
2274 2463 2413 2515 veni-

500 2546 604 2597 ant,
643 2534 733 2604 nisi
750 2534 992 2606 aliquoties
1013 2533 1204 2605 quidam
1227 2532 1436 2596 aliunde,
1473 2528 1691 2597 dieentes,
1729 2553 1788 2585 ex
1827 2533 2043 2604 universo
2060 2554 2078 2586 .·
2117 2535 2175 2596 &²
2199 2536 2321 2607 quod
2337 2536 2415 2596 ita

500 2608 597 2661 alte
601 2607 763 2679 supra
786 2618 946 2679 caput,
983 2623 1072 2660 non
1117 2607 1218 2680 effl’t
1241 2607 1357 2673 ideo,
1395 2607 1520 2680 quod
1553 2608 1673 2661 elato
1710 2607 1866 2660 animo
1868 2607 1992 2678 sint,
2013 2607 2111 2680 sed
2146 2618 2203 2659 ut
2232 2609 2414 2679 guber-

502 2694 615 2735 nent
637 2701 705 2733 eos
773 2682 826 2733 ui
872 2681 958 2734 ibi.

439 2771 459 2807 1
479 2771 496 2806 1
515 2774 533 2808 1
546 2756 593 2808 6.
633 2702 818 2827 Ostesssa
843 2754 1182 2824 mihifuerunt
1205 2756 1506 2821 Habitacula
1523 2756 1746 2818 illorum,
1784 2754 1869 2825 qui
1891 2772 1925 2805 a
1938 2753 2213 2824 posteritate
2253 2743 2413 2810 altera

503 2830 563 2882 &³
605 2829 757 2882 tertia
779 2829 1127 2901 Antiquiffi'mae
1163 2829 1299 2900 hujus
1323 2830 1541 2901 Ecclesiae
1570 2829 1802 2899 fuerunt,
1839 2845 1946 2897 quae
1973 2827 2096 2897 sunt
2138 2829 2410 2900 magnifica,
2433 2877 2450 2887 ,

505 2902 693 2970 extensa
730 2903 783 2954 in
825 2905 1022 2955 multam
1064 2903 1413 2973 longitudinem,
1465 2903 1729 2970 variegata
1756 2899 1973 2969 pulchris
2011 2900 2249 2965 coloribus,
2283 2902 2413 2974 pur-

495 2970 664 3048 pureis
705 2976 762 3027 ἐξ
787 2976 1000 3028 caeruleis
1019 2997 1038 3027 .·
1067 2977 1189 3043 sunt
1231 2977 1354 3028 enim
1374 2974 1672 3027 Habitacula
1706 2972 1908 3042 Angelis
1949 2975 2412 3045 magnificentiffl'ma,

504 3058 560 3099 ut
583 3045 804 3117 nusquam
828 3047 1030 3117 describi
1042 3049 1221 3118 poffint,
1259 3067 1365 3119 quae
1388 3047 1617 3100 multoties
1658 3045 1784 3108 vidi,
1831 3064 1990 3099 coram
2037 3047 2180 3100 oculis
2226 3050 2414 3102 illorum

503 3131 606 3173 tam
625 3119 745 3171 'vive
788 3122 1088 3190 apparentia,
1149 3132 1205 3172 ut
1247 3121 1376 3172 nihil
1401 3119 1493 3171 ad'
1521 3119 1694 3172 vivum
1736 3121 2045 3190 apparentius
2084 3120 2201 3174 dari
2242 3134 2382 3194 queat
2396 3149 2415 3187 3

379 3195 381 3197 “
463 3256 466 3258 v
481 3193 582 3267 sta'
617 3192 738 3245 unde
777 3193 894 3245 tales
934 3194 1231 3264 apparentiae
1273 3193 1342 3246 ad
1378 3193 1566 3256 vivum,
1624 3213 1682 3246 ex
1724 3193 1928 3246 Divina
1961 3194 2168 3247 Domini
2208 3195 2413 3266 Mzstri-

500 3265 682 3342 cordia,
720 3266 1107 3341 insequentibus:
1146 3267 1334 3322 Vivant
1357 3267 1411 3321 in
1434 3285 1563 3321 aura
1586 3265 1720 3333 lucis,
1750 3278 1805 3322 ut
1828 3267 1904 3320 ita
1928 3266 2101 3333 dicam,
2122 3267 2412 3340 splendentis

2213 3359 2414 3413 marga-
