2788 3736
375 235 467 311 ω,
878 225 970 291 ο
1064 225 1126 290 E
1217 225 1303 290 N
1387 225 1449 289 E
1542 225 1590 291 S
1681 225 1729 291 I
1812 225 1879 293 S.

947 433 1106 507 co
1168 390 1681 485 N'T'ENT‘
1738 435 1805 486 A.

381 602 502 654 234.
703 579 971 635 Escribitur
1011 581 1160 634 status
1194 579 1424 633 Ecclefiae
1463 580 1672 651 sequens
1719 579 1980 651 usquead
2009 581 2291 648 diluvium3
2334 586 2386 636 &c

545 585 701 726 D
740 657 856 728 quia
882 654 1102 708 Ecclesia
1139 655 1186 707 se
1221 666 1341 706 tunc
1380 653 1573 725 prorsus
1617 653 1847 725 perdidit,
1904 656 2198 726 praedicitur,
2251 658 2391 729 quod

380 729 633 782 Dominus
658 742 891 782 venturus
917 731 967 782 in
994 729 1264 791 mundum,
1303 729 1355 780 δε
1381 727 1646 780 salvaturus
1685 728 1861 780 Genus
1887 729 2210 782 Humanum.

463 821 528 873 23
540 819 586 872 5.
625 804 760 873 Qia
785 803 909 855 nihil
933 803 1148 875 amplius
1189 802 1384 855 credere
1414 801 1695 863 voluerunt,
1732 802 1821 854 nifi
1847 802 1985 874 quod
2009 802 2222 856 senfibus
2246 821 2393 876 cape-

378 890 502 941 rent,
539 877 780 942 Sensuale,
821 878 957 950 quod
981 877 1051 930 est
1073 878 1294 950 Serpens,
1333 875 1423 928 fibi
1447 874 1721 938 maledixit,
1748 876 1800 928 δε
1825 875 2062 956 infernale
2085 875 2279 930 factum
2302 877 2392 942 est,
2479 900 2488 908 ·

379 952 515 1004 vers:
553 970 571 1004 1
622 992 632 1004 .

455 1034 517 1095 23
529 970 700 1078 6.4Ne
724 1027 890 1097 itaque
918 1036 1047 1078 totus
1072 1025 1232 1079 homo
1257 1026 1309 1078 in
1344 1023 1600 1077 infernum
1643 1034 1821 1087 rueret,
1861 1023 2086 1096 promisit
2120 1019 2392 1088 DominuS,

386 1100 523 1171 quod
549 1099 600 1152 in
627 1100 882 1165 mundum
907 1100 1109 1162 veniret,
1145 1099 1277 1152 vers:
1313 1116 1394 1169 15.

455 1191 518 1243 23
530 1191 578 1244 7.
617 1174 921 1226 Describitur
959 1174 1174 1245 amplius
1199 1173 1418 1226 Ecclesia
1460 1191 1548 1244 per
1573 1172 1855 1235 mulierem,
1892 1190 2005 1242 quae
2028 1171 2095 1224 ita
2119 1172 2304 1225 amavit
2346 1171 2395 1224 se

377 1248 459 1300 seu
485 1247 761 1320 proprium,
801 1259 856 1299 ut
896 1247 1111 1318 amplius
1137 1245 1261 1298 nihil
1287 1247 1388 1298 veri
1426 1264 1600 1318 capere
1639 1246 1811 1319 posset,
1849 1245 2042 1299 tametfi
2065 1247 2135 1299 eis
2159 1245 2395 1299 rationale

378 1321 571 1384 datum,
612 1322 750 1391 quod
775 1321 1128 1383 dominaretur,
1168 1321 1305 1372 vers:
1342 1320 1422 1372 16.

457 1394 580 1464 238.
608 1396 765 1448 Tum
791 1394 1070 1458 Rationale,
1108 1394 1255 1465 quale
1292 1392 1457 1457 fuerit,
1497 1394 1634 1466 quod
1679 1393 1986 1456 consenserit,
2024 1394 2077 1446 δε
2102 1393 2168 1446 fic
2193 1411 2397 1464 quoque

380 1467 467 1519 fibi
503 1467 827 1532 maledixerit,
867 1470 920 1521 δι
953 1468 1190 1520 infernale
1229 1467 1438 1531 factum,
1477 1480 1533 1520 ut
1570 1486 1674 1521 non
1716 1467 1931 1540 amplius
1975 1467 2100 1520 ratio
2143 1466 2392 1529 manserit,

382 1541 465 1592 sed
490 1542 812 1605 ratiocinatio,
850 1542 986 1595 vers:
1022 1558 1103 1612 17.

457 1633 580 1685 339.
620 1616 925 1668 Describitur
949 1616 1235 1670 maledictio
1267 1617 1320 1668 δε
1358 1615 1595 1678 vastati03
1635 1626 1691 1668 ut
1733 1616 1786 1668 δε
1829 1627 2003 1668 natura
2057 1632 2236 1669 eorum
2278 1613 2398 1667 feri-

381 1707 461 1751 na,
499 1689 637 1741 vers:
679 1708 697 1740 1
713 1689 761 1742 8.
981 1707 993 1715 ”

459 1779 582 1830 240.
622 1764 767 1815 Tum
791 1763 1022 1815 aversatio
1047 1763 1297 1824 omniurn,
1337 1781 1449 1833 quae
1490 1762 1606 1814 fidei
1650 1764 1703 1815 δε
1729 1762 1934 1815 amoris:
1992 1762 2045 1814 Sc
2080 1762 2146 1814 fic
2170 1762 2307 1833 quod
2334 1761 2396 1814 ab

380 1834 589 1891 homine
612 1834 729 1889 facti
754 1855 858 1890 non
881 1836 1130 1901 homines,
1168 1835 1303 1889 vers:
1340 1854 1421 1906 19.
1463 1888 1464 1893 ,
2064 1849 2066 1851 ’
2315 1863 2319 1865 2

385 2003 2402 2117 ἣέΰέἓίἒὲξξίἓέξὲἓὲἣὲἓὶίᾆέἓῧξὲἒὲἰέἓέἓίἓέἓξὲᾓῆἓῆἓίξὲᾗξὲξὲδξὲᾂέἓῆἓξὲἰέἔ

630 2183 1204 2250 SENSUS
1317 2181 2244 2289 INTERNUss

390 2346 479 2407 24'1
654 2348 957 2411 Ntiquiffimi,
993 2347 1074 2412 qui
1096 2347 1315 2406 coelestes,
1350 2347 1459 2396 tales
1482 2359 1622 2404 erant,
1658 2360 1711 2396 ut
1733 2346 1956 2411 quicquid
1978 2345 2168 2412 usquam
2190 2343 2400 2398 vidisseut

690 2415 736 2460 in
760 2414 939 2461 mundo
960 2415 1011 2462 δι
1035 2416 1082 2461 in
1105 2426 1235 2472 terra,
1267 2414 1456 2478 quidem
1479 2413 1713 2471 videbant,
1748 2413 1822 2461 sed
1845 2413 2106 2478 cogitabant
2127 2414 2184 2462 de
2207 2415 2401 2463 coelesti-

391 2479 476 2526 bus
501 2478 550 2526 δε
573 2478 754 2527 Divinis
779 2496 885 2543 quae
908 2480 1207 2544 significarent
1236 2480 1310 2528 vel
1346 2479 1724 2544 repraesentarent,
1759 2478 1879 2526 visus
1920 2495 2077 2527 eorum
2120 2493 2214 2529 erat
2251 2479 2400 2530 folum

390 2544 728 2593 instrumentale
753 2545 882 2609 quid,
919 2546 1024 2594 inde
1047 2546 1225 2610 loquela
1245 2562 1405 2595 eorum
1425 2546 1555 2594 talis:
1605 2545 1793 2610 quisque
1830 2561 1889 2592 ex
1924 2546 2109 2610 propria
2129 2547 2401 2612 experientia

395 2609 502 2658 scire
526 2610 686 2673 potest,
722 2612 854 2675 quale
889 2610 1054 2669 fuerit;
1090 2614 1172 2676 qui
1194 2613 1320 2661 enim
1357 2612 1416 2660 ad
1445 2611 1620 2662 sensum
1652 2627 1824 2661 vocum
1849 2611 2074 2675 loquentis
2113 2624 2278 2660 attente
2320 2613 2401 2659 ad-

401 2678 551 2732 vertit,
587 2678 624 2723 is
645 2693 781 2725 voces
805 2678 991 2741 quidem
1017 2678 1160 2735 audit,
1205 2678 1280 2727 sed
1302 2679 1427 2743 quast
1448 2695 1540 2726 non
1580 2678 1723 2735 audit,
1759 2677 1933 2725 sensum
1979 2677 2122 2725 modo
2160 2679 2312 2741 capit;
2347 2679 2401 2726 &

396 2744 479 2804 qui
502 2742 630 2789 altius
654 2745 840 2807 cogitat,
876 2759 932 2791 ne
959 2745 1159 2808 'quidem
1187 2745 1245 2793 ad
1267 2743 1444 2794 sensum
1466 2760 1639 2792 vocum
1662 2744 1868 2799 attendit,
1904 2741 1979 2790 sed
2002 2741 2060 2789 ad
2083 2743 2400 2792 universaliora

401 2807 558 2854 sensus.
627 2809 726 2857 Hae
748 2822 899 2857 autem
919 2811 1212 2874 posteritates,
1237 2811 1294 2859 de
1315 2811 1484 2874 quibus
1506 2826 1629 2857 nunc
1651 2811 1816 2872 agitur,
1851 2823 1944 2856 non
1967 2819 2091 2855 erant
2113 2808 2226 2857 sicut
2246 2810 2400 2857 Patres

365 2914 373 2921 .
400 2889 577 2930 eorum,
613 2890 721 2921 cum
760 2876 974 2924 videbant
1009 2877 1239 2927 mundana
1273 2878 1324 2925 δι
1363 2874 1593 2931 terrestria,
1628 2876 1734 2938 quia
1777 2890 1829 2921 ea
1857 2873 2081 2930 amabant,
2123 2875 2401 2925 inhaerebant

402 2951 570 2994 mente,
605 2940 654 2986 &
678 2941 734 2987 de
758 2942 809 2988 iis
833 2943 1106 3005 cogitabant,
1140 2943 1191 2994 &c
1214 2958 1272 2993 ex
1295 2943 1347 2988 iis
1369 2941 1425 2988 de
1448 2940 1705 2988 coelestibus
1729 2941 1777 2987 &
1801 2940 2015 2995 Divinis3
2051 2939 2110 2987 fic
2135 2941 2187 2988 iis
2210 2941 2400 2991 sensuale

400 3006 540 3067 caepit
562 3005 643 3052 esse
667 3007 926 3070 principale,
963 3025 1053 3055 non
1078 3021 1130 3055 ut
1165 3007 1366 3071 patribus
1402 3005 1981 3062 eorum‚instrumentale;
2030 3022 2228 3069 cumque
2265 3024 2400 3057 mun-

397 3070 571 3117 danum
594 3071 644 3118 δε
669 3072 866 3120 terrestre
888 3074 942 3121 fit
965 3074 1224 3138 principale,
1259 3084 1369 3120 tunc
1392 3088 1448 3120 ex
1470 3073 1866 3119 iis.ratiocinantur
1903 3071 1962 3119 de
1980 3071 2252 3130 coelesti-bus,
2287 3075 2338 3122 &
2358 3073 2401 3122 se

401 3149 657 3191 occaecant:
693 3137 882 3202 quisque
903 3139 1104 3204 ‘quoque
1126 3155 1183 3187 ex
1205 3140 1388 3203 propria
1408 3138 1677 3203 experientia
1710 3137 1818 3187 scire
1857 3137 2021 3202 potest,
2057 3139 2187 3202 quale
2210 3139 2279 3196 fit,
2315 3141 2397 3203 qui

2274 3221 2398 3254 enim
