2788 3736
821 229 1248 296 CAPUT
1342 205 1827 289 NoNuM.
2258 252 2407 312 321

389 365 516 429 quod
540 363 733 412 Domini
756 363 1020 426 Proprium,
1040 402 1043 406 ,
1060 361 1188 425 quod
1227 359 1372 407 solum
1398 357 1580 408 coeleste
1609 358 1659 406 &
1684 357 1887 405 sandium
1926 355 2005 413 est,
2042 355 2410 411 commisceretur

391 448 499 479 cum
536 431 723 495 proprio
761 429 975 485 hominis,
1016 429 1143 492 quod
1176 426 1483 491 prophanum,
1521 425 1884 490 repraesentatum
1920 441 2103 489 quoque
2128 423 2216 473 fuit
2238 442 2319 490 per
2341 429 2406 484 id,

389 497 518 560 quod
563 497 655 545 non
692 497 822 560 super
860 493 1131 542 fermentato
1170 492 1463 540 sacrificarent
1499 490 1573 538 seu
1620 493 1865 539 maeiarent
1889 494 2139 555 Sanguinem
2187 492 2404 550 sacrificii,

389 563 559 611 Exod:
586 580 754 611 xxm:
787 567 858 610 18.
895 563 1027 626 Cap:
1054 576 1237 608 xxxiv:
1267 576 1342 621 25.
1380 556 1699 605 fermentatum
1735 558 2015 622 significabat
2044 571 2317 624 corruptum
2356 562 2407 608 &

389 628 618 692 spurcum.
692 629 838 694 Qod
878 627 1056 691 sanguis
1101 627 1279 674 dicatur
1314 625 1463 672 anima
1505 626 1552 671 ὅτ,
1594 624 1818 687 significet
1842 624 2041 672 sanctum
2068 626 2313 684 charitatiS,
2346 628 2405 675 -&

389 696 516 758 quod
540 696 745 743 sanetum
769 695 934 743 am'oris
959 692 1326 757 repraesentatum
1354 693 1401 737 in
1424 689 1625 738 Ecclefia
1642 690 1832 751 Judaica
1870 707 1951 753 per
1972 691 2251 755 sanguinem,
2300 694 2406 741 inde

390 761 469 818 est,
505 764 612 826 quia
635 765 729 810 vita
751 762 954 824 corporis
977 758 1175 807 consistit
1198 761 1243 806 in
1270 757 1482 821 sanguine
1506 779 1520 812 3
1555 757 1606 804 ὅτ
1645 757 1754 820 quia
1794 757 1887 803 vita
1908 762 2109 821 corporis
2143 760 2339 808 consistit
2361 762 2409 807 in

391 827 624 892 sanguine,
661 829 729 876 est,
747 826 842 891 ejus
871 826 1034 873 ultima
1055 828 1218 882 anima,
1256 826 1316 871 ita
1346 837 1399 871 ut
1424 823 1600 886 sanguis
1623 822 1716 870 dici
1738 834 1873 886 queat
1904 825 2051 870 anima
2074 841 2303 889 corporea,
2333 826 2407 874 seu

391 894 438 940 in
468 910 563 958 quo
596 897 690 942 vita
710 909 924 957 corporea
947 891 1144 939 hominis
1166 914 1180 946 ;
1217 892 1265 938 &
1290 892 1396 954 quia
1420 891 1465 937 in
1490 888 1702 937 Ecclefiis
1726 887 2098 952 repraesentativis
2132 893 2303 940 interna
2329 909 2410 956 per

390 972 574 1008 externa
602 960 910 1024 repraesentata
932 955 1132 1015 fuerunt,
1172 957 1276 1004 ideo
1308 957 1460 1003 anima
1484 954 1557 1002 seu
1591 957 1687 1002 vita
1709 954 1902 1003 coelestis
1927 971 2009 1019 per
2032 955 2311 1020 sanguinem.

464 1045 601 1077 1002.
636 1029 748 1075 Non
773 1025 1028 1080 comedere,
1076 1023 1203 1087 quod
1240 1022 1464 1085 significet
1493 1039 1586 1069 non
1626 1021 1934 1078 commiscere,
1974 1023 2079 1069 inde
2109 1040 2231 1070 nunc
2258 1023 2401 1089 sequi-

387 1105 489 1141 tur:
535 1094 771 1141 comedere
795 1108 946 1145 carnes
969 1090 1234 1137 animalium
1266 1090 1311 1135 in
1345 1087 1388 1136 se
1412 1087 1678 1152 speEtatum,
1721 1088 1785 1136 est
1808 1089 2096 1152 prophanum
2123 1090 2254 1153 quid,
2290 1108 2397 1140 nam

387 1161 690 1224 antiquissimo
739 1171 945 1221 tempore
991 1155 1209 1219 nusquam
1266 1155 1564 1203 comederunt
1608 1153 1793 1217 alicujus
1840 1155 1992 1202 bestiae
2045 1168 2123 1204 aut
2161 1158 2255 1204 avis
2303 1174 2398 1205 car-

388 1242 511 1283 nem,
544 1225 616 1272 sed
641 1224 786 1272 solum
825 1224 1009 1280 semina,
1061 1223 1332 1286 cumprimis
1361 1237 1495 1285 panes
1518 1239 1575 1269 ex
1610 1223 1778 1278 tritico,
1817 1234 1918 1269 tum
1960 1220 2132 1270 fruetus
2171 1223 2404 1281 arborum,

389 1292 522 1348 olera,
556 1291 705 1348 laeter»,
743 1292 792 1338 δε
823 1307 930 1354 quae
953 1307 1009 1337 ex
1032 1289 1234 1346 laetibus,
1270 1297 1323 1335 ut
1345 1288 1531 1351 butyra;
1582 1289 1775 1335 maetare
1808 1288 2031 1346 animalia,
2076 1290 2126 1336 ὅτ
2166 1291 2405 1340 comedere

387 1374 536 1405 carnes
560 1374 737 1416 eorum,
774 1359 827 1404 iis
866 1355 987 1404 nefas
1010 1355 1113 1412 fuit,
1149 1357 1199 1403 ὅτ
1237 1354 1381 1402 simile
1421 1354 1637 1411 ferarum,
1674 1353 1821 1402 solum
1856 1370 1911 1402 ex
1950 1357 2003 1402 iis
2026 1355 2201 1404 servitia
2224 1360 2271 1404 δε
2298 1357 2402 1406 usus

387 1437 641 1488 captarunt,
676 1437 729 1471 ut
765 1439 949 1487 quoque
989 1421 1159 1470 constat
1196 1437 1253 1468 ex
1292 1419 1464 1469 Genes:
1499 1440 1544 1469 1:
1575 1437 1653 1486 29,
1683 1439 1758 1484 30.
1820 1420 1896 1469 sed
1932 1420 2124 1469 succeffu
2164 1427 2402 1486 temporis,

387 1507 496 1538 cum
536 1491 679 1538 homo
719 1492 888 1554 incepit
929 1490 1131 1537 similiter
1169 1487 1294 1537 ferox
1319 1489 1404 1536 effe
1446 1504 1496 1536 ac
1536 1485 1646 1544 fera,
1683 1490 1780 1535 imo
1803 1485 2011 1545 ferocior,
2047 1501 2156 1536 tunc
2197 1492 2405 1553 primum

384 1570 619 1621 caeperunt
665 1558 858 1604 maestare
904 1556 1115 1604 animalia
1149 1555 1199 1603 ὅτ
1223 1570 1374 1602 carnes
1415 1553 1575 1602 eorum
1616 1554 1881 1610 comedere·,
1918 1555 1968 1603 &
1992 1557 2098 1618 quia
2121 1555 2263 1603 homo
2286 1557 2401 1614 talis,

386 1625 522 1671 etiam
550 1625 811 1687 permiffum
836 1635 945 1679 erat,
980 1625 1030 1670 δε
1054 1622 1189 1669 hodie
1223 1637 1408 1685 quoque
1449 1622 1762 1684 permittitur;
1798 1622 1848 1668 ὅτ
1879 1633 2102 1684 quantum
2136 1623 2182 1669 id
2208 1622 2315 1671 facit
2346 1641 2404 1671 ex

385 1689 669 1746 conscientia,
710 1702 889 1736 tantum
930 1689 993 1736 est
1031 1689 1226 1744 licitum,
1269 1703 1375 1734 nam
1420 1687 1688 1734 conscientia
1718 1685 1813 1750 ejus
1843 1685 2067 1735 formatur
2093 1704 2152 1735 ex
2190 1690 2406 1738 omnibus

385 1755 475 1802 illis
495 1772 600 1819 quae
621 1772 725 1803 vera
747 1769 894 1818 putat,
931 1756 991 1801 ita
1013 1770 1119 1818 quae
1142 1754 1293 1808 licita3
1345 1769 1481 1816 quare
1519 1754 1654 1801 etiam
1691 1752 1826 1801 hodie
1854 1753 2072 1818 nusquam
2097 1754 2257 1818 aliquis
2289 1773 2399 1804 con·

389 1822 629 1868 demnatur
651 1837 709 1868 ex
733 1837 805 1878 eo,
844 1821 972 1884 quod
995 1836 1176 1868 carnem
1203 1820 1428 1867 comedat.
2266 1829 2271 1832 ⁴

459 1905 597 1950 1003.
635 1887 780 1951 Qod
817 1903 995 1934 carnem
1032 1888 1078 1934 in
1115 1887 1263 1933 anima
1298 1883 1410 1950 ejus,
1453 1884 1734 1949 sanguinem,
1793 1903 1884 1933 non
1931 1887 2186 1945 comedere,
2223 1888 2276 1935 fit
2307 1906 2399 1937 non

389 1953 619 2017 prophana
642 1953 796 2000 sanetis
821 1953 1134 2009 commiscere,
1181 1952 1288 2000 inde
1321 1969 1444 2000 nunc
1468 1951 1670 2008 constat;
1710 1953 1946 2016 prophana
1984 1953 2139 2001 sanetis
2181 1955 2402 2018 nusquam

389 2019 742 2066 commiscentur
765 2036 846 2082 per
869 2020 935 2076 id,
975 2019 1102 2082 quod
1126 2020 1227 2082 quis
1252 2018 1518 2082 sanguinem
1557 2035 1667 2066 cum
1692 2035 1822 2066 carne
1845 2020 2056 2067 comedat
2078 2042 2092 2075 ;
2138 2020 2189 2067 ut
2219 2037 2404 2086 quoque

384 2085 499 2133 clare
516 2085 649 2132 docet
667 2087 927 2134 Dominus:
969 2085 1088 2148 apud
1116 2084 1415 2142 Matthaeum‚
1455 2091 1489 2111 “
1523 2085 1636 2132 Non
1670 2086 1798 2148 quod
1837 2087 1971 2133 intrat
2002 2087 2048 2132 in
2089 2103 2156 2144 os,
2193 2088 2399 2136 immun·

386 2157 423 2179 “
458 2151 571 2199 dum
606 2151 756 2199 reddit
777 2152 1033 2208 hominem,
1071 2151 1146 2198 sed
1177 2151 1303 2215 quod
1337 2151 1568 2214 egreditur
1599 2168 1658 2199 ex
1681 2168 1773 2209 ore,
1815 2151 1903 2200 hoc
1928 2154 2225 2201 immundum
2251 2155 2403 2204 reddit
2434 2210 2437 2218 Ι

385 2224 420 2245 “
454 2218 724 2274 hominem;
759 2235 866 2282 quae
888 2220 1011 2266 enim
1034 2218 1329 2282 egrediuntur
1359 2234 1416 2265 ex
1439 2234 1532 2274 ore,
1567 2234 1623 2265 ex
1647 2219 1782 2266 corde
1813 2219 2159 2282 egrediuntur‚'’
2200 2237 2292 2268 xv:
2325 2240 2400 2279 11,

390 2300 464 2345 17,
506 2289 581 2340 18,
624 2295 698 2347 19,
739 2301 814 2333 20.
850 2284 924 2332 sed
966 2285 1012 2331 in
1036 2283 1234 2332 Ecclefia
1257 2284 1447 2346 Judaica
1469 2283 1557 2332 fuit
1581 2286 1794 2341 vetitum,
1842 2287 1964 2349 quia,
2002 2298 2053 2332 ut
2086 2287 2282 2344 dietum,
2319 2305 2403 2352 per

386 2349 509 2396 esum
533 2349 758 2413 sanguinis
782 2367 891 2398 cum
916 2367 1044 2398 carne
1068 2363 1179 2398 tunc
1202 2350 1512 2415 repraesentata
1534 2349 1621 2397 fuit
1644 2352 1939 2415 prophanatio
1963 2353 2008 2399 in
2033 2352 2155 2400 coelo
2176 2376 2189 2408 ;
2226 2356 2398 2412 omnia,

382 2432 490 2477 quae
518 2415 685 2463 fiebant
719 2418 765 2462 in
788 2417 986 2474 Ecclesia
1015 2417 1111 2474 ista,
1147 2417 1436 2465 vertebantur
1459 2420 1505 2464 in
1528 2418 1650 2464 coelo
1674 2419 1719 2464 in
1745 2417 2108 2482 repraesentativa
2132 2419 2394 2484 correspon-

383 2480 550 2538 dentia‚
602 2482 651 2528 δε
686 2482 876 2545 quidem
913 2483 1104 2545 Sanguis
1147 2484 1194 2529 in
1229 2485 1444 2531 Sanetum
1484 2483 1698 2540 coeleste·‚
1754 2485 1805 2532 &
1838 2501 1960 2542 caro,
2010 2498 2138 2532 extra
2172 2486 2398 2543 sacrificia,

383 2549 490 2611 quia
513 2547 790 2611 significabat
815 2548 1096 2611 cupiditates,
1133 2562 1185 2595 ut
1210 2549 1452 2606 ostensum,
1489 2551 1534 2596 in
1559 2551 1847 2616 prophanum
1869 2574 1883 2606 3
1921 2550 2100 2615 ipseque
2116 2551 2211 2599 esus
2236 2553 2395 2600 utrius-

382 2615 543 2676 quein
577 2615 955 2660 commixtionem
988 2613 1123 2660 saneti
1157 2617 1206 2661 δε
1244 2617 1490 2678 prophani3
1524 2617 1628 2663 ideo
1652 2614 1762 2664 tunc
1796 2630 1890 2663 tam
1925 2618 2070 2664 severe
2103 2619 2397 2667 interdieium

381 2680 497 2727 fuit:
535 2679 608 2727 sed
632 2680 734 2743 post
757 2680 1004 2728 adventum
1030 2680 1240 2741 Domini,
1277 2696 1386 2728 cum
1430 2684 1601 2728 externi
1644 2684 1755 2729 ritus
1791 2683 1947 2730 aboliti
1981 2683 2098 2740 sunt,
2135 2685 2184 2730 δε
2231 2685 2289 2732 fic
2330 2702 2399 2733 re-

383 2745 692 2810 praesentativa
729 2746 961 2803 ceffarunt,
998 2759 1108 2793 tunc
1139 2762 1230 2793 non
1255 2747 1358 2793 talia
1389 2748 1434 2793 in
1475 2747 1597 2794 coelo
1621 2748 1816 2811 amplius
1839 2749 2127 2802 vertebantur
2162 2752 2206 2796 in
2231 2767 2398 2816 reprae-

380 2814 596 2861 sentativa
617 2812 1039 2877 correspondentia·,
1090 2829 1196 2860 nam
1233 2829 1341 2859 cum
1385 2813 1526 2860 homo
1561 2815 1759 2861 internus
1800 2815 1871 2868 fit,
1925 2817 1975 2862 &
2009 2816 2066 2862 de
2105 2818 2287 2865 internis
2327 2820 2396 2866 in·
2470 2875 2472 2877 ,

383 2878 592 2935 structus,
628 2891 738 2927 tunc
762 2881 802 2926 ei
825 2891 1009 2929 externa
1032 2880 1158 2927 nihili
1195 2878 1311 2935 sunt,
1348 2881 1478 2927 novit
1518 2892 1627 2926 tunc
1652 2880 1766 2942 quid
1802 2881 2024 2938 sanfflum,
2063 2898 2227 2947 nempe
2267 2886 2395 2949 quod

385 2945 574 2992 charitas
606 2945 656 2991 &
695 2945 807 2992 fides
845 2946 966 3003 inde,
1008 2961 1063 2993 ex
1104 2946 1172 2994 his
1210 2959 1318 2992 tunc
1343 2958 1525 2993 externa
1547 2945 1641 3010 ejus
1666 2946 1937 3010 spectantur,
1974 2964 2139 3012 nempe
2170 2966 2393 3009 quantum

384 3009 607 3059 charitatis
629 3011 679 3056 &
704 3010 809 3058 fidei
834 3013 879 3058 in
896 3013 1158 3060 Dominum
1183 3014 1230 3059 in
1254 3014 1446 3059 externis
1471 3012 1533 3059 est
1554 3035 1567 3067 ·,
1602 3029 1740 3076 quare
1779 3014 1880 3079 post
1910 3014 2158 3062 adventum
2183 3017 2393 3074 Domini,

384 3093 477 3125 non
501 3073 799 3122 consideratur
834 3077 975 3126 homo
999 3080 1045 3124 in
1071 3079 1193 3132 coelo
1215 3078 1270 3126 ab
1294 3081 1490 3126 externis
1530 3079 1602 3126 sed
1637 3078 1692 3126 ab
1731 3081 1948 3136 internis3
1993 3084 2071 3145 qui
2103 3082 2159 3129 ab
2183 3086 2391 3140 externis,

382 3143 445 3191 est
486 3140 606 3196 inde,
641 3141 769 3203 quod
802 3138 848 3188 'ei
879 3143 1155 3207 fimplicitas‚
1193 3146 1248 3192 δι’
1277 3148 1324 3192 in
1359 3146 1644 3209 simplicitate
1685 3147 1938 3194 innocentia
1970 3149 2019 3194 δε
2050 3148 2250 3204 charitas,
2286 3165 2391 3212 quse

382 3213 427 3258 in
453 3207 660 3262 externiS‚
695 3206 767 3254 seu
791 3208 836 3255 in
860 3220 1045 3260 externo
1068 3208 1163 3275 ejus
1196 3210 1341 3270 cultu,
1377 3212 1560 3273 homine
1585 3211 1819 3272 nesciente,
1858 3230 1882 3261 a
1903 3215 2113 3262 Domino
2136 3213 2296 3260 insunt.
2341 3278 2366 3327 s

1376 3279 1423 3325 T
1458 3290 1477 3324 t
2083 3296 2218 3339 1004.
2245 3281 2338 3327 Ver
2376 3298 2386 3328 ε
