2788 3736
741 238 1220 307 CAPUT
1323 242 1935 306 PRIMUM.
2319 264 2395 307 21

381 400 439 437 ut
467 386 589 451 apud
611 385 921 443 Ezechielem,
960 390 994 414 “
1016 385 1195 449 Multip
1195 384 1341 434 licabo
1364 383 1494 447 super
1515 401 1598 432 vos
1622 385 1856 432 hominem
1880 384 1931 432 ὅτ
1955 380 2156 439 bestiam,
2192 382 2242 430 δε
2267 385 2392 432 mul-

383 459 440 482 “
452 453 722 518 tiplicabunt
754 453 806 501 &
833 402 1195 501 fruffificabuntp
1203 450 1263 528 se,
1302 451 1353 498 &
1398 450 1594 497 habitare
1632 449 1793 499 faciam
1831 467 1914 497 vos
1941 447 2075 514 juxta
2111 450 2392 516 antiquitates

383 525 419 548 “
453 519 635 576 vestm,
676 519 726 566 &
765 518 1038 567 benefaciam
1064 535 1162 583 prae
1184 517 1417 581 principiis
1434 515 1606 572 vestris,
1635 517 1686 564 δε
1721 510 2002 578 cognoscetis
2035 515 2162 579 quod
2186 517 2295 579 Ego
2318 513 2397 578 je.-

381 591 417 613 “
451 586 558 643 vah,
594 587 645 634 δε
668 584 896 633 ambulare
918 584 1081 633 faciam
1105 584 1236 646 super
1265 582 1411 638 vobis,
1449 583 1686 638 Hominem,
1712 582 1938 645 populum
1963 598 2119 629 meum
2144 581 2381 641 Israelem,’
2385 585 2398 605 ’

379 667 563 700 Χκκνιε
605 657 650 709 8,
678 670 725 716 9,
758 670 834 708 10,
866 651 1097 700 11.Per
1131 648 1372 695 hominem
1412 648 1486 694 hic
1521 647 1790 710 intelligitur
1828 647 1972 694 homo
2010 647 2262 710 spiritualis,
2311 651 2393 713 qui

379 721 517 766 etiarn
565 717 694 766 Israel
728 728 950 770 vocatur-3
986 730 1068 778 per
1086 714 1393 777 Antiquitates
1415 713 1615 760 Ecclesia
1638 714 1997 777 Antiquiffima·‚
2034 729 2114 776 per
2147 715 2396 780 Principia,

381 785 583 832 Ecclesia
605 784 813 845 Antiqua
827 780 931 845 post
953 780 1225 834 diluvium3
1260 779 1389 843 quod
1413 779 1751 843 multiplicatio
1776 796 1883 844 quae
1904 779 1968 826 est
1988 780 2109 835 Veri,
2146 783 2395 841 praecedat,

379 852 430 898 δι
465 849 769 904 fructificatio,
803 863 912 911 quae
944 846 1008 894 est
1032 847 1157 904 boni,
1199 846 1422 909 sequatur,
1459 845 1523 892 est
1551 848 1658 910 quia
1681 847 1739 894 de
1763 846 2085 909 regenerando,
2122 862 2215 892 non
2239 848 2296 894 de
2322 865 2391 895 re-

379 928 606 981 generato,
642 915 805 978 agitur.
876 915 1003 961 Cum
1042 913 1298 961 Intellectus
1322 913 1560 960 Voluntati
1597 913 1834 976 copulatus
1866 911 1946 968 est,
1982 911 2056 959 seu
2095 911 2208 959 fides
2231 917 2397 971 amori,

379 994 569 1030 vocatur
607 981 752 1029 homo
783 996 814 1027 a
830 981 1040 1028 Domino
1062 982 1208 1027 Terra
1243 980 1463 1036 maritata,
1500 995 1582 1042 per
1604 978 1798 1036 Eiaiam,
1854 984 1887 1006 ‘⁶
1921 979 2033 1026 Non
2067 978 2242 1026 dicetur
2263 992 2394 1028 terrae

381 1054 415 1075 “
451 1061 545 1096 tuae
569 1047 765 1111 amplius
784 1046 923 1103 vasta,
958 1045 1032 1093 sed
1055 1046 1137 1094 tibi
1167 1045 1406 1094 vocabitur
1430 1046 1765 1122 beneplacitum
1797 1061 1955 1092 meum
1979 1046 2026 1091 in
2056 1045 2145 1102 illa,
2180 1046 2232 1092 ὅτ
2261 1058 2395 1094 terrae·

383 1120 418 1142 ‘⁶
452 1127 546 1162 tuae
537 1115 812 1241 4maritata,
846 1115 954 1177 quia
990 1112 1296 1177 beneplacebit
1318 1112 1511 1174 Jehovae
1551 1114 1599 1160 in
1640 1125 1701 1170 te,
1738 1113 1788 1160 δε
1812 1126 1925 1160 terra
1959 1124 2036 1158 tua
2059 1111 2394 1187 maritabitur,’'

378 1196 512 1229 an:
626 1179 797 1227 fructus
821 1180 944 1236 inde,
969 1182 1050 1244 qui
1074 1179 1175 1226 sunt
1189 1178 1315 1237 Veri,
1341 1191 1564 1227 vocantur
1587 1179 1700 1235 filii;
1737 1180 1786 1227 &
1811 1177 2000 1235 frustm,
2025 1178 2106 1242 qui
2130 1177 2231 1225 sunt
2254 1180 2397 1238 Boni,

377 1247 503 1304 filiae,
539 1248 590 1294 δε
612 1247 700 1294 hoc
724 1262 864 1310 quam
888 1245 1039 1311 saepe
1028 1263 1076 1293 m
1097 1246 1286 1295 Verbo:
1324 1246 1541 1310 impletur
1562 1258 1693 1302 terra,
1729 1261 1838 1293 cum
1872 1245 2018 1292 multa
2040 1261 2145 1293 vera
2167 1245 2218 1293 ὅτ
2241 1244 2390 1302 bona;

376 1315 587 1381 Domino
622 1315 746 1360 enim
779 1313 1069 1361 benedicente
1103 1313 1153 1360 &
1184 1313 1378 1370 dicente,
1413 1313 1502 1360 hoc
1541 1312 1620 1370 est,
1657 1318 1884 1376 operante,
1937 1310 2094 1360 crescit
2130 1311 2304 1359 bonum
2340 1313 2392 1360 δε

378 1396 539 1428 verum
563 1381 623 1427 in
647 1379 942 1436 immensum,
977 1379 1091 1427 ficut
1112 1381 1345 1427 Dominus
1369 1379 1500 1436 dicit,
1560 1385 1594 1406 “
1628 1379 1785 1427 Simile
1815 1377 1880 1425 est
1903 1379 2124 1442 Regnum
2148 1378 2394 1427 Coelorum

401 1461 593 1511 *grano
623 1446 801 1510 smapis,
837 1446 967 1510 quod
989 1447 1214 1511 accipiens
1251 1446 1395 1493 homo
1439 1446 1717 1494 seminavit
1706 1463 1753 1492 in
1793 1461 1904 1509 agro
1931 1443 2034 1518 suo,
2078 1444 2204 1509 quod
2241 1447 2393 1493 minus

381 1518 415 1540 “
448 1513 638 1577 quidem
671 1512 735 1560 est
756 1515 971 1561 omnium
1002 1512 1244 1570 seminum,
1281 1528 1390 1560 cum
1427 1526 1582 1560 autem
1607 1514 1816 1570 creverit,
1855 1509 1999 1576 majus
2022 1511 2237 1559 omnibus
2262 1511 2393 1559 oleri-

379 1585 413 1606 “
448 1579 532 1627 bus
555 1579 635 1637 est,
673 1580 723 1627 ὅτ
747 1579 802 1626 fit
824 1579 971 1637 arbor,
1007 1581 1069 1626 ita
1091 1593 1143 1627 ut
1165 1581 1349 1628 veniant
1372 1595 1476 1628 aves
1498 1579 1624 1636 coeli,
1660 1580 1710 1627 ὅτ
1735 1579 2031 1626 nidulentur
2021 1595 2067 1625 in
2090 1580 2224 1626 ramis
2248 1577 2394 1642 ejus,’'

376 1646 562 1694 Matth:
589 1662 722 1694 xin:
751 1665 831 1710 31,
858 1664 933 1710 32·
971 1647 1180 1694 Granum
1204 1645 1365 1709 sinapis
1382 1645 1445 1693 est
1461 1645 1637 1694 bonum
1655 1646 1853 1693 hominis
1877 1658 2117 1709 antequam
2140 1643 2395 1709 spiritualis,

375 1713 501 1777 quod
521 1714 770 1761 minimum
792 1713 857 1760 est
879 1714 1093 1770 omnium
1116 1712 1359 1789 seminum,
1384 1714 1490 1789 quia
1502 1726 1670 1776 putata
1686 1712 1824 1760 semet
1837 1711 2012 1760 bonum
2029 1710 2197 1767 facere;
2222 1711 2352 1776 quod
2369 1729 2397 1759 a

378 1778 533 1836 semet,
574 1779 638 1826 est
661 1779 772 1826 nilul
799 1778 882 1826 nisi
907 1778 1113 1834 malum;
1150 1778 1224 1825 sed
1247 1782 1356 1841 quia
1393 1781 1440 1826 in
1467 1779 1581 1826 statu
1620 1779 1969 1854 regenerationis
2005 1777 2085 1834 est,
2121 1777 2184 1824 est
2222 1777 2396 1842 aliquid

379 1845 504 1902 boni,
541 1844 613 1892 sed
639 1845 889 1891 minimum
925 1846 1172 1899 omnium3
1208 1844 1394 1892 tandem
1430 1845 1543 1892 ficut
1566 1845 1680 1892 fides
1705 1842 1999 1908 conjungitur
2022 1845 2182 1901 amori,
2219 1845 2273 1891 fit
2296 1861 2394 1892 ma.-
2449 1856 2461 1869 ·

371 1909 467 1974 jus,
499 1911 551 1958 &
574 1910 707 1965 olus;
743 1910 933 1956 demum
972 1925 1082 1956 cum
1114 1907 1355 1972 conjuncta
1386 1910 1466 1966 est,
1502 1911 1557 1957 fit
1586 1911 1734 1966 arbor,
1771 1912 1821 1957 ὅτ
1862 1923 1971 1958 tunc
2004 1926 2109 1957 aves
2145 1909 2394 1967 coelorum,

376 1991 483 2040 quae
515 1976 589 2023 hic
619 1977 757 2023 etiam
781 1973 884 2023 sunt
905 1975 1026 2022 Vera
1060 1973 1134 2022 seu
1167 1975 1494 2033 intellectualia,
1531 1977 1578 2022 in
1601 1977 1736 2023 ramis
1759 1974 1873 2037 ejus,
1907 1977 1987 2039 qui
2011 1975 2111 2022 lunt
2136 1974 2393 2033 scientifica,

378 2042 651 2090 nidulantur.
722 2041 927 2107 Quando
950 2041 1094 2089 homo
1133 2040 1370 2105 spiritualis
1398 2041 1478 2099 est',
1513 2041 1628 2090 ficut
1652 2042 1767 2090 dum
1791 2042 1845 2090 fit
1875 2041 2126 2106 spiritualis,
2163 2043 2210 2089 in
2238 2059 2395 2107 pugna

378 2106 459 2165 est,
493 2126 630 2173 quare
653 2109 838 2166 dicitur,
873 2105 1108 2173 subJugate
1138 2122 1323 2165 terram,
1358 2109 1408 2156 &
1432 2108 1750 2157 dominamini.

447 2176 522 2240 56.
557 2174 683 2223 Vers.
711 2193 771 2239 29
847 2177 911 2223 Et
947 2175 1061 2224 dixit
1086 2176 1219 2230 Deus,
1255 2192 1358 2233 ecce,
1386 2175 1453 2223 do
1491 2176 1614 2223 vobis
1653 2193 1810 2224 omnem
1845 2176 2017 2223 herbam
2034 2176 2392 2240 ‘seminificantem

366 2244 522 2306 semen,
557 2260 649 2307 quae
659 2244 792 2306 super
802 2240 1000 2304 faciebus
1019 2243 1153 2288 totius
1175 2246 1328 2298 te‘rrae3
1365 2241 1420 2291 69⁷
1445 2259 1598 2290 omnem
1622 2242 1829 2299 ar,borem
1865 2246 1910 2288 in
1932 2260 2013 2307 qua
2027 2243 2237 2304 frubius,
2263 2245 2392 2291 arbor

370 2309 603 2372 producens
615 2312 774 2372 semen,
809 2308 931 2356 vobis
952 2310 1036 2354 erit
1058 2310 1103 2355 in
1136 2309 1286 2356 cibum.
1358 2308 1567 2356 Coelestis
1591 2309 1750 2366 homo,
1776 2310 1907 2356 unice
1925 2309 2171 2356 delectatur
2194 2309 2395 2357 coelesti-

377 2375 480 2431 bus,
514 2391 622 2439 quae
643 2376 750 2439 quia
771 2375 1050 2422 conveniunt
1064 2376 1176 2422 vitae
1192 2373 1304 2439 ejus,
1335 2388 1558 2423 vocantur
1580 2376 1685 2424 Cibi
1711 2365 1942 2423 coelestes:
1981 2377 2097 2439 Spiri
2101 2376 2229 2423 tualis
2247 2377 2390 2425 homo

378 2441 623 2490 delectatur
662 2439 980 2506 spiritualibus,
1015 2457 1124 2505 quae
1149 2444 1255 2505 quia
1277 2443 1390 2493 vitae
1423 2440 1517 2507 ejus
1554 2444 1850 2519 conveniunt,
1885 2456 2109 2490 vocantur
2131 2443 2236 2490 Cibi
2261 2443 2393 2506 spiri·

378 2506 549 2555 tuales:
601 2507 835 2561 Naturalis
872 2507 1076 2555 fimiliter
1110 2507 1402 2566 naturalibus,
1453 2525 1560 2573 quae
1593 2510 1703 2574 quia
1732 2510 1843 2556 vitae
1882 2508 1977 2573 ejus
2016 2508 2133 2565 sunt,
2167 2524 2389 2559 vocantur

378 2573 501 2646 Cibi,
537 2573 587 2621 δε
624 2573 725 2622 sunt
761 2575 1030 2638 comprimis
1067 2573 1321 2623 scientifica.
1392 2576 1491 2623 Hic
1530 2578 1638 2640 quia
1667 2576 1723 2624 de
1760 2575 1974 2639 spirituali
2003 2576 2189 2623 homine
2220 2578 2387 2639 agitur,

378 2638 473 2705 ejus
497 2638 603 2687 Cibi
640 2639 902 2704 spirituales,
939 2655 1019 2703 per
1041 2639 1399 2704 repraesentativa
1436 2641 1775 2698 describuntur,
1810 2641 2054 2718 spirituales
2085 2659 2164 2705 per
2203 2642 2386 2690 herbam

379 2706 750 2755 seminificantem
783 2705 951 2763 semen,
986 2705 1036 2753 &
1065 2721 1147 2770 per
1169 2706 1375 2753 arborem
1412 2709 1459 2754 in
1491 2725 1581 2771 qua
1616 2707 1810 2765 fructuS,
1840 2711 1917 2781 qui
1955 2710 2000 2755 in
2034 2725 2197 2771 genere
2222 2725 2386 2756 vocane

377 2785 451 2820 tur
476 2773 630 2820 Arbor
667 2773 925 2838 producens
959 2771 1143 2828 semen·,
1178 2773 1417 2820 Naturales
1446 2772 1541 2837 ejus
1581 2774 1686 2822 Cibi
1727 2776 1778 2820 in
1803 2774 1934 2821 versu
1972 2774 2180 2839 sequente
2225 2769 2387 2823 descri-

380 2838 563 2886 buntur.

448 2921 525 2970 57.
563 2904 724 2954 Herba
740 2903 1040 2955 seminificans
1064 2904 1237 2962 semen,
1265 2905 1330 2954 est
1353 2923 1492 2954 omne
1521 2906 1710 2962 Verum,
1746 2907 1874 2970 quod
1899 2907 2064 2971 spectat
2085 2907 2252 2964 ufurn3
2290 2910 2385 2957 Ar.-

380 2970 465 3018 bor
497 2973 543 3019 in
569 2988 661 3035 qua
689 2970 862 3020 fructus
885 2971 949 3018 est
973 2973 1157 3020 Bonum
1189 2972 1328 3020 fidei·
1365 2971 1537 3020 fructus
1566 2972 1646 3028 est,
1682 2974 1810 3036 quod
1833 2975 2067 3021 Dominus
2090 2974 2167 3021 dat
2206 2975 2384 3023 homini

380 3036 567 3094 coelesti,
601 3037 676 3085 1ed
699 3039 863 3086 Semen
886 3053 942 3085 ex
965 3054 1064 3102 quo
1075 3036 1265 3115 fructu&
1300 3039 1429 3102 quod
1452 3039 1627 3087 homini
1659 3039 1908 3103 spirituali,
1937 3057 2074 3104 quare
2097 3041 2279 3098 dicitur,
2316 3059 2384 3088 ar-

380 3103 463 3150 bor
485 3102 739 3166 producens
760 3103 910 3152 semen
926 3104 1058 3152 vobis
1080 3099 1165 3153 erit
1186 3106 1232 3152 in
1256 3104 1427 3153 cibum.
1466 3106 1612 3182 Qod
1635 3107 1764 3154 cibus
1792 3105 1984 3154 coelestis
2006 3107 2179 3154 dicatur
2211 3106 2383 3154 fructus

378 3186 439 3220 ex
465 3169 642 3235 arbore·
670 3169 840 3217 constat
873 3186 930 3217 ex
956 3171 1116 3237 Capite
1147 3170 1383 3235 sequente,
1410 3171 1488 3219 ubi
1514 3173 1664 3236 agitur
1688 3173 1746 3220 de
1771 3172 1957 3220 Coelesti
1981 3173 2198 3227 homine3
2236 3173 2381 3219 solum

377 3236 450 3285 hic
474 3235 601 3301 quod
629 3236 860 3285 Dominus
883 3236 1099 3302 loquutus
1122 3253 1204 3304 per
1226 3238 1536 3334 Ezechielem,
1574 3245 1608 3266 “
1644 3239 1784 3302 Juxta
1816 3240 2011 3290 fluvium
2031 3239 2229 3288 ascendit
2252 3238 2381 3312 super

2248 3321 2411 3368 ripam
