2788 3736
407 254 538 317 608
964 243 1980 312 GE-NESJS„

488 385 542 430 18
551 396 626 443 34.
661 376 906 427 Descendit
949 375 1134 424 volatile
1190 375 1320 440 super
1364 391 1583 439 corpora,
1633 375 1763 439 quod
1807 376 2028 440 significet
2067 380 2182 428 mala
2222 381 2270 429 δε
2314 381 2418 429 inde

415 445 537 504 falsa,
572 462 679 509 quae
702 444 923 492 destruere
946 442 1131 499 vellent,
1169 442 1342 490 constat
1364 459 1390 489 a
1418 442 1960 505 fignificationeevolatilis
1992 445 2197 507 quodrfit
2220 446 2385 495 falsum
2406 471 2419 504 ·,

416 512 612 560 Volatile
657 513 704 558 in
743 509 899 557 Verbo
933 507 1166 573 'fignificat
1211 525 1390 564 verum,
1426 521 1479 555 ut
1519 507 1745 556 ostensum
1784 508 1930 573 supra,
1973 520 2076 557 tum
2128 511 2173 558 in
2213 514 2423 577 opposito

418 578 543 626 sensu
579 576 759 634 falsum,
800 589 853 624 ut
892 575 1033 623 solent
1062 573 1155 623 fere
1194 591 1354 622 omnes
1393 575 1742 638 significationes
1781 577 1944 622 talium
1986 577 2042 623 in·
2075 576 2251 634 Verbo,
2297 580 2424 642 quod

422 661 598 709 nempe
633 645 680 691 in
726 655 920 707 utroque
961 640 1118 698 sensu,
1170 643 1297 704 quod
1343 657 1527 704 quoque
1579 639 1758 698 falsum,
1808 641 2033 691 ostensum
2072 642 2135 689 est
2185 644 2337 706 prius,
2361 661 2421 693 n:

426 717 537 777 778.
586 711 693 760 866.
737 714 846 775 988.
909 708 1116 772 Quisque
1155 709 1308 754 videre
1348 707 1510 771 potest,
1565 708 1691 770 quod
1726 708 1813 756 hoc
1853 725 2009 756 arcana
2046 708 2285 772 significet,
2319 709 2429 773 alios

423 779 537 842 quin
575 793 669 824 non
707 787 965 824 memoratu
1013 775 1209 838 dignum
1251 773 1430 830 suisset,
1482 775 1719 838 quodnam
1758 791 1970 823 arcanum
2011 775 2250 839 fignificat,
2286 777 2426 824 etiam

427 844 621 907 dictum,
646 844 695 891 &
719 855 841 906 patet
865 859 890 889 a
914 841 1017 889 serie
1042 857 1192 888 rerum
1215 841 1262 887 in
1280 839 1400 888 sensu
1424 841 1617 898 internO,
1643 841 1769 904 quod
1795 858 1957 905 nempe
1981 842 2035 889 fit
2052 842 2110 889 de
2134 841 2249 890 statu
2266 842 2428 890 Eccle-

426 910 533 965 fiae·,
575 910 774 957 Ecclefia
810 923 918 956 cum
959 907 1249 954 exsuscitatur
1271 925 1296 954 a
1317 908 1544 963 DominO,
1571 908 1798 970 principio
1822 907 1969 956 insons
1993 907 2072 964 est,
2101 910 2150 956 ὅτ,
2175 921 2285 956 tunc
2310 925 2428 957 unus

429 989 552 1024 amat
590 976 800 1033 alterum,
835 987 888 1023 ut
928 973 1126 1030 fratrem,
1164 974 1277 1021 ficut
1316 985 1481 1020 notum
1519 973 1583 1020 est
1622 973 1678 1022 ab
1715 973 1911 1021 Ecclesia
1935 975 2175 1022 Primitiva
2217 975 2317 1039 post
2352 976 2429 1022 ad-

430 1055 625 1090 ventum
642 1042 864 1106 Domini3
889 1057 1047 1088 omnes
1070 1052 1182 1087 tunc
1207 1040 1290 1086 filii
1307 1039 1522 1087 Ecclefiae
1546 1041 1756 1087 vixerunt
1779 1042 1894 1088 inter
1917 1040 1958 1088 se
1975 1053 2034 1101 ⁸ut
2056 1039 2225 1098 fratres,
2249 1042 2300 1089 &
2316 1058 2432 1105 quoe

427 1126 518 1173 que
541 1107 771 1156 vocabant·
805 1105 845 1153 se
881 1105 1050 1162 fratres,
1087 1107 1216 1170 seque
1252 1119 1416 1153 mutuo
1456 1105 1680 1163 amabant,
1718 1105 1791 1152 sed
1832 1107 1933 1169 post
1977 1109 2171 1154 tractum
2213 1108 2431 1172 temporis

431 1176 621 1223 charitas
655 1174 881 1221 diminuta
916 1172 995 1227 est,
1053 1173 1102 1219 δε
1154 1173 1337 1218 evanuit
1357 1195 1370 1226 ·,
1407 1187 1496 1233 qua
1541 1171 1823 1218 evanescente
1865 1172 2158 1220 succefl'erunt
2197 1174 2353 1231 mala,
2374 1175 2429 1222 a&

429 1257 540 1289 curn
565 1239 693 1288 malis
716 1238 757 1286 se
779 1253 964 1302 quoque
980 1237 1257 1288 infinuarunt
1279 1235 1400 1292 falsa,
1426 1237 1531 1283 inde
1549 1235 1776 1283 schismata
1793 1238 1841 1284 ὅτ
1860 1238 2057 1295 haereses,
2085 1256 2189 1303 quae
2208 1239 2431 1303 nusquam

431 1305 596 1364 forent,
632 1305 665 1352 fi
702 1305 904 1352 Charitas
939 1315 1142 1367 regnaret
1165 1305 1213 1351 &
1238 1303 1443 1358 viveret;
1480 1314 1589 1350 tunc
1617 1319 1671 1350 ne
1709 1303 1896 1366 quidem
1939 1304 2123 1352 schisma
2159 1306 2435 1369 appellarent

434 1372 636 1429 schisma,
672 1387 754 1420 nec
778 1370 962 1419 haerefin
985 1370 1188 1426 haeresin,
1225 1370 1301 1427 sed
1324 1368 1568 1418 doftrinale
1593 1368 1842 1417 secundum
1867 1367 1961 1433 ejus
1985 1371 2265 1434 opinionem,
2299 1372 2427 1435 quod

433 1439 731 1504 relinquerent
754 1436 967 1501 cujusque
989 1435 1290 1492 conscientiae,
1333 1435 1475 1482 modo
1499 1452 1590 1482 non
1615 1449 1796 1498 negaret
1819 1438 2056 1500 principia,
2093 1437 2179 1495 hoc
2219 1437 2309 1499 est,
2334 1439 2436 1505 Dq-

437 1507 635 1563 minum,
652 1505 808 1551 Vitam
832 1516 1066 1560 aeternam,
1082 1502 1288 1550 Verbum
1303 1523 1318 1558 ς
1342 1504 1391 1549 &
1407 1501 1550 1549 modo
1564 1518 1654 1549 non
1673 1502 1776 1548 effet
1799 1515 1955 1550 contra
1971 1503 2178 1554 ordinem
2201 1504 2430 1561 divinum,

436 1573 522 1620 hoc
545 1571 625 1628 est,
650 1582 808 1618 contra
829 1582 1056 1634 praecepta
1078 1568 1296 1631 decalogi.
1367 1568 1494 1614 Mala
1517 1569 1566 1615 &
1591 1567 1695 1614 inde
1718 1565 1840 1625 falsa,
1879 1586 1985 1632 quae
2006 1569 2249 1622 succedunt
2273 1571 2322 1632 in·
2342 1570 2433 1617 Ec-

433 1638 578 1695 clesia,
614 1636 897 1685 evanescente
921 1636 1150 1691 charitate,
1187 1634 1287 1682 sunt
1310 1650 1416 1698 quae
1442 1634 1514 1681 hic
1540 1634 1854 1697 intelliguntur
1877 1651 1958 1698 per
1980 1635 2192 1692 Volatile,
2217 1635 2430 1699 quode-

437 1705 567 1752 bram
592 1704 759 1766 abegit,
796 1703 883 1751 hoc
922 1701 1002 1758 est,
1038 1701 1163 1764 quod
1203 1702 1451 1757 DominuS,
1504 1703 1586 1764 qui
1626 1700 1698 1748 hic
1745 1718 1825 1766 per
1866 1701 2040 1749 Abram
2083 1702 2436 1765 repraesentatur,

437 1769 735 1835 profugavit;
772 1769 948 1817 Abram
974 1766 1087 1815 nihil
1116 1767 1197 1815 nisi
1234 1783 1374 1831 quam
1396 1766 1577 1815 volatile
1602 1767 1768 1831 abegit,
1803 1768 1853 1815 &
1877 1767 1990 1815 nihil
2026 1767 2214 1831 usquam
2257 1768 2435 1816 mali&

439 1835 530 1884 falfi
547 1859 564 1892 -,
590 1852 671 1884 nec
693 1833 983 1900 cognoscitur
1005 1831 1239 1881 Abraham
1264 1835 1310 1881 in
1334 1834 1489 1891 Coelo,
1515 1849 1657 1897 quam
1679 1845 1733 1883 ut
1754 1829 1864 1882 alius
1889 1834 2046 1892 homo,
2071 1835 2151 1898 qui
2175 1834 2284 1882 nihil
2310 1850 2437 1899 pror-

440 1903 511 1952 sus
533 1901 652 1950 exse
677 1898 839 1966 potest,
875 1900 948 1948 sed
970 1900 1104 1948 Solus
1126 1901 1357 1948 Dominus
1379 1912 1481 1956 ,ut
1523 1916 1707 1964 quoque
1747 1917 1826 1965 per
1859 1901 2039 1949 Esaiam
2079 1902 2262 1960 dicitur,
2301 1907 2334 1928 “
2358 1902 2438 1948 Tu

441 1975 477 1999 “
516 1971 643 2017 Pater
665 1968 829 2025 noster,
866 1969 972 2031 quia
995 1966 1229 2014 Abraham
1254 1983 1346 2015 non
1369 1966 1603 2031 cognoscit
1627 1983 1730 2024 nos,
1765 1968 1815 2015 &
1839 1966 1967 2015 Israel
1992 1984 2084 2016 non
2107 1966 2307 2031 agnoscit
2329 1983 2436 2022 nos;

443 2041 478 2064 “
516 2037 593 2083 Tu
618 2035 829 2097 Jehovah
852 2035 985 2082 Pater
1025 2032 1203 2091 noster,¹
1224 2034 1511 2097 Redemptor
1556 2033 1718 2090 noster,
1768 2050 1793 2081 a
1837 2033 2002 2082 saeculo
2040 2050 2208 2082 nomen
2254 2034 2440 2091 tuum,'’

442 2118 603 2150 Lxm:
637 2102 706 2151 16.
1276 2127 1279 2129 v
2348 2142 2350 2145 .

517 2173 655 2232 1835.
693 2167 839 2233 Qod
876 2167 1028 2231 abegit
1060 2166 1135 2214 illa
1173 2167 1370 2224 Abram,
1410 2166 1634 2231 significet
1672 2167 1798 2230 quod
1838 2167 2069 2214 Dominus
2110 2166 2184 2212 illa
2222 2163 2438 2229 profuga—

445 2235 576 2292 verit,
613 2233 784 2282 constat
800 2250 856 2281 ex
873 2234 977 2290 illis,
1003 2250 1109 2298 quae
1135 2234 1254 2280 dieta
1276 2232 1408 2281 sunt:
1445 2233 1485 2280 se
1502 2233 1635 2280 habet
1650 2249 1833 2296 quoque
1857 2234 1919 2278 ita·
1940 2248 2048 2279 cum
2059 2231 2273 2288 Ecclesia,
2298 2248 2439 2295 quan-
2495 2268 2501 2271 f

446 2301 510 2348 do
534 2300 633 2348 haec
657 2301 861 2348 recedere
884 2301 1043 2363 incipit
1066 2316 1090 2346 a
1108 2300 1340 2355 charitate,
1376 2311 1486 2346 tunc
1511 2299 1626 2345 mala
1659 2300 1708 2346 ὅτ
1731 2298 1836 2346 inde
1868 2296 1970 2345 falsa
1992 2296 2167 2346 facilius
2191 2295 2443 2361 profugan-

433 2378 537 2423 ·tur,
575 2382 679 2414 nam
714 2365 852 2429 usque
875 2365 1022 2412 adhuc
1060 2366 1107 2411 in
1130 2366 1332 2428 quodam
1354 2364 1468 2411 statu
1492 2363 1572 2421 est,
1608 2380 1700 2412 non
1740 2366 1802 2411 ita
1840 2377 2018 2412 remoto
2058 2381 2083 2412 a
2121 2364 2348 2420 charitate,
2384 2365 2445 2411 ita

447 2431 728 2479 flexibiliores
760 2447 922 2491 eorum
945 2431 1118 2485 animi;
1154 2430 1346 2477 succeffu
1370 2433 1605 2494 temporis,
1642 2430 1758 2477 mala
1801 2431 1850 2478 δε
1889 2431 1994 2477 inde
2031 2428 2137 2478 falsa
2174 2427 2440 2487 increscunt,

446 2498 507 2545 fic
531 2498 928 2545 confirmantur&
949 2497 1309 2557 corroborantur,
1335 2495 1391 2543 de
1414 2496 1578 2559 quibus
1602 2498 1753 2561 agitur
1775 2497 1822 2544 in
1846 2495 2145 2560 sequentibus.
2213 2497 2442 2545 Dominus

449 2565 677 2621 continue,
713 2575 934 2627 quantum
961 2561 1161 2626 poffibile
1184 2562 1263 2619 est,
1299 2562 1416 2609 mala
1437 2563 1486 2610 &
1510 2561 1614 2610 falsa
1636 2560 1869 2628 profugat,
1904 2562 1978 2610 sed
2002 2563 2087 2610 hoc
2110 2580 2192 2627 per
2212 2561 2435 2621 conscien-
2476 2608 2479 2610 ,

449 2631 594 2688 tiam,
629 2646 735 2693 quae
759 2645 866 2677 cum
892 2629 1127 2685 relaxatur,
1165 2644 1256 2675 non
1279 2629 1412 2676 datur
1450 2629 1674 2685 medium,
1710 2645 1790 2692 per
1825 2628 1952 2693 quod
1992 2629 2147 2676 influat
2188 2629 2438 2689 Dominus,

453 2713 560 2744 nam
582 2697 778 2743 influxus
803 2696 994 2755 Domini
1017 2694 1139 2759 apud
1162 2695 1399 2742 hominem
1421 2694 1485 2741 est
1508 2711 1588 2758 per
1610 2695 1871 2743 charitatem
1895 2696 1943 2742 in
1959 2692 2055 2757 ejus
2092 2694 2403 2757 conscientiam
2426 2715 2440 2749 3

432 2786 443 2791 -
454 2761 527 2808 sed
544 2774 653 2810 tunc
678 2757 1074 2810 novumm'edium
1089 2760 1284 2808 succedit
1299 2761 1349 2808 &
1366 2759 1604 2818 formatur,
1619 2761 1746 2824 quod
1762 2759 1826 2808 est
1837 2773 2093 2818 externum,
2111 2776 2274 2823 nempe
2287 2775 2367 2822 per
2387 2761 2442 2806 ti—

456 2843 632 2874 morem
653 2829 780 2891 legis,
805 2829 1019 2875 timorem
1046 2828 1172 2884 vitae,
1203 2826 1402 2884 honoriS,
1427 2843 1588 2891 opum,
1614 2829 1662 2875 δε
1687 2826 1823 2875 famae
1845 2827 1977 2882 inde3
2003 2826 2076 2873 sed
2098 2826 2198 2873 haec
2227 2842 2320 2873 non
2344 2825 2444 2873 sunt

431 2904 436 2908 ’
455 2892 754 2950 conscientiae‚
780 2893 882 2941 sunt
906 2894 1048 2941 modo
1061 2893 1244 2941 vincula
1257 2905 1453 2950 externa,
1477 2910 1584 2956 quae
1601 2891 1788 2949 faciunt,
1814 2905 1864 2940 ut
1879 2893 2021 2939 homo
2045 2892 2090 2938 in
2108 2890 2312 2939 societate
2335 2907 2444 2940 cum

455 2959 552 3006 aliis
585 2960 739 3005 vivere
763 2955 910 3022 possit,
946 2961 995 3007 &
1020 2975 1228 3023 apparere
1262 2959 1371 3006 ficut
1395 2961 1580 3015 amicUS,
1618 2958 1937 3022 qualiscunque
1970 2957 2091 3004 intus
2114 2957 2212 3014 est;
2248 2956 2323 3005 sed
2357 2957 2444 3005 hoc

457 3025 682 3081 medium,
716 3035 793 3071 aut
830 3024 927 3070 haec
965 3025 1165 3081 vincula,
1206 3024 1316 3071 nihil
1354 3026 1601 3087 quicquam
1623 3022 1795 3070 faciunt
1827 3023 1876 3070 in
1897 3022 2160 3081 alteravita,
2195 3020 2376 3086 externa
2391 3021 2445 3072 ¹e-

456 3092 556 3137 nim
573 3090 635 3150 rbi
659 3089 964 3142 removentur,
989 3091 1037 3136 &
1061 3090 1205 3152 qualis
1222 3090 1285 3136 est
1301 3091 1428 3136 intus
1443 3090 1505 3135 ib'i
1530 3101 1704 3144 manet;
1730 3088 1959 3152 perplures
1981 3089 2096 3146 sunt,
2121 3090 2445 3154 quilmoralem

452 3160 508 3207 δε
530 3156 715 3203 civilem
734 3157 875 3216 vitam
899 3155 1126 3211 vixerunt,
1162 3156 1390 3202 neminem
1413 3154 1627 3211 laese'rant,
1662 3156 1879 3203 amicitias
1918 3157 1968 3203 ὅτ
2004 3155 2237 3203 civilitates
2275 3155 2449 3220 praesti⁴

458 3233 616 3280 terant,
651 3224 747 3281 imo
770 3221 943 3282 bonum
966 3220 1172 3285 pluribus
1196 3216 1405 3278 fecerant,
1440 3219 1518 3268 sed
1542 3219 1688 3286 solum
1723 3220 1789 3270 sui
1829 3220 1977 3285 causa,
2006 3237 2193 3287 proprer
2235 3221 2446 3334 qonores,

2269 3302 2446 3345 uerum,
