2788 3736
419 261 560 344 355
969 251 1062 316 gG
1143 250 1214 316 ΥΕ
1263 250 1393 314 ’,ὟΝ
1474 250 1551 315 Ε
1587 315 1589 318 Α
1629 250 1709 316 S}
1763 255 1817 324 ‘l
1875 255 1966 326 .-S.

419 389 661 441 ,illustratio
683 386 804 434 enim
822 384 1202 449 estamplificatio
1222 385 1347 450 quast
1371 385 1674 442 termifiomm
1693 383 1987 450 sapientiaee&
2009 392 2336 457 intelligentiae,
2367 410 2423 447 ,ut

429 457 552 519 apud
576 454 770 509 Esaiam,
798 457 831 479 ‘⁶
870 453 1030 500 Dilata
1063 452 1218 499 locum
1241 453 1415 499 tentorii
1438 452 1522 509 tui,
1557 453 1607 499 δε
1647 454 1839 502 cortinas
1862 452 2220 517 habitaculorum
2238 472 2423 510 tuorum

423 528 466 550 ⁴‘
499 519 789 575 extendant,''
826 534 938 567 mv:
989 535 1034 568 2.
1060 532 1168 582 ⁴pro
1204 518 1505 573 ,illustratione
1544 517 1944 583 inp-spiritualibus.
1991 523 2256 585 vDilatlatur>
2282 527 2424 576 homo
2503 525 2507 527 “

428 587 645 635 Ecclesiae
668 587 899 642 Externae‚
935 584 1298 637 cumjnstruitur
1322 587 1367 632 in
1391 585 1508 643 veris
1523 585 1593 642 ,δᾳ
1614 584 1872 645 ὸοῃὶενὶᾆάεὶ
1890 609 1912 644 3,
1927 587 1991 636 4δῑ
2011 588 2118 654 quia
2139 592 2187 638 in
2209 592 2421 654 charitate

427 652 508 710 est,
540 653 648 700 inde
667 653 812 714 magis
832 653 885 700 &
904 653 1050 715 magis
1072 652 1371 705 confirmatur,
1391 673 1406 707 3
1440 668 1627 716 quoque
1643 653 2053 716 magis-instruitur,
2088 671 2145 704 eo
2167 660 2326 722 ²magis
2352 660 2421 708 di-

419 717 622 768 -scutitur
635 718 775 766 nubes
799 719 935 781 partis
949 716 1043 781 ejus
1060 718 1382 775 intellectualis,
1422 719 1472 767 in
1500 735 1591 782 qua
1613 719 1880 775 charitas&
1897 719 2182 770 conscientia.
2300 771 2301 774 ,
2363 724 2366 729 ’

505 803 519 832 1
540 802 642 834 102.
678 783 925 833 Habitabit
950 785 997 831 in
1014 786 1214 850 tentoriis·
1238 784 1436 842 Schemi,
1472 785 1598 849 quod
1634 785 1856 850 significet
1878 798 1932 834 ut
1954 788 2127 845 interna
2161 787 2313 839 cultus
2337 791 2423 848 [int

424 851 476 899 in
496 852 708 908 externis,
743 849 939 899 constare
954 851 1099 913 potest
1126 851 1182 898 ab
1204 851 1418 899 omnibus
1441 851 1546 909 illis,
1581 867 1688 916 quae
1710 853 1834 916 prius
1859 853 1916 900 de
1938 853 2137 902 Schemo
2160 855 2281 904 dicta
2301 855 2420 915 sunt,

412 933 595 981 ..nempe
624 916 751 981 quod
773 917 991 964 Schemus
1023 917 1075 967 fit
1091 917 1289 968 Ecclefia
1308 918 1502 975 Interna,
1538 917 1610 972 seu
1632 917 1783 968 cultus
1806 920 2023 979 internus,
2057 921 2108 969 &
2131 921 2258 984 quod
2279 934 2424 981 exter-

415 999 516 1031 ›nus
543 983 693 1031 cultus
714 981 825 1030 nihil
852 982 1053 1043 aliudrfit
1074 997 1213 1046 quam
1238 984 1568 1035 inanimatuum
1591 984 1724 1048 quid,
1759 998 1838 1042 aut
1860 985 2090 1050 spurcum,
2125 987 2206 1034 nisi
2229 989 2428 1047 internus

416 1049 500 1105 -fit,
537 1050 616 1111 qui
637 1049 770 1096 illum
788 1049 988 1096 vivificat
1008 1050 1058 1096 δε
1082 1049 1350 1105 sanctificat:
1385 1050 1514 1113 quod
1526 1051 1745 1103 Tentoria
1757 1051 1991 1108 nonaliud
2014 1051 2268 1116 significent
2282 1070 2425 1118 quam

426 1114 631 1164 -sameum
654 1116 834 1171 amoris,
869 1116 918 1163 &
942 1115 1120 1163 cultum
1142 1115 1266 1172 inde,
1301 1115 1499 1181 constare
1530 1114 1676 1178 potest
1708 1128 1737 1160 a
1756 1116 2081 1179 significatione
2104 1122 2423 1179 tentoriorum,

425 1181 489 1228 *de
525 1198 614 1244 qua
649 1182 789 1243 prius,
825 1196 884 1226 n:
919 1197 1036 1240 414,
1069 1180 1259 1228 solennis
1303 1180 1502 1232 formula
1547 1179 1670 1243 apud
1711 1182 1946 1245 Antiquos
1980 1181 2085 1241 fuit,
2143 1189 2420 1250 peregrinari

412 1248 481 1294 .&
528 1246 732 1311 habitare⁸
764 1247 812 1292 in
857 1247 1059 1293 tentoriis
1076 1280 1092 1302 ,
1154 1245 1321 1308 quibus
1368 1245 1706 1309 significabatur
1750 1247 1798 1293 in
1851 1246 1974 1301 sensu
2038 1250 2216 1299 interno
2274 1253 2423 1300 cultus

424 1312 618 1370 sanetus,
655 1327 712 1358 ex
734 1309 877 1368 causa,
911 1312 1018 1375 quia
1036 1311 1351 1374 Antiquiffimi
1368 1326 1462 1359 non
1485 1309 1631 1362 solum
1655 1313 1925 1375 peregrinati
1948 1313 2051 1362 sunt
2072 1330 2181 1363 cum
2199 1320 2420 1376 tentoriis,

412 1378 504 1424 ,sed
543 1379 679 1425 etiam
705 1377 959 1424 habitabant
991 1378 1039 1424 in
1073 1378 1293 1433 tentoriis,
1328 1377 1378 1425 δε
1419 1376 1481 1423 ibi
1506 1376 1683 1424 cultum
1723 1375 1924 1433 sanctum
1963 1380 2270 1444 peragebant3
2317 1385 2422 1432 inde

411 1460 614 1507 :quoque
637 1444 908 1507 peregrinari
931 1443 981 1490 δε
1004 1441 1201 1491 habitare
1223 1443 1270 1491 in
1286 1441 1410 1494 sensu
1434 1443 1610 1495 interno
1619 1442 1900 1509 fignificabat
1922 1448 2073 1495 vivere
2097 1465 2109 1494 :
2146 1448 2274 1511 quod
2295 1451 2423 1498 Ten-

427 1512 544 1557 toria
569 1509 820 1572 fignificent
842 1508 1038 1557 sanetum
1052 1508 1248 1565 cultum,
1283 1520 1449 1571 praeter
1471 1508 1587 1564 loca.
1618 1524 1728 1572 quae
1749 1510 1874 1572 prius
1891 1527 1950 1557 n:
1986 1528 2100 1572 4¹4·
2116 1513 2262 1570 allata,
2286 1516 2422 1563 etiam

423 1575 528 1623 haec
553 1575 640 1621 fint
663 1574 994 1622 confirmationi
1014 1595 1028 1628 3
1063 1574 1186 1638 apud
1207 1574 1452 1631 Davidem,
1481 1579 1518 1601 ‘⁶
1547 1575 1676 1623 Deus
1699 1573 1893 1622 deseruit
1923 1575 2232 1627 habitaculum
2249 1580 2419 1638 Schilo,

428 1646 467 1669 “
501 1642 744 1688 Tentorium
766 1641 844 1687 ubi
865 1641 1089 1687 habitavit
1127 1641 1174 1687 in
1204 1639 1443 1695 homine‚'’
1468 1637 1647 1692 Psalm:
1685 1655 1911 1689 Lxxvm:
1949 1639 2027 1692 60.
2064 1642 2143 1691 ubi
2172 1647 2422 1694 tentorium

430 1707 575 1755 limile
598 1706 817 1769 fignificat
841 1721 891 1752 ac
915 1706 1160 1768 templum,
1195 1705 1360 1770 inquo
1381 1706 1508 1754 Deus
1532 1704 1725 1753 habitare
1756 1706 1924 1756 dicitur
1946 1723 2053 1756 curn
2085 1709 2277 1773 praesens
2300 1712 2422 1775 apud

430 1773 664 1820 hominem
684 1773 729 1819 in
753 1788 905 1819 amore
926 1794 941 1827 3
977 1772 1082 1820 inde
1102 1771 1262 1829 homo,
1296 1772 1375 1834 qui
1395 1771 1440 1818 in
1458 1769 1586 1819 cultu
1610 1770 1758 1833 saneto
1790 1773 1926 1830 vixit,
1961 1775 2155 1838 antiquis
2177 1777 2422 1840 appellatus

414 1840 696 1898 tentorium,
732 1850 778 1884 at
790 1864 801 1882 ι
815 1837 969 1900 postea
990 1837 1243 1901 templum,
1303 1837 1448 1901 Apud
1473 1835 1668 1894 Esaiam,
1705 1842 1741 1887 ‘5
1764 1838 1916 1887 Dilata
1937 1838 2094 1887 locum
2124 1841 2170 1890 <1⁹
2164 1844 2316 1890 entorii
2335 1844 2420 1900 tui,

426 1909 468 1932 ‘⁶
501 1905 551 1952 δε
568 1906 759 1952 cortinas
783 1903 1138 1951 habitaculorum
1160 1916 1348 1952 tuorum
1392 1902 1685 1962 extendant,’'
1720 1910 1808 1951 ων
1822 1923 1845 1953 2v
1872 1921 1917 1954 2.
1951 1921 2038 1969 pro
2075 1905 2423 1958 illustrationein

430 1969 517 2017 illis
540 1987 644 2032 quae
669 1969 770 2017 sunt
791 1970 886 2016 veri
916 1969 1078 2017 cultus.
1145 1969 1293 2034 Apud
1310 1970 1574 2031 Jeremiam,
1623 1975 1661 2025 .“
1683 1971 1923 2018 Devastata
1959 1971 2022 2018 est
2045 1983 2142 2020 tota
2161 1985 2275 2020 terra
2299 1996 2314 2029 3
2349 1974 2421 2022 su-'

425 2041 467 2063 “
502 2036 597 2083 bito
621 2034 841 2083 devastata
884 2034 985 2083 sunt
1006 2035 1207 2084 Tentoria
1246 2034 1363 2092 mea,
1398 2047 1636 2084 momento
1669 2036 1867 2084 cortinae.
1886 2039 2053 2093 meae,”
2090 2054 2170 2086 rv:
2227 2054 2305 2096 20,
2343 2041 2420 2088 ubi

431 2102 558 2164 quod
606 2118 698 2149 non
734 2103 924 2148 tentoria
953 2101 1274 2164 intelligantur,
1324 2100 1568 2155 manifeste
1590 2114 1728 2165 patet,
1763 2101 1839 2148 sed
1877 2102 2004 2164 quod
2041 2103 2190 2150 cultus
2231 2102 2418 2153 sanctus.

429 2167 581 2230 Apud
604 2167 874 2223 Sachariam‚
911 2171 945 2194 “
978 2168 1212 2216 Habitabit
1238 2167 1557 2230 Hierosolyma
1591 2167 1755 2222 adhuc>
1776 2166 1857 2213 sub
1892 2166 1933 2214 se
1977 2165 2022 2214 in
2064 2168 2418 2233 Hierosolyma:

432 2233 617 2280 salvabit
656 2232 861 2293 jehovah
884 2231 1083 2281 Tentoria
1119 2233 1499 2294 Jehudae,”,xn:
1539 2248 1582 2296 7.
1618 2232 1696 2278 ubi
1734 2233 1926 2279 tentoria
1947 2233 2142 2293 Jehudae
2167 2251 2251 2298 pro
2290 2237 2419 2284 cultu

429 2299 627 2346 Domini
650 2297 877 2346 exfsaneto
916 2302 1092 2347 amoris».
1162 2299 1240 2346 Ex
1276 2299 1344 2346 his
1384 2313 1504 2350 nunc
1527 2296 1723 2344 constare
1748 2298 1908 2361 potest,
1942 2299 2054 2360 quid
2079 2299 2133 2346 fit
2153 2300 2348 2348 habitare
2373 2305 2419 2350 in

436 2365 636 2411 tentoriis
653 2365 850 2420 Schemi,
886 2380 1048 2428 nempe
1071 2376 1123 2411 ut
1146 2365 1345 2410 internus
1361 2364 1508 2411 cultus
1525 2363 1580 2410 fit
1601 2364 1647 2409 in
1669 2377 1866 2419 externo.
1927 2365 2027 2411 ‚Sed
2050 2367 2156 2428 quia
2178 2367 2321 2414 homo
2343 2369 2421 2429 Ja-

431 2429 613 2493 phetus,
649 2429 723 2477 seu
751 2429 892 2476 homo
913 2430 1127 2479 Externa:
1151 2429 1364 2477 Ecclefiae
1405 2444 1496 2476 non
1520 2431 1649 2481 novit
1684 2431 1759 2485 ita,
1782 2430 1908 2493 ,quid
1938 2433 2109 2478 interna
2132 2431 2249 2488 sunt,
2286 2442 2421 2495 quare

411 2526 414 2530 -
434 2495 588 2558 paucis
612 2489 816 2550 dicetur3
852 2496 1035 2558 quando
1058 2496 1199 2543 homo
1222 2496 1343 2559 apud
1368 2494 1408 2548 se
1432 2494 1571 2542 sentit(
1599 2506 1675 2557 aut
1705 2497 1913 2560 percipit,
1948 2501 2075 2559 quod
2117 2499 2287 2561 cogitet
2311 2498 2421 2547 bene

436 2561 492 2607 de
508 2561 730 2618 Domino,
766 2561 816 2607 &
832 2562 958 2624 quod
976 2562 1152 2625 cogitet„
1170 2562 1280 2608 bene
1297 2562 1354 2608 de
1381 2562 1608 2623 proximo,
1627 2561 1755 2625 eique
1773 2562 1921 2609 officia
1942 2562 2147 2624 praestare
2169 2564 2295 2620 velit,
2331 2581 2422 2612 non
2477 2591 2479 2593 ·

430 2639 618 2691 propter
629 2627 809 2674 lucrum
835 2627 1036 2690 aliquod,
1071 2639 1148 2674 aut
1168 2640 1352 2690 propter
1368 2628 1586 2674 honorem
1611 2626 1676 2674 sui
1697 2650 1712 2684 3
1735 2627 1989 2690 &quando
2003 2627 2148 2684 sentit,
2184 2629 2311 2689 quod
2329 2632 2416 2676 mi-

431 2691 623 2739 sereatur
645 2691 739 2756 ejus
762 2695 840 2756 qui
863 2695 910 2744 in
932 2693 1177 2741 calamitate
1207 2694 1285 2749 est,
1308 2694 1357 2741 &
1382 2694 1528 2756 magis
1557 2694 1635 2755 qui
1656 2695 1705 2746 in
1725 2709 1869 2740 errore
1892 2693 1955 2740 est
1976 2693 2142 2755 -quoad
2165 2693 2418 2741 doctrinam
2449 2749 2453 2753 ,

432 2758 558 2815 fidei,
594 2771 704 2805 tunc
727 2758 833 2805 scire
857 2758 1017 2822 potest,
1054 2759 1180 2822 quod
1198 2759 1365 2807 habitet
1381 2761 1427 2806 in
1451 2759 1651 2807 tentoriis
1675 2759 1872 2815 Schemi,
1908 2757 1995 2804 hoc
2019 2757 2100 2813 est,
2133 2758 2257 2821 quod
2283 2761 2424 2817 inter-v

416 2838 492 2869 .na
525 2825 645 2886 apud
672 2824 710 2870 se
731 2824 903 2881 habeat,
921 2841 1001 2887 per
1017 2841 1122 2887 quae
1145 2827 1374 2873 Dominus
1397 2837 1620 2888 operatur.

507 2906 527 2935 ‚1
547 2907 598 2936 ιο
604 2906 644 2950 3.
682 2890 783 2936 Erit
806 2891 984 2937 Canaan
1007 2889 1156 2938 servus
1177 2891 1261 2946 illi,
1296 2891 1422 2953 quod
1437 2889 1673 2952 significet,
1708 2887 1787 2950 qui
1803 2887 1948 2935 solum
1972 2888 2018 2934 in
2027 2889 2222 2939 ,externis
2245 2906 2422 2954 ponunt

429 2952 612 3000 cultum
646 2956 771 3015 quod
793 2956 901 3002 vilia
938 2956 1084 3002 officia
1111 2956 1316 3019 praestare
1340 2957 1520 3017 poffint,
1554 2953 1724 3001 constat
1758 2969 1813 2999 ex
1840 2952 1924 2999 illis
1947 2970 2052 3016 quae
2077 2954 2194 3002 dicta
2225 2955 2326 3003 sunt
2349 2956 2420 3004 su-

436 3034 517 3081 pra
539 3018 594 3064 ad
625 3019 748 3066 vers:
772 3036 923 3081 praec:
952 3036 1029 3081 25,
1059 3023 1136 3077 26,
1171 3020 1229 3066 de
1251 3022 1471 3075 Canaane,
1506 3019 1632 3081 quod
1670 3018 1725 3064 fit
1761 3018 1934 3066 servus:
1972 3019 2293 3083 tales>quidem
2327 3023 2418 3070 non

438 3084 539 3131 sunt
569 3083 681 3130 servi
715 3085 760 3130 in
785 3084 982 3131 Ecclesia
996 3087 1193 3132 Domini
1224 3086 1270 3131 in
1286 3086 1428 3139 terriS‚
1462 3084 1611 3146 plures
1643 3085 1762 3131 enim
1795 3101 1952 3131 eorum
1980 3084 2106 3141 -sunt,
2150 3089 2228 3149 qui
2252 3089 2419 3150 primas

435 3149 689 3204 -tenent,.&
723 3150 802 3212 qui
835 3149 1014 3211 reliquis
1032 3194 1035 3197 .
1052 3150 1265 3211 praesunt,
1301 3150 1379 3213 qui
1417 3149 1527 3201 nihil
1543 3199 1548 3203 ,
1566 3164 1620 3196 ex
1643 3149 1851 3201 charitate
1873 3151 1923 3198 δε
1947 3151 2210 3199 conscientia
2231 3151 2417 3212 faciunt,

427 3216 485 3266 ...δε
509 3227 656 3263 tamen
681 3215 931 3263 admodum
970 3214 1117 3261 stri-cte
1152 3214 1384 3262 observant
1421 3227 1599 3262 externa
1629 3215 1857 3273 Ecclesiae,
1915 3219 2012 3264 imo
2043 3218 2177 3267 etiam
2207 3217 2420 3268 damnant

2324 3299 2416 3343 eos,
