2788 3736
873 130 912 177 ὲ,

640 252 1170 367 'CAPUT
1266 299 1937 371 OCTAVUM.
2293 325 2424 394 u7

393 576 2432 739 ffiffiffifflffiffiffiffiffiffiffiffifflffiffifflffiffi

1029 791 1515 854 CAPUT
1623 791 1802 853 VIII.

402 985 444 1019 1.
645 962 698 1015 T
741 958 1024 1013 recordatus
1050 956 1122 1010 est
1147 957 1304 1010 DEus
1330 955 1553 1019 Noachi,
1593 957 1647 1010 δε
1679 955 1846 1009 omnis
1872 955 2006 1020 ferae,
2050 958 2103 1009 δε
2136 959 2302 1012 omnis
2328 961 2424 1014 be·

668 1035 783 1097 stiae,
822 1046 935 1106 quae
960 1051 1083 1085 cum
1108 1031 1202 1085 illo*
1221 1032 1276 1084 in
1301 1050 1444 1096 arca3
1483 1032 1536 1085 δε
1562 1032 1761 1084 transire
1785 1031 1904 1085 fecit
1922 1033 2075 1085 Dnus
2097 1046 2306 1087 ventum
2330 1037 2414 1088 su-

391 1134 479 1191 per
504 1127 702 1174 terram,
741 1111 794 1162 ὅτ,
833 1108 1126 1161 desederunt
1152 1125 1310 1179 aquae.
1724 1103 1730 1110 '

468 1206 516 1242 2.
555 1187 622 1239 Et
642 1185 858 1239 obturati
883 1184 996 1237 sunt
1021 1183 1185 1237 fontes
1226 1181 1409 1254 abyffi,
1438 1183 1491 1235 &
1517 1184 1770 1235 cataractae.
1794 1182 1936 1247 coelir
1967 1183 2020 1236 δε
2060 1182 2302 1238 inhibitus
2343 1186 2416 1240 est

388 1264 549 1319 imber
569 1280 596 1313 e
619 1259 766 1314 coelo.

465 1357 514 1409 3.
552 1337 620 1390 Et
645 1334 940 1396 recesserunt
965 1352 1106 1406 aquae
1132 1333 1339 1405 desuper
1363 1344 1507 1398 terra,
1547 1332 1715 1385 eundo
1740 1334 1793 1386 ὅτ
1819 1332 2092 1398 redeundo,
2131 1335 2185 1388 ὅτ,
2210 1335 2412 1390 defece-

389 1427 506 1468 runt
549 1430 691 1483 aquae
730 1429 759 1463 a
793 1409 894 1463 fine
942 1409 1306 1482 quinquaginta
1341 1409 1393 1460 δε
1433 1421 1642 1462 centum
1687 1407 1902 1461 dierum.

458 1509 510 1558 4.
550 1489 618 1542 Et
658 1486 847 1559 quievit
871 1503 983 1538 arca
1007 1486 1061 1537 in
1081 1483 1250 1538 mense
1270 1483 1484 1558 septimo
1504 1511 1520 1549 ;
1573 1484 1626 1536 in
1646 1482 1859 1556 septimo
1878 1484 2081 1537 decimo
2104 1485 2185 1538 die
2211 1487 2413 1552 mensis,

385 1567 529 1639 super
549 1561 807 1617 montibus
833 1559 1066 1613 Ararath.

468 1657 516 1711 5.
555 1639 623 1692 Et
650 1655 791 1710 aquae
817 1648 954 1690 erant
981 1635 1149 1688 eundo
1186 1636 1239 1688 &
1264 1633 1545 1688 deficiendo
1571 1634 1727 1706 usque
1772 1634 1835 1686 ad
1879 1633 2108 1688 mensem
2133 1636 2422 1702 decimum,

385 1719 438 1771 in
462 1714 679 1777 decimo,
719 1714 770 1764 in
796 1712 963 1784 primo
988 1710 1188 1774 menfiS,
1226 1722 1561 1783 apparuerunt
1579 1709 1741 1781 capita
1761 1710 2034 1764 montium.

1312 1877 1470 1912 ἐξὲξ,

462 2025 520 2078 6,
550 2024 619 2076 Et
644 2020 837 2074 fastum
863 2038 893 2072 a
917 2019 1016 2073 fine
1043 2018 1608 2093 quadragintadi'erum,
1636 2017 1689 2071 &
1715 2018 1906 2092 aperuit
1925 2018 2114 2072 Noach
2138 2020 2419 2077 fenestram,

381 2119 522 2164 arcte,
561 2115 718 2170 quam
743 2095 877 2148 fecit.
2179 2124 2181 2126 ,

461 2193 513 2247 7.
552 2174 621 2226 Et
646 2171 807 2224 emifit
832 2189 1061 2234 corvum,
1101 2172 1153 2224 &
1190 2171 1343 2223 exivit
1384 2168 1617 2223 exeundo
1654 2172 1706 2224 &
1732 2170 2008 2235 redeund0,
2046 2170 2201 2243 usque
2227 2173 2291 2227 ad
2314 2191 2407 2228 ex·-

385 2250 704 2305 ficcationem
729 2256 975 2318 aquarum
1001 2245 1064 2299 de
1088 2246 1232 2319 super
1257 2259 1399 2299 terra.

459 2325 508 2378 8.
547 2325 616 2375 Et
639 2321 801 2374 emifit
831 2321 1129 2374 columbam
1167 2341 1196 2374 a
1221 2321 1408 2385 secum,
1447 2321 1511 2374 ad
1537 2320 1815 2375 videndum
1859 2317 1989 2375 man
2014 2321 2275 2376 diminutae
2310 2324 2406 2378 fint

382 2419 524 2474 aquae
549 2398 757 2469 desuper
782 2397 1003 2449 faciebus
1028 2396 1195 2450 humi.

462 2495 511 2546 9.
551 2474 619 2526 Et
658 2490 760 2524 non
796 2471 983 2524 invenit
1027 2468 1266 2525 columba
1292 2472 1516 2544 quietem
1542 2471 1667 2524 volae
1692 2472 1831 2545 pedis
1872 2471 1962 2536 sui,
2003 2473 2056 2525 δὲ
2099 2473 2286 2526 reversa
2333 2474 2405 2527 est

381 2550 634 2611 adinum,
673 2545 737 2598 ad
763 2564 955 2609 arcam„
986 2547 1105 2617 quia
1130 2565 1270 2618 aquae
1295 2548 1440 2620 super
1478 2547 1698 2600 faciebus
1742 2547 1894 2600 totius
1932 2559 2089 2612 terrae,
2147 2550 2202 2601 δε
2243 2549 2404 2602 emisit
2507 2589 2510 2590 γ

381 2643 597 2681 manum
621 2622 779 2683 suam,
818 2622 871 2674 &
896 2621 1086 2693 accepit
1113 2621 1273 2684 illam,
1311 2621 1587 2674 &induxit
1618 2622 1759 2674 illam
1804 2623 1865 2675 ad
1907 2622 1955 2674 se
1994 2623 2048 2674 in
2087 2641 2273 2676 arcam.

464 2719 545 2754 10.
584 2699 653 2751 Et
678 2695 978 2768 exspedtavit
1002 2694 1170 2749 adhuc
1195 2695 1385 2769 septem
1410 2695 1514 2747 dies
1539 2695 1678 2761 alios,
1717 2697 1771 2750 &
1805 2697 2026 2769 perrexit
2059 2698 2288 2750 emittere
2313 2716 2412 2752 co·

380 2776 613 2832 lumbam
654 2772 717 2825 de
755 2788 883 2824 arca.

464 2869 483 2904 1
502 2869 543 2904 1.
564 2861 567 2863 “
585 2850 653 2902 Et
678 2845 864 2900 reversa
887 2845 963 2899 est'
984 2844 1217 2898 adinum
1240 2844 1495 2908 columba,
1534 2845 1597 2898 ad
1617 2857 1818 2918 tempus
1844 2846 2069 2919 vesperae,
2093 2847 2145 2900 &
2171 2866 2287 2901 ecce
2312 2848 2408 2902 fo·-

381 2927 510 2981 lium
536 2923 677 2975 olivae
702 2921 999 2993 decerptum
1026 2922 1079 2974 in
1098 2940 1183 2974 ore
1228 2921 1391 2983 illius;
1431 2922 1485 2974 ὃς
1530 2923 1765 2993 cognovit
1806 2920 2019 2985 Noach*²
2066 2922 2216 2994 quod-
2245 2923 2400 2977 dimi„

381 3012 514 3056 nutae
539 3014 680 3070 aquae
703 2995 910 3068 desuper
935 3008 1076 3050 terra.
1840 3045 1845 3051 .

463 3091 546 3129 12.
586 3072 654 3123 Et
676 3069 972 3142 exspeetavit
996 3070 1164 3125 adhuc
1187 3071 1379 3146 septem
1418 3073 1523 3127 dies
1549 3072 1684 3136 alim,
1724 3072 1776 3126 δε
1802 3071 1963 3125 emifit
1987 3072 2305 3138 columbam,
2345 3075 2397 3127 δε

380 3169 483 3207 non
524 3144 715 3202 addidit
752 3143 910 3198 redire
934 3146 1000 3216 ad
1024 3146 1173 3201 illum
1198 3147 1453 3220 amplius¹

2319 3329 2403 3383 1²3.
