2788 3736
424 259 598 344 472->
933 249 995 318 G
1087 248 1149 317 E
1241 245 1328 316 Ν
1410 192 1490 315 E·
1562 252 1607 315 s
1694 249 1891 341 125⁸.

413 388 558 454 Ipsius
580 386 851 443 coelestibus,
887 382 1060 433 constat
1082 382 1210 447 quod
1233 383 1579 448 Perceptionem
1601 383 1824 449 adeptus·,
1859 400 1915 432 ex
1947 387 2202 438 coelestibus
2226 388 2291 439 est
2316 390 2422 440 om2

417 459 485 502 nis
509 455 770 518 perceptio:
807 450 919 515 quid
945 451 1200 515 Perceptio,
1237 450 1413 497 dictum
1453 452 1503 498 δε
1527 449 1751 499 ostensum
1791 452 1855 499 est
1876 453 2017 515 prim,
2051 471 2112 503 n:
2157 475 2268 517 104,
2307 474 2420 513 202,

420 538 532 585 371,
571 525 685 583 483,
721 535 837 584 495,
878 535 991 580 503,
1031 533 1143 580 521,
1182 517 1293 580 536,
1334 517 1424 579 865
1447 535 1458 565 1
1485 516 1673 580 quisque
1697 518 1812 565 dum
1837 520 1963 566 venit
1995 519 2052 567 ad
2086 522 2300 579 coelestia,
2320 539 2421 586 per-

418 588 674 649 ceptionem
699 587 862 650 accipit
884 602 909 632 a
930 586 1139 632 Domino
1159 607 1173 640 3
1207 585 1288 646 qui
1312 583 1514 630 coelestes
1531 583 1738 633 homines
1762 583 1886 641 facti,
1922 597 1974 633 ut
1997 587 2078 649 qui
2099 587 2155 634 ab
2181 587 2420 652 Antiquis-

419 652 530 699 (ima
553 652 769 710 Ecclesia,
804 667 963 699 omnes
986 653 1327 716 perceptionem
1346 662 1627 714 acceperunt,
1663 651 1791 715 quod
1815 650 2040 701 ostensum
2065 655 2191 717 prius
2217 670 2278 701 n:
2311 671 2363 702 12
2372 672 2420 718 5,

423 736 537 784 597,
574 719 687 784 607,
727 724 839 783 784,
880 723 988 783 895.
1028 719 1109 781 qui
1133 716 1378 781 spirituales
1412 717 1617 765 homines
1640 717 1774 775 fiunt,
1811 717 1898 766 hoc
1937 718 2015 775 est,
2054 723 2136 782 qui
2159 716 2423 767 charitatem

422 803 447 832 a
471 787 680 833 Domino
702 786 960 849 accipiunt„
982 784 1203 846 analogon
1228 784 1528 847 perceptionis
1554 783 1736 841 habent,
1771 796 1850 832 aut
1873 785 2100 833 dictamen
2123 785 2422 844 conscientiae,

425 853 573 915 magis
598 854 646 900 ὅτ
666 852 833 909 minus,
860 851 973 914 sicut
998 852 1043 897 in
1067 849 1322 897 coelestibus
1346 849 1570 898 charitatis
1594 849 1714 908 sunt,
1739 849 2028 914 perspicuum
2050 874 2064 907 ς
2101 852 2299 900 coelestia
2319 852 2424 900 cha·

424 919 566 966 ritatis
594 919 681 966 hoc
707 918 857 965 secum
889 917 1070 974 habent,
1107 932 1211 964 nam
1251 917 1298 962 in
1321 915 1408 963 illis
1431 916 1533 964 solis
1565 916 1627 964 est
1649 918 1882 964 Dominus
1914 917 2124 981 praesens,
2160 920 2210 966 &
2250 920 2298 966 in
2337 918 2431 967 illis·

425 999 608 1048 apparet
631 985 835 1032 homini:
871 996 1044 1047 quanto
1083 984 1230 1047 magis
1252 983 1503 1040 Dominus,
1540 983 1639 1046 Qi
1673 983 1926 1048 progressus
1970 983 2027 1032 ab
2049 983 2232 1033 infantia
2267 985 2322 1034 ad
2339 986 2425 1048 ,Je-

430 1050 616 1109 hovam,
652 1052 701 1099 &
726 1050 813 1114 Ipfi
838 1049 1106 1114 conjundtus
1130 1050 1179 1098 ὅτ
1205 1049 1374 1106 unitus,
1410 1060 1462 1096 ut
1484 1065 1601 1096 unus
1622 1050 1772 1098 essent.
1849 1104 1851 1108 ⁸
2066 1094 2071 1098 ,

501 1135 644 1180 1443.
683 1116 828 1180 Qod
852 1118 999 1179 prima
1021 1115 1253 1178 perceptio
1276 1114 1330 1161 fit
1362 1127 1629 1178 quercetum
1663 1116 1850 1174 Moreh‚
1885 1117 1945 1164 ita
1967 1116 2009 1165 se
2032 1134 2101 1166 res
2124 1117 2255 1167 habet
2275 1141 2288 1176 ;
2308 1117 2427 1170 sunt

428 1184 553 1247 apud
578 1181 811 1230 hominem
838 1181 1168 1237 intellectualia,
1205 1180 1434 1227 rationalia
1455 1181 1506 1228 δε
1530 1179 1784 1240 scientifica,
1819 1185 1980 1232 intima
2024 1182 2120 1248 ejus
2153 1183 2254 1234 sunt
2293 1186 2427 1233 intel·

425 1250 645 1305 lectualia,
683 1249 892 1297 interiora
915 1246 1016 1294 sunt
1039 1246 1285 1302 rationalia,
1320 1246 1371 1293 δε
1394 1246 1613 1293 exteriora
1646 1245 1747 1294 sunt
1784 1246 2042 1307 scientifica,
2076 1251 2174 1298 haec
2197 1251 2425 1316 appellan-

424 1328 503 1363 tur
541 1314 635 1378 ejus
682 1313 937 1379 spiritualia,
973 1329 1080 1377 quae
1121 1315 1166 1360 in
1194 1312 1271 1359 tali
1303 1311 1463 1359 ordine
1494 1311 1625 1360 sunt:
1662 1313 1974 1362 intellectualia
2003 1315 2200 1364 hominis
2229 1318 2425 1372 coelestis

426 1393 747 1445 comparantur
770 1381 902 1428 horto
935 1395 991 1428 ex
1031 1380 1180 1427 omnis
1216 1379 1391 1441 generis
1435 1378 1697 1435 arboribus·,
1734 1381 1978 1438 rationalia,
2014 1381 2154 1445 sylvae
2188 1398 2244 1430 ex
2283 1383 2441 1436 cedris„

428 1450 480 1496 &
514 1447 731 1496 similibus
755 1446 1004 1503 arboribus,
1052 1445 1204 1510 quales
1229 1447 1275 1491 in
1299 1444 1515 1500 Libano;
1551 1444 1789 1493 scientifica
1812 1458 1965 1495 autem
1993 1450 2230 1510 quercetiS,
2265 1449 2314 1497 ὅτ
2338 1449 2427 1497 hoc

428 1530 486 1561 ex
516 1516 652 1561 ramis
694 1513 903 1577 implexis
939 1512 1089 1576 quales
1122 1510 1223 1558 sunt
1246 1525 1538 1574 quercuum;
1573 1527 1653 1575 per
1691 1510 1803 1576 ipsas
1839 1513 2017 1560 arbores
2041 1513 2301 1577 fignificatae
2325 1515 2427 1563 sunt

431 1582 766 1644 Perceptiones,
802 1580 915 1626 sicut
947 1594 1026 1643 per
1065 1577 1244 1625 arbores
1277 1577 1394 1624 horti
1417 1577 1589 1624 Edenis
1634 1576 1691 1624 ab
1713 1579 1883 1626 oriente
1911 1582 2217 1643 perceptiones
2250 1582 2427 1629 intimae

432 1646 507 1694 seu
531 1645 916 1701 intellectualium,
952 1657 1004 1692 ut
1026 1642 1252 1692 ostensum
1281 1644 1406 1707 prius
1430 1660 1487 1691 n:
1526 1661 1608 1708 99,
1641 1660 1749 1702 100,
1793 1662 1916 1708 ¹03³
1952 1660 2033 1709 per
2070 1646 2246 1694 arbores
2286 1645 2425 1712 sylvae

435 1712 603 1760 Libani
624 1734 638 1768 3
665 1712 973 1775 perceptiones
998 1711 1227 1758 interiores
1251 1709 1324 1757 seu
1349 1709 1634 1758 rationalium
1655 1732 1669 1766 3
1705 1726 1788 1774 per
1825 1711 2000 1758 arbores
2033 1725 2183 1760 autem
2207 1715 2423 1776 querceti,

429 1780 739 1843 perceptiones
778 1779 1016 1826 exteriores
1059 1776 1130 1825 seu
1161 1776 1528 1834 scientificorum,
1563 1793 1670 1840 quae
1706 1775 1807 1825 sunt
1844 1779 2016 1826 externi
2053 1778 2285 1835 hominis·,
2321 1779 2426 1829 inde

429 1845 511 1902 est,
547 1844 676 1908 quod
714 1857 981 1909 quercetum
1005 1843 1174 1892 Moreh
1214 1842 1436 1907 significet
1474 1844 1672 1910 primam
1711 1845 2048 1908 perceptionem
2071 1845 2281 1903 Domini,
2318 1861 2425 1894 nam

431 1912 578 1958 adhuc
602 1927 716 1975 puer
738 1909 841 1966 fuit,
877 1912 926 1958 δε
951 1909 1471 1973 ΓρίτὶωαΙίέΙΡΙὶιιεῃοη
1495 1911 1693 1958 interius.
1731 1910 1952 1960 Praeterea
1973 1924 2237 1975 quercetum
2257 1912 2427 1960 Moreh

429 1990 525 2025 erat
550 1977 625 2024 ubi
648 1993 832 2041 quoque
855 1977 938 2023 filii
961 1976 1127 2024 Israelis
1150 1977 1357 2040 primum
1379 1989 1602 2025 venerunt
1625 1992 1734 2024 cum
1759 1977 2056 2026 transiverunt
2079 1978 2110 2040 J
2111 1977 2346 2035 ordanem,
2373 1979 2424 2026 &

433 2043 647 2090 viderunt
670 2054 834 2090 terram
858 2043 1133 2099 Canaanem,
1168 2042 1225 2090 de
1247 2058 1342 2106 quo
1364 2043 1486 2107 apud
1510 2041 1690 2099 Mosen,
1729 2047 1763 2070 ‘⁶
1796 2042 1938 2090 Dabis
1962 2043 2322 2091 benediCtionem
2357 2043 2433 2091 su-

431 2114 466 2136 “
501 2125 583 2173 per
606 2121 763 2157 monte
786 2109 997 2164 Gerifim,
1032 2109 1083 2156 δε
1107 2108 1471 2156 maledictionem
1497 2107 1625 2174 super
1649 2120 1804 2157 monte
1825 2108 1975 2164 Ebal;
2012 2125 2162 2157 nonne
2203 2109 2267 2156 illi
2303 2122 2423 2157 trans

431 2179 467 2205 “
502 2176 768 2238 Jordanem,
803 2175 903 2239 post
926 2177 1050 2223 viam
1073 2175 1287 2240 ingressus
1333 2175 1434 2222 solis
1467 2176 1515 2222 in
1539 2187 1653 2222 terra
1675 2175 1888 2224 Cananaei
1912 2174 2144 2224 habitantis
2162 2176 2209 2223 in
2241 2175 2425 2239 planitie

432 2246 469 2270 “
503 2232 711 2303 adversus
735 2242 908 2305 Gilgal,
930 2241 1069 2306 juxta
1084 2242 1296 2305 Qerceta
1321 2240 1531 2297 Moreh,”
1557 2241 1711 2288 Deut:
1749 2255 1829 2288 x1:
1868 2257 1947 2305 29,
1977 2258 2054 2303 30.
2091 2241 2257 2304 quibus
2287 2242 2426 2306 figni-

431 2307 593 2355 ficatur
615 2310 748 2354 etiam
774 2310 976 2370 primum
1002 2308 1299 2371 perceptionis
1321 2329 1335 2361 ;
1372 2308 1581 2354 introitus
1619 2308 1741 2354 enim
1766 2305 1967 2355 filiorum
1991 2306 2161 2355 Israelis
2185 2308 2424 2373 repraesen-

429 2385 498 2421 tat
537 2375 773 2420 introitum
797 2373 1004 2420 fidelium
1035 2375 1081 2420 in
1106 2375 1326 2436 Regnum
1349 2373 1555 2421 Domini.
2315 2429 2318 2431 ¹

502 2439 642 2500 1444.
680 2440 743 2486 Et
767 2439 1006 2487 Canaanita
1042 2451 1158 2486 tunc*
1188 2442 1234 2486 in
1274 2451 1403 2496 terra,
1439 2439 1567 2502 quod
1589 2439 1811 2502 significet
1850 2439 2184 2489 haereditarium
2220 2458 2246 2489 a
2285 2453 2427 2490 matre

432 2505 607 2553 malum
632 2507 678 2552 in
701 2517 885 2553 externo
907 2505 1049 2569 Ipfius
1073 2505 1272 2562 homine,
1308 2504 1507 2553 constare
1531 2506 1679 2569 potest
1713 2506 1769 2554 ab
1798 2507 1886 2555 illis
1909 2524 2014 2571 quae
2053 2510 2176 2572 prius
2209 2508 2326 2556 dicta
2365 2508 2424 2555 de

432 2572 714 2620 haereditario
751 2572 872 2635 apud
895 2573 1190 2627 Dominum;
1227 2584 1357 2619 natus
1386 2574 1509 2619 enim
1549 2570 1638 2619 fuit
1665 2572 1775 2620 ficut
1799 2573 1909 2623 alius
1940 2575 2097 2632 hom0‚
2131 2575 2181 2622 &
2214 2573 2365 2621 secum
2397 2590 2423 2620 a

431 2650 574 2686 matre
598 2640 731 2685 traxit
755 2638 886 2695 mala,
923 2651 1077 2686 contra
1116 2654 1222 2702 quae
1250 2639 1491 2702 pugnavit,
1527 2639 1578 2686 &
1616 2655 1722 2702 quae
1767 2641 1942 2696 evicit·,
1978 2653 2141 2688 notum
2180 2638 2259 2696 est,
2295 2640 2423 2702 quod

430 2705 662 2752 Dominus
684 2706 948 2752 tentationes
972 2705 1247 2768 gravissimas
1271 2704 1452 2752 subierit
1489 2705 1539 2752 &
1571 2704 1838 2762 sustinuerit,
1874 2706 1932 2753 de
1969 2706 2144 2770 quibus¹
2172 2720 2230 2752 ex
2254 2706 2424 2754 Divina

432 2771 626 2816 Domini
649 2770 976 2828 Misericordia,
1014 2769 1391 2835 insequentibus,
1426 2771 1476 2819 ὅτ
1502 2772 1692 2834 quidem
1714 2784 1871 2832 tantas,
1908 2773 1960 2818 ut
1990 2772 2266 2834 pugnaverit
2304 2771 2422 2820 solus

431 2836 484 2882 δε
508 2850 564 2880 ex
586 2838 767 2898 propria
806 2839 1007 2899 potentia
1030 2850 1186 2885 contra
1213 2849 1367 2885 totum
1402 2835 1662 2893 infernum3
1699 2853 1835 2884 nemo
1866 2836 2011 2900 potest
2033 2838 2326 2902 tentationem
2351 2838 2423 2885 su-

431 2900 544 2957 bire,
581 2901 665 2946 nifi-
683 2901 749 2946 illi
773 2903 944 2949 malum
969 2903 1207 2959 adhaereat,
1243 2905 1317 2950 cui
1349 2902 1529 2949 nullum
1553 2901 1743 2957 malum,
1782 2917 1839 2949 ne
1879 2903 2125 2951 minimum
2165 2905 2424 2952 tentationis

430 2966 592 3017 habere
615 2966 776 3029 potest,
815 2968 986 3014 malum
1024 2968 1089 3015 est
1120 2968 1250 3032 quod
1281 2966 1512 3015 infernales
1551 2966 1730 3030 spiritus
1753 2968 1983 3024 excitant3
2018 2970 2139 3033 apud
2160 2971 2422 3018 Dominum

430 3048 527 3079 nonv
565 3030 738 3078 malum
774 3030 956 3094 aliquod
998 3034 1166 3081 actuale
1212 3045 1288 3080 aut
1319 3033 1564 3096 ,proprium
1600 3031 1704 3089 fuit,
1755 3044 1807 3081 ut
1846 3034 1968 3097 apud
2004 3051 2163 3085 omnes
2199 3034 2421 3094 homines,

429 3098 505 3146 sed
529 3097 702 3144 malum
727 3097 1062 3145 haereditarium
1095 3115 1120 3146 a
1144 3111 1301 3155 matre,
1337 3097 1463 3160 quod
1486 3098 1560 3144 hic
1581 3111 1769 3147 vocatur
1792 3100 2033 3150 Canaanita
2069 3114 2191 3156 tunc⁴
2213 3104 2263 3149 in
2285 3115 2423 3161 terra¹
2461 3129 2467 3137 ·

431 3165 489 3212 de
514 3179 608 3227 quo
631 3163 867 3210 videantur
888 3179 993 3227 quae
1016 3164 1135 3211 dicta
1156 3163 1286 3228 supra
1309 3163 1365 3211 ad
1388 3162 1515 3211 vers:
1559 3182 1598 3211 1.
1625 3182 1684 3214 n:
1709 3182 1837 3226 1414,
1863 3182 2028 3230 nempe
2048 3169 2175 3231 quod
2199 3168 2302 3216 bina
2323 3168 2419 3215 hae-

428 3230 633 3280 reditaria
662 3229 749 3279 fint
789 3245 895 3295 quae
911 3229 1245 3292 ⁴connascuntur
1268 3230 1460 3288 homini,
1497 3246 1643 3291 unum
1676 3246 1733 3282 ex
1754 3245 1896 3297 patre,
1931 3233 2123 3284 alterum
2162 3250 2219 3285 ex
2239 3282 2242 3283 γ
2259 3245 2428 3293 matre,

2295 3301 2423 3365 quod
