2788 3736
577 220 1058 288 CAPUT
1151 221 2102 286 UNDECIMUM.
2259 250 2391 314 435

386 372 462 409 tur
483 360 565 409 sibi
587 361 712 408 idem
736 360 952 423 cogitare,
990 358 1064 406 sed
1098 358 1205 422 quia
1228 357 1320 423 ipse
1345 357 1447 405 finis
1461 356 1524 404 est
1541 356 1790 414 cultussiii,
1828 357 2130 421 cogitationes
2155 373 2180 404 a
2197 356 2286 404 fine
2311 371 2398 406 tra*

387 428 521 484 hunt,
556 427 683 491 quod
716 443 808 474 non
832 426 1073 489 agnoscant
1095 441 1278 482 verum,
1315 424 1396 472 nisi
1417 437 1643 489 quantum
1683 423 1746 471 sui
1782 426 1827 471 in
1867 441 1978 472 vero
2001 425 2088 480 s1t;
2126 440 2234 471 cum
2260 424 2402 471 homo

390 494 489 540 talis
511 494 590 551 est,
627 495 674 541 in
698 491 826 556 cujus
865 508 942 540 ore
981 503 1168 549 verium·
1196 491 1385 547 constat,
1433 490 1560 554 quod
1585 492 1626 537 ei
1658 507 1751 538 non
1776 507 1939 538 verum
1966 491 2051 546 sit·‚
2078 491 2217 555 ¹quod
2257 493 2403 539 niani·

389 558 503 608 feste.
520 573 648 624 patet
679 562 725 607 in
765 559 899 607 altera
939 560 1047 617 vita,
1082 559 1147 606 ibi
1170 559 1278 610 tales
1320 573 1414 604 non
1455 556 1603 603 solum
1642 573 1735 603 non
1772 556 2022 620 agnoscunt
2057 573 2238 614 verum,
2273 559 2403 621 quod

390 625 570 690 profeffi
595 630 642 674 in
665 629 761 673 vita
783 627 1003 690 corporis,
1039 624 1114 672 sed
1129 626 1268 671 etiam
1291 623 1400 672 odio
1417 622 1582 670 habent
1601 624 1649 670 &
1668 623 1995 687 persequuntur
2020 660 2034 682 ,
2071 626 2119 672 &
2139 626 2186 672 in
2206 637 2401 682 tantum,

391 696 439 739 in
462 705 688 756 quantum
711 695 763 740 iis
787 692 924 740 fastus
938 703 1016 740 aut
1039 691 1103 738 sui
1128 690 1277 744 cultus
1301 707 1393 738 non
1419 689 1650 737 adimitur.

465 777 603 822 1322.
630 761 703 807 Ut
726 775 818 807 non
842 758 1025 806 audiant
1047 759 1119 804 vir
1140 757 1312 805 labium
1338 757 1442 805 socii
1467 756 1549 814 sui,
1586 755 1714 820 quod
1745 755 1973 819 significet
1995 759 2123 822 quod
2148 775 2308 806 omnes
2332 758 2401 806 di·
2429 811 2431 814 ¹

389 824 582 884 scordes‚
617 825 691 874 seu
715 826 840 890 quod
865 841 983 873 unus
1007 837 1165 872 contra
1198 824 1422 885 alterum,
1438 823 1659 887 *constare
1683 822 1830 887 potest
1854 823 1910 870 ab
1937 825 2040 887 ipsis
2084 826 2234 872 verbis
2259 848 2274 881 ς
2311 842 2404 872 non
2430 884 2433 885 ⁷

393 893 549 940 audire
572 892 744 940 labium
767 891 889 949 socii,
925 892 991 940 est
1008 908 1101 940 non
1123 890 1361 955 agnoscere
1383 891 1512 954 quod
1537 890 1647 938 alter
1670 890 1890 954 loquitur,
1928 892 1977 936 ὅτ
2009 893 2056 937 in
2080 891 2209 938 sensu
2227 894 2405 939 interno

392 975 486 1007 non
512 959 751 1022 agnoscere
774 959 902 1023 quod
925 959 1035 1006 alter
1057 959 1193 1006 docet
1217 956 1291 1005 seu
1316 958 1572 1005 doctrinam
1597 955 1711 1022 ejus,
1747 973 1854 1004 nam
1879 955 2051 1003 labium
2076 957 2139 1004 est
2179 959 2400 1015 doetrina,

392 1038 445 1072 ut
468 1026 694 1074 ostensum
716 1025 846 1090 supra
868 1026 926 1072 ad
950 1025 1077 1073 vers:
1121 1043 1160 1074 1.
1197 1040 1275 1072 ore
1297 1023 1488 1087 quidem
1518 1023 1771 1087 agnoscunt
1794 1020 1867 1070 sed
1893 1040 1985 1071 non
2003 1024 2158 1081 corde,
2196 1023 2266 1071 sed
2294 1041 2403 1072 con-

393 1093 550 1140 cordia
572 1095 662 1141 oris
685 1092 797 1139 nihil
820 1091 886 1139 est
908 1101 1019 1138 c'uni
1042 1089 1263 1138 discordia
1296 1090 1464 1147 cordis,
1501 1089 1542 1138 se
1565 1090 1700 1138 habet
1723 1090 1811 1137 hoc
1850 1090 1965 1138 ficut
1997 1107 2107 1138 cum
2132 1091 2259 1138 malis
2279 1090 2405 1155 spiri-

391 1159 514 1206 tibus
538 1161 586 1206 in
618 1158 754 1206 altera
777 1158 886 1214 vita,
922 1158 1004 1222 qui
1027 1157 1235 1205 similiter
1258 1173 1308 1205 ac
1334 1157 1443 1205 boni
1468 1158 1513 1204 in
1548 1157 1777 1205 societates
1802 1157 1998 1205 distincti
2024 1157 2142 1214 sunt,
2180 1157 2255 1205 sed
2296 1174 2426 1219 cons

383 1223 536 1289 junffl
558 1236 770 1272 tenentur
791 1240 874 1288 per
897 1224 944 1271 id
968 1224 1096 1288 quod
1118 1224 1288 1288 alligati
1305 1223 1526 1272 similibus
1550 1224 1788 1287 phantasiis
1818 1224 1868 1271 δε
1891 1224 2232 1288 cupiditatibus,
2270 1224 2330 1272 sic
2354 1237 2407 1273 ut

389 1307 538 1340 unum
574 1303 711 1355 agant
733 1292 780 1338 in
818 1307 874 1338 eo
897 1303 949 1337 ut
972 1290 1292 1354 persequantur
1316 1306 1424 1338 vera
1445 1291 1496 1338 δε
1521 1290 1655 1348 bona,
1691 1292 1753 1338 ita
1776 1290 1839 1338 est
1862 1307 2113 1338 commune
2159 1291 2399 1356 quoddam

390 1358 639 1422 quo‘simul
661 1359 967 1414 continentur,
1003 1358 1078 1405 sed
1101 1370 1152 1405 ut
1175 1359 1381 1421 primum
1399 1357 1487 1405 hoc
1511 1374 1760 1405 commune
1787 1357 2061 1415 diffolvitur,
2098 1375 2216 1405 unus
2241 1359 2332 1406 ruit
2359 1361 2405 1406 in

393 1425 605 1482 alterurn,
639 1425 690 1472 &
729 1422 993 1489 jucundum
1018 1439 1179 1472 eorum
1202 1437 1313 1472 tunc
1336 1423 1536 1471 consistit
1559 1426 1607 1471 in
1630 1441 1701 1482 eo,
1737 1436 1790 1471 ut
1815 1423 1988 1473 socium
2021 1426 2070 1472 &
2095 1423 2235 1473 socios
2259 1427 2405 1473 cruci-

391 1504 470 1540 ent
488 1515 504 1548 ς
539 1491 742 1540 fimiliter
780 1490 822 1538 se
845 1490 980 1538 habet
1004 1507 1112 1539 cum
1135 1490 1343 1539 doctrina
1366 1492 1415 1539 &
1456 1490 1584 1538 cultu
1609 1491 1684 1538 tali
1709 1491 1756 1538 in
1780 1491 1975 1548 mundo,
2012 1491 2263 1555 agnoscunt
2294 1493 2420 1553 doc--

390 1558 547 1606 trinale
568 1559 622 1608 ,δτ
640 1557 797 1606 rituale
818 1557 916 1606 satis
940 1556 1341 1623 conjunctimssed
1365 1574 1632 1616 commune,
1656 1558 1789 1622 quod
1813 1574 1889 1606 eos
1913 1560 2135 1616 continet,
2160 1558 2233 1614 est,
2257 1548 2408 1607 custus

392 1624 476 1682 sui,
513 1628 563 1672 δε
587 1637 814 1692 quantum
854 1626 1117 1688 participare
1150 1637 1325 1688 queunt
1362 1625 1419 1671 de
1443 1627 1683 1672 communi
1720 1625 1813 1680 tali,
1850 1637 2030 1672 tantum
2055 1625 2321 1690 agnoscunt,
2359 1638 2407 1673 at

390 1703 616 1755 quantum
639 1709 731 1740 non
761 1692 943 1755 possunt
959 1693 1228 1755 participare
1251 1689 1477 1754 autxspem
1507 1691 1668 1738 habere
1697 1693 2012 1754 participandi,
2048 1705 2229 1739 tantum
2255 1692 2405 1739 diffol-
2484 1696 2487 1697 ⁷

390 1771 581 1815 vuntur,
617 1757 832 1814 excausa,
869 1758 927 1805 de
951 1774 1044 1821 qua
1077 1773 1189 1804 mox
1205 1759 1348 1820 prius,
1383 1758 1508 1821 quod
1541 1757 1655 1804 nulli
1678 1757 1838 1805 talium
1889 1757 2075 1821 aliquod
2112 1775 2292 1815 verum,
2330 1758 2407 1806 sed

393 1825 641 1888 unicuique
666 1823 827 1871 falsum
850 1841 936 1888 pro
948 1841 1076 1883 vero,
1112 1824 1162 1872 ὅτ
1180 1823 1356 1872 malum
1377 1840 1464 1888 pro
1491 1827 1646 1881 bon03
1682 1824 1770 1872 hoc
1800 1840 1922 1871 nunc
1947 1823 2027 1883 est,
2064 1826 2193 1890 quod
2215 1826 2288 1872 vir
2311 1842 2406 1874 non
2440 1853 2463 1882 χ

396 1891 548 1938 audiat
569 1891 741 1939 labium
766 1890 877 1938 socii.
895 1890 974 1938 sui.
1137 1935 1142 1938 .
1347 1937 1352 1941 .

470 1975 485 2003 1
498 1975 606 2021 323.
644 1957 782 2006 Vers:
824 1962 866 2006 8.
902 1960 968 2006 Et
989 1959 1179 2023 disperfit
1202 1960 1422 2023 Jehovah‘
1430 1977 1496 2008 eos
1541 1959 1637 2007 inde
1665 1961 1798 2023 fitper
1825 1960 1969 2022 facies
1991 1962 2139 2013 totius*
2169 1968 2313 2017 terne,
2349 1958 2405 2008 ὅθ’

394 2021 600 2088 ceffarunt
619 2024 830 2084 aedificare
851 2025 1006 2073 urbem.
1076 2026 1297 2090 Disperfit
1320 2043 1397 2075 eos
1421 2026 1635 2088 Jehovah
1674 2025 1806 2090 super
1828 2024 1961 2074 facies
1993 2028 2140 2081 totius.
2156 2038 2287 2074 terrae
2312 2026 2401 2089 fig-

392 2093 549 2138 nin'cat
570 2091 644 2138 hic
691 2103 743 2138 ut
781 2093 923 2155 prius,
960 2092 1086 2154 quod
1113 2109 1206 2141 non
1229 2094 1373 2158 agniti
1406 2091 1579 2141 fuerint
1602 2111 1613 2141 ε
1650 2094 1701 2141 &
1726 2093 1943 2141 cessarunt
1975 2093 2200 2146 aedificare
2225 2093 2404 2150 urbem,

391 2156 616 2221 fignificat
637 2157 766 2222 quod
789 2158 887 2205 talis
905 2158 1111 2218 doctrina
1130 2176 1236 2207 -uon
1259 2171 1457 2221 recepta„

408 2228 415 2235 “
463 2242 602 2288 1324.
640 2224 788 2290 Qod
811 2224 1013 2289 dispersit
1030 2226 1238 2286 Jeho'vah
1259 2244 1335 2275 eos
1365 2226 1497 2291 super
1519 2225 1655 2286 facies
1675 2228 1814 2276 totius
1836 2240 1984 2286 terrae,
2023 2226 2245 2292 significet
2269 2225 2410 2289 quod

393 2293 646 2404 nonbagniti
668 2290 856 2350 fuerint,
890 2291 1064 2341 constat
1087 2293 1144 2341 ab
1168 2293 1255 2341 illis
1279 2310 1386 2359 quae
1403 2296 1530 2358 prius
1549 2294 1604 2342 ad
1623 2293 1751 2344 vers:
1788 2313 1823 2356 4
1846 2296 1968 2344 dit‘ta
1986 2293 2104 2353 sunt,
2140 2293 2219 2341 ubi
2236 2292 2396 2340 eadem

393 2372 474 2403 ver
506 2373 544 2405 a.
841 2398 845 2403 .
927 2380 930 2381 ⁷
1005 2401 1010 2405 .
1234 2386 1238 2390 ·
1791 2382 1793 2384 >
2404 2392 2407 2397 -

461 2424 610 2486 Quod
646 2424 862 2473 ceffarunt
884 2427 1107 2476 aedificare
1132 2428 1310 2486 urbem,
1346 2430 1570 2493 significet
1592 2430 1721 2494 quod
1746 2429 1843 2484 talis
1861 2430 2066 2478 doctrina
2087 2446 2179 2477 non
2203 2438 2401 2491 recepta,

391 2489 563 2538 constat
596 2506 654 2538 ex
674 2491 997 2554 significatione
1013 2494 1152 2552 urbis,
1187 2496 1315 2559 quod
1348 2497 1404 2544 fit
1426 2496 1649 2554 doctrina,
1685 2508 1738 2544 ut
1761 2496 1987 2545 ostensum
2011 2500 2153 2560 prius,
2191 2513 2248 2542 n:
2286 2511 2407 2554 402,

392 2569 491 2603 tum
519 2573 576 2604 ex
599 2557 688 2604 illis
710 2573 818 2621 quae
844 2557 975 2622 supra
995 2560 1052 2606 ad
1081 2560 1210 2610 vers:
1246 2571 1279 2621 4
1311 2563 1362 2610 &
1390 2581 1436 2623 5,
1471 2563 1530 2610 de
1553 2563 1778 2611 aedificare
1812 2563 1972 2611 urbem
1995 2565 2046 2612 δε
2071 2564 2248 2610 turrim.
2322 2560 2400 2605 Ex

386 2623 457 2693 liis
481 2635 626 2687 patet,
660 2624 789 2695 quod
823 2624 922 2672 talis
947 2625 1165 2681 doctrina,
1202 2626 1274 2674 seu
1299 2628 1396 2675 talis
1420 2627 1586 2685 cultus,
1623 2631 1670 2675 in
1708 2646 1803 2692 quo
1827 2631 2011 2676 interius
2041 2646 2170 2676 amor
2210 2628 2291 2682 sui,
2329 2625 2403 2671 seu

316 2709 334 2716 ²
386 2690 538 2740 cultus
565 2691 646 2747 sui,
683 2691 1083 2755 apudAntiquam
1117 2692 1232 2740 lianc
1254 2691 1500 2742 Ecclesiam
1527 2710 1620 2742 non
1638 2695 1891 2758 permissus,
1929 2698 1976 2743 &
2004 2696 2191 2758 quidem
2216 2709 2272 2741 ex
2297 2705 2403 2739 cau-

390 2754 540 2814 sa,·de
556 2773 648 2821 qua
683 2758 730 2804 in
750 2757 879 2805 versu
906 2774 1019 2816 mox
1042 2758 1267 2822 sequente.
1795 2773 1797 2777 ·
1862 2800 1872 2808 .

461 2840 599 2886 1325.
635 2823 778 2872 Vers:
818 2843 862 2890 9.
901 2826 1140 2887 Propterea
1171 2830 1351 2874 vocavit
1382 2844 1526 2876 nomen
1571 2830 1660 2891 ejus
1695 2827 1844 2884 Babel,
1881 2830 1981 2892 quia
2005 2829 2067 2875 ibi
2107 2828 2295 2891 confudit
2319 2827 2402 2890 Je-

380 2888 533 2936 hovah
545 2890 703 2938 labium
727 2893 860 2939 totius
882 2901 1026 2948 terrae,
1065 2893 1231 2942 &inde
1253 2895 1444 2958 dispetfit
1466 2912 1532 2943 eos
1563 2896 1769 2958 Jehovah
1782 2895 1916 2958 super
1926 2894 2068 2957 facies
2088 2899 2220 2943 totius
2254 2905 2402 2942 terrae.

386 2954 632 3018 Propterea
668 2959 853 3005 vocavit
876 2974 1047 3006 nomen
1086 2958 1366 3025 ejusBabeI,
1401 2961 1626 3025 fignificat
1649 2960 1786 3009 talem
1811 2961 1990 3009 cultum
2014 2981 2024 3010 :
2060 2964 2169 3027 quia
2192 2962 2403 3013 confudit:

389 3020 598 3079 Jehovah
619 3021 791 3071 labium
815 3027 962 3073 totius>
979 3037 1126 3084 terrae‚
1165 3027 1387 3092 fignificat
1409 3028 1625 3076 Ecclesiae
1650 3026 1784 3091 hujus
1810 3029 2237 3093 Antiquae.statuni,
2274 3030 2403 3095 quod

391 3087 591 3134 internus
625 3088 771 3136 cultus
795 3092 938 3152 perire
963 3094 1178 3156 inciperet
1198 3117 1212 3150 ;
1249 3107 1364 3142 terra
1386 3094 1450 3143 est
1468 3095 1697 3144 Ecclesia:
1732 3097 1783 3143 δε
1809 3095 1913 3142 inde
1943 3094 2143 3159 dispersit
2166 3113 2240 3143 eos
2265 3099 2403 3159 Jeho·

389 3152 478 3202 vah
513 3151 643 3219 super
661 3152 958 3206 facies-totius
980 3164 1130 3220 te'rrae,
1151 3161 1378 3226 fignificat
1393 3163 1523 3277 {ulid
1541 3162 1691 3211 cultus
1716 3164 1915 3211 internus
1934 3163 2085 3211 nullus
2108 3162 2265 3226 factus.
2395 3198 2399 3206 .

964 3259 967 3261 Δ
1320 3230 1368 3277 K
1532 3246 1557 3279 2
1645 3268 1647 3270 .
2254 3247 2272 3277 1
2284 3245 2308 3293 3
2322 3244 2341 3275 2
2353 3230 2397 3278 6.
