2788 3736
347 291 478 337 210
830 265 1800 374 GE NESIAJ.

339 409 390 457 &
405 409 581 457 libertas
594 429 607 464 ·,
620 419 802 469 tempus
818 405 985 453 horum
1001 403 1170 468 septem
1182 421 1406 454 annorum
1415 404 1663 454 vocabatur
1673 406 1946 470 Septimana,
1957 409 2070 459 ficut
2083 412 2216 461 etiam
2235 414 2362 478 apud*

316 515 318 517 .
340 475 595 534 Danielem.
634 472 791 519 Simile
801 488 984 536 quoque
999 470 1355 536 repraesentabat,
1372 473 1501 536 quod
1517 473 1811 530 mandatum,
1822 485 1875 521 ut
1889 476 2181 527 circumirent
2197 482 2359 528 urbem

341 542 525 604 Jericho
543 539 712 603 septem
730 539 928 596 vicibus,
952 539 1002 586 δε
1021 539 1200 586 caderet
1214 555 1390 598 murus,
1409 540 1459 587 &
1476 540 1662 597 dicitur,
1680 541 1808 604 q‘uod
1822 541 1889 590 die
1901 544 2083 605 septimo
2094 545 2362 595 surrexerint

338 608 421 656 sub
445 622 671 663 auroram,
711 606 761 652 ὅτ
779 606 1118 653 circumiverint
1151 606 1331 663 urbem,
1379 606 1631 654 secundum
1671 623 1876 664 morem,
1896 609 2275 670 ‘Septmmicibug
2309 614 2361 662 ἃ

341 674 513 722 ῑεὲὶυη]
545 677 640 743 vife
668 673 854 736 septima
890 672 1153 720 clanxerunt
1179 674 1340 734 Septem
1379 672 1627 721 sacerdotes
1652 678 1817 736 Septem
1853 673 2071 732 buccinis,
2106 677 2160 724 ae
2192 680 2358 738 cecidit

342 756 518 796 murus,
537 738 646 801 Jos:
666 754 721 787 v:
757 757 814 788 10
836 738 894 786 ad
924 755 999 788 20.
1038 755 1144 802 quae
1167 739 1247 786 nis1
1271 739 1375 787 talia
1397 740 1535 788 etiam
1560 740 1944 804 fignfficaviffent,
1976 741 2198 806 nusquam
2222 760 2350 792 man—-

342 807 503 855 datum
517 804 680 862 fuisset,
706 805 832 869 quod
852 804 1011 869 septies
1025 807 1335 863 circumirent,
1351 808 1400 854 δι
1415 805 1587 871 septem
1606 806 1871 874 saperdotes‚
1898 809 1947 855 δε
1966 807 2136 872 septem
2154 809 2361 859 buccinae

341 874 491 921 effent.
564 873 638 919 Ex
654 872 785 920 his&
802 871 1007 935 pluribus
1031 871 1125 919 aliis
1148 873 1277 931 locis,
1299 886 1353 920 ut
1375 873 1497 937 apud
1513 872 1637 934 J9b:
1671 889 1712 921 11
1732 892 1744 922 :
1775 892 1847 937 13.
1874 875 2142 937 Apocznxv:
2177 894 2218 934 1,
2247 878 2293 935 6,
2311 882 2358 943 7.

341 941 470 1004 Cap:
495 955 579 988 xx1
601 956 613 987 ε
642 956 686 1005 9.
723 938 920 986 constare
943 937 1090 1002 potest
1111 939 1239 1003 quod
1262 939 1322 986 ad
1350 939 1445 989 dies
1466 938 1636 1003 septem
1667 940 1922 1004 significent
1943 942 2192 1005 pricipium
2216 958 2357 991 novae

342 1006 573 1063 Ecclefiae,
608 1006 658 1053 &
682 1005 823 1054 finem
845 1007 1037 1061 veteris,
1074 1005 1147 1053 hic
1171 1007 1278 1070 quia
1312 1018 1408 1053 tam
1447 1006 1505 1054 de
1527 1006 1712 1054 homine
1735 1007 1971 1064 Ecclesiae,
2004 1023 2111 1071 quae
2133 1009 2356 1058 Nuachus

342 1085 548 1129 vocatur,
583 1071 634 1120 δε
670 1072 727 1119 de
763 1070 857 1135 ejus
881 1074 1126 1119 tentatIOne
1166 1074 1330 1136 agitur,
1371 1087 1512 1135 quam
1550 1072 1608 1119 de
1646 1072 1902 1137 posteritate
1937 1074 2107 1122 ultima.
2139 1075 2361 1124 Ecclefiae

346 1140 706 1203 Antiquissimae,
742 1154 847 1201 quae
871 1137 912 1198 se
936 1138 1152 1201 perdidit,
1187 1154 1267 1202 per
1290 1154 1315 1186 a
1337 1137 1495 1186 diebus
1519 1138 1666 1186 adhuc
1706 1139 1876 1203 septem
1920 1156 2013 1187 non
2037 1140 2161 1188 aliud
2185 1142 2358 1206 fignifi-

343 1207 432 1253 cari
455 1204 619 1270 potest,
653 1220 792 1268 quam
815 1205 1093 1267 principium
1129 1206 1389 1254 tentationis
1409 1204 1608 1262 Noachi,
1644 1206 1694 1253 δε
1718 1205 1825 1254 finis
1857 1207 2175 1270 antiquiffimae
2198 1209 2358 1257 Eccle-
2435 1219 2438 1224 ’

343 1273 437 1330 fiae,
473 1271 547 1319 seu
570 1270 813 1318 devastatio
837 1270 999 1317 ultima
1021 1271 1069 1317 δι
1093 1270 1342 1334 exspiratio.
2229 1319 2235 1326 ,

415 1355 524 1403 729.
562 1338 707 1402 Qod
736 1353 816 1400 per
832 1336 985 1399 pluere
999 1335 1277 1400 significetur
1289 1338 1523 1395 Tentatio,
1541 1336 1711 1385 constat
1733 1337 1790 1385 ab
1808 1337 1910 1395 illis,
1934 1354 2040 1401 quae
2054 1339 2101 1386 in
2117 1342 2359 1403 praemissis

343 1404 400 1452 ad
422 1406 510 1453 hoc
534 1416 669 1467 caput
693 1403 812 1450 dieta
834 1405 884 1451 ὅτ
908 1402 1075 1452 ostensa
1097 1403 1215 1461 sunt,
1251 1404 1379 1468 quod
1416 1420 1581 1469 nempe
1620 1403 1847 1452 diluvium
1883 1406 1934 1452 ὅτ
1957 1405 2193 1454 inundatio
2216 1423 2352 1471 aqua-

343 1486 466 1528 rum,
502 1487 608 1533 quae
630 1469 693 1517 est
716 1469 788 1516 hic
813 1470 983 1533 pluere,
1021 1469 1273 1533 significent
1297 1486 1389 1518 non
1419 1470 1566 1518 solum
1590 1471 1909 1527 tentationem,
1947 1470 2021 1519 sed
2057 1473 2192 1520 etiam
2215 1473 2358 1521 vasta-

343 1539 546 1586 tionem:
580 1549 683 1584 tum
721 1551 906 1600 quoque
941 1536 1111 1599 patebit
1149 1552 1206 1585 ex
1244 1537 1347 1595 illis,
1382 1533 1490 1600 quae
1533 1538 1582 1584 in
1618 1536 1922 1601 sequentibus,
1959 1538 2017 1586 de
2050 1538 2249 1598 diluvio,
2286 1540 2365 1587 di⁴

342 1604 500 1652 cenda»
1994 1635 1997 1638 -
2277 1651 2279 1653 .

414 1686 441 1736 7
448 1688 525 1734 30,
563 1669 709 1733 Qod
732 1685 813 1733 per-
836 1667 1152 1732 Qadraginta
1172 1667 1266 1714 dies
1301 1668 1353 1716 ὅτ
1377 1669 1529 1716 noctes
1565 1668 1844 1733 fignificetur
1877 1669 2055 1717 duratio
2082 1672 2361 1729 tentationis,

342 1736 517 1796 constat
539 1734 768 1784 manifeste
791 1750 848 1781 ex
871 1734 1027 1782 Verbo
1051 1735 1244 1782 Domini
1264 1752 1274 1781 :
1313 1732 1441 1797 quod
1456 1735 1776 1799 Quadraginta
1790 1735 2048 1798 significent
2071 1736 2360 1785 durationem
2419 1757 2424 1760 ·

343 1804 615 1858 tentationis,
651 1802 756 1849 inde
794 1801 937 1857 venit,
971 1801 1099 1865 quod
1121 1801 1354 1849 Dominus
1378 1799 1436 1848 se
1472 1802 1619 1866 paffus
1658 1801 1714 1848 fit
1744 1801 1904 1849 tentari
1933 1816 2014 1864 per
2037 1803 2360 1867 Qadraginta

343 1864 543 1926 dies,'ut
578 1867 751 1917 constat
785 1868 910 1931 apud
944 1867 1123 1918 Matth:
1147 1883 1230 1915 iv:
1258 1885 1306 1925 1,
1332 1885 1376 1917 2.
1412 1867 1544 1916 Luc:
1572 1884 1654 1917 1v:
1680 1884 1723 1917 2.
1760 1869 1926 1915 Marc:
1956 1883 2003 1915 1:
2054 1885 2125 1931 13.
2179 1870 2229 1917 ὅτ
2253 1871 2362 1934 quia

343 1936 499 1985 omnia
521 1937 570 1984 δε
596 1935 788 1999 fingula,
823 1950 931 1997 quae
963 1934 1180 1990 instituta,
1218 1935 1265 1981 in
1289 1934 1487 1983 Ecclesia
1510 1934 1718 1996 Judaica,
1753 1935 1804 1981 δε
1841 1935 2016 1981 caeteris
2038 1934 2250 1982 Ecclefiis
2290 1930 2362 1983 ἑο-

345 2001 730 2065 repraesentativis,
781 2013 884 2046 ante
924 2001 1198 2047 Adventum
1235 2001 1448 2058 Domini,
1500 1999 1684 2048 fuerunt
1726 2001 1825 2063 typi
1862 2000 2022 2063 Ipsius,
2074 2001 2136 2048 ita
2174 2006 2361 2065 quoque

346 2066 664 2133 Qadraginta
684 2067 779 2114 dies
802 2067 851 2114 &
877 2067 1046 2123 noeteS,
1072 2066 1198 2130 quod
1221 2066 1586 2130 repraesentarent
1609 2069 1658 2115 ὅτ
1682 2065 1981 2129 significarent
2004 2068 2051 2112 in
2076 2081 2237 2128 genere
2254 2083 2357 2115 om—

347 2140 455 2189 nem
479 2135 822 2189 Tentationem,
848 2134 894 2179 in
919 2132 1061 2197 specie
1085 2133 1371 2180 durationem
1394 2149 1716 2197 quamcunque
1740 2133 2023 2180 tentationis:
2057 2133 2108 2179 &
2126 2134 2233 2196 quia
2248 2150 2357 2181 cum

346 2200 487 2249 homo
521 2202 568 2249 in
601 2200 844 2248 tentatione
868 2198 948 2256 est,
985 2198 1048 2246 est
1071 2200 1116 2246 in
1143 2198 1390 2247 vastatione
1426 2201 1639 2248 omnium
1670 2214 1778 2263 quae
1814 2197 1916 2245 sunt
1954 2200 2130 2263 proprii
2170 2201 2220 2248 ὅτ
2250 2217 2361 2264 quae

347 2267 448 2316 sunt
466 2283 698 2331 corporea,
723 2282 830 2312 nam
854 2267 1037 2329 propria
1060 2267 1109 2312 ὅτ
1134 2281 1351 2329 corporea
1366 2267 1592 2315 moritura
1613 2265 1732 2322 sunt,
1767 2265 1817 2312 &
1854 2266 2045 2328 quidem
2078 2281 2158 2329 per
2181 2283 2358 2330 pugnas

346 2336 398 2382 ὅτ
423 2336 706 2390 tentationes,
743 2345 984 2395 antequam
1009 2331 1249 2385 renascitur
1284 2348 1431 2379 novus
1465 2331 1539 2380 seu
1569 2331 1623 2379 fit
1661 2331 1897 2395 spiritualis
1937 2333 1986 2378 δε
2011 2331 2220 2388 σοεΙεΡεὶεζ
2258 2333 2363 2381 ideo

346 2402 485 2447 etiam
510 2400 831 2461 Qadraginta
852 2399 951 2445 dies
977 2399 1027 2445 &
1051 2398 1204 2445 nocstes
1228 2398 1481 2461 significant
1520 2414 1708 2462 quoque
1741 2398 2026 2444 durationem
2064 2398 2319 2447 vastationis
2341 2422 2357 2455 ·,

348 2466 420 2513 hic
445 2466 662 2522 similiter,
697 2465 776 2512 ubi
799 2478 906 2511 tam·
926 2465 982 2512 de
1006 2466 1249 2512 tentatione
1288 2465 1485 2512 hominis
1508 2480 1644 2512 novae
1665 2464 1898 2521 Ecclesiae,
1932 2464 2171 2523 NoachuS,
2205 2467 2357 2523 dietae,

298 2528 302 2533 ’
347 2549 487 2596 quam
513 2533 569 2579 de
590 2531 889 2579 devastatione
910 2531 1367 2588 antediluvianorum,
1404 2534 1554 2594 agitur
1572 2549 1595 2578 :—
1618 2530 1748 2594 quod
1787 2526 2086 2594 quadraginta
2105 2531 2361 2596 significent

346 2611 442 2648 tam
467 2599 723 2646 tentationis
737 2613 875 2661 quam
886 2597 1139 2645 vastationis
1154 2597 1456 2655 durationem,
1468 2611 1564 2645 tam
1578 2595 1814 2661 majorem,
1824 2613 1961 2660 quam
1988 2598 2356 2657 minorem,.con.·

348 2665 433 2716 stat
453 2665 574 2728 apud
591 2663 901 2720 Ezechielem,
942 2669 975 2691 “
994 2663 1170 2724 jacebis
1187 2664 1316 2728 super
1334 2665 1465 2712 latere
1482 2675 1564 2712 tuo
1588 2664 1765 2721 d‘extmo,
1789 2665 1838 2710 ὅτ
1858 2662 2056 2726 portabis
2071 2664 2357 2724 iniquitatem

319 2732 322 2734 ’
349 2739 397 2791 *ἰ
420 2733 586 2778 domus
609 2731 804 2792 Jehudae
828 2730 1135 2794 Qadraginta
1159 2731 1274 2788 dies,.
1298 2730 1500 2794 singulos
1523 2731 1619 2778 dies
1640 2746 1735 2793 prro-
1748 2729 1935 2790 singulis
1959 2730 2085 2775 annis
2115 2728 2220 2775 dedi
2243 2729 2360 2776 illud

348 2797 482 2854 tibi,'’
515 2814 591 2844 iv:
621 2799 663 2844 6.
703 2795 874 2860 ibi'pto
903 2797 1135 2845 duratione
1161 2798 1421 2846 vastationis
1447 2795 1918 2857 EcclefiaefJudaicae,
1942 2806 2045 2859 tum
2066 2799 2251 2857 quoque
2273 2812 2363 2859 pro

351 2862 735 2926 repraesentatione
773 2865 1032 2911 tentationis
1064 2865 1277 2917 Domini,
1320 2879 1436 2910 nam
1467 2863 1635 2910 dieitur
1673 2859 1798 2923 quod
1837 2871 2037 2923 portaret
2075 2862 2359 2922 iniquitatem

352 2931 519 2976 domus
543 2928 750 2988 Jehudae.
824 2930 970 2992 Apud
996 2931 1228 2985 Eundem,
1267 2934 1300 2956 “
1325 2928 1466 2976 Dabo·
1492 2932 1657 2975 tenram
1682 2926 1880 2988 AEgypti
1905 2924 2146 2989 vastitates,
2182 2928 2359 2975 vastitas·

355 3002 387 3023 “
402 3037 405 3040 Α
423 3007 518 3041 tem
544 2994 846 3049 desolationis,
873 3012 962 3042 non
982 2996 1181 3042 transibit
1205 3010 1283 3057 per
1305 3010 1404 3040 eam
1427 2993 1739 3057 pesthominis,
1775 2993 1826 3039 &
1857 3008 1934 3055 pes
1952 2990 2102 3039 bestiae
2120 3009 2211 3040 non
2236 3007 2357 3042 tran-

355 3068 388 3088 “
423 3061 524 3109 fibit
547 3076 627 3123 per
651 3076 766 3114 eam,
805 3062 851 3106 &
888 3077 990 3107 non·
1005 3060 1274 3108 habitabitur
1297 3060 1605 3122 Qadraginta
1629 3062 1766 3105 annis.
1838 3059 1901 3105 Et
1940 3058 2254 3107 daboterram·
2272 3062 2358 3119 ΙΕ-

356 3135 390 3155 “
426 3130 558 3191 gypti
585 3125 903 3172 desolationem
928 3129 974 3172 in
1000 3126 1153 3172 medio
1185 3138 1406 3174 terrarum
1431 3121 1744 3181 desolatarum,
1780 3125 1829 3171 &
1853 3124 1985 3172 urbes
2009 3123 2104 3189 ejus
2129 3128 2175 3173 in
2207 3127 2367 3173 medio·

347 3200 389 3222 ‘⁴‘
422 3194 608 3241 urbium
633 3191 959 3243 devastatatum
984 3203 1114 3238 erunt
1137 3190 1334 3239 solitudo
1357 3191 1664 3254 Qadraginta
1685 3193 1865 3247 anni5,'’
1885 3206 2032 3239 xxm:
2080 3210 2161 3249 Μ,
2188 3209 2258 3240 12.
2295 3192 2366 3238 ibi·

354 3276 536 3324 quoque
561 3275 645 3324 pro
668 3258 901 3308 du‘ratione
925 3257 1190 3307 vastationis·
1204 3259 1254 3306 δε
1276 3257 1593 3315 desolationis,
1629 3257 1708 3306 ubi
1730 3259 1776 3306 in
1795 3257 1916 3306 sensu
1941 3259 2117 3305 interno
2140 3258 2357 3319 nusquam

2055 3324 2361 3387 significantur
