2788 3736
811 246 1243 312 CAPUT
1334 245 2056 314 SECUNDUM.
2351 270 2440 335 47

498 410 603 459 1.59
640 391 731 439 Sed
753 391 994 455 quomodo
1011 391 1109 438 haec
1134 390 1175 438 se
1197 387 1404 447 habeant,
1448 406 1542 437 non
1564 386 1695 437 facile
1718 390 1983 454 percipitur,
2019 387 2101 446 nisi
2118 387 2277 437 sciatur
2300 391 2445 455 qualis

420 461 488 509 est
507 461 644 507 status
667 457 861 506 coelestis
885 459 1126 514 hominis;
1154 456 1291 504 status
1314 455 1507 504 coelestis
1542 455 1740 503 hominis
1763 457 1828 504 est
1850 457 1963 514 talis,
2000 469 2053 505 ut
2075 455 2283 505 Internus
2299 456 2443 506 homo

420 528 481 581 fit
513 526 748 575 distinerus
785 525 841 576 ab
875 526 1097 581 Externo,
1131 523 1183 571 ὅτ
1220 523 1412 586 quidem
1451 521 1527 577 ita,
1570 534 1624 568 ut
1645 524 1863 586 percipiat
1897 539 2003 587 quae
2043 523 2147 572 sunt
2168 524 2356 580 Interni,
2390 524 2443 583 &

417 610 530 657 quae
565 592 667 651 sunt
682 593 893 649 Externi,
930 594 983 639 &
1020 588 1264 663 quoquo
1284 588 1517 635 Externus
1542 602 1625 662 per
1654 589 1893 636 Internum
1932 602 2115 654 regatur
2152 607 2177 637 a
2201 578 2443 638 Dumino:

417 673 463 708 at
486 658 624 709 status
647 657 782 735 hujus
805 658 1086 722 posteritatiS,
1158 655 1229 699 uia
1250 653 1428 716 cupivit
1464 654 1723 729 proprium,
1759 655 1884 718 quod
1918 655 1982 702 est
2004 657 2197 703 Externi
2220 656 2437 716 hominiS,

418 739 623 774 mutatus
643 725 718 773 est
729 727 814 780 ita,-
837 734 898 769 ut
917 735 1011 768 non
1033 735 1108 766 am
1162 721 1231 765 ius
1254 720 1505 783 perceperit
1527 719 1767 766 Internum
1789 720 2029 773 hominem
2062 722 2332 770 distinctum
2353 723 2440 770 effe

419 794 477 841 ab
501 794 723 847 Externa,
761 788 836 835 fed
858 787 1000 853 quafi,
1031 786 1160 850 quod
1194 786 1401 834 latemus
1425 786 1529 834 effet
1551 801 1669 833 unus
1694 802 1803 833 cum
1822 787 2054 836 Externo:
2090 803 2199 835 nam
2222 790 2320 837 talis
2338 805 2439 859 per-

426 861 581 924 ceptio
609 857 681 912 fit,
717 869 828 904 eum
861 855 1103 917 proprium
1125 853 1321 916 cupitur

493 926 598 973 160.
623 921 765 969 Vers·
789 938 866 981 24.
891 923 1127 983 Propterea
1149 919 1351 983 relinquet
1367 922 1450 968 Vir
1462 930 1635 982 patrem
1641 920 1785 982 suum
1805 920 1860 969 δέ)
1876 931 2054 969 matrem
2055 922 2204 985 suam
2224 922 2280 970 ἑὸ)
2295 922 2441 970 adhae·

418 992 530 1039 rabit
551 990 676 1039 axoni
687 989 798 1051 jue,
832 987 892 1038 63
903 997 1035 1036 tenant
1057 988 1106 1033 in
1125 1001 1295 1034 carnem
1315 1002 1457 1034 unam.
1494 986 1769 1064 Reiinquere
1791 999 1968 1051 patrem
1990 989 2042 1036 δι
2067 999 2260 1035 matrem
2281 987 2346 1035 est
2367 990 2443 1037 In-

418 1071 604 1105 ternum
619 1055 872 1110 hominem,
897 1069 1004 1102 nam
1027 1053 1237 1101 tacemus
1254 1051 1335 1110 est,
1355 1054 1438 1118 qui
1453 1054 1659 1117 concipit-
1676 1054 1729 1102 δε
1750 1055 1869 1118 parit
1890 1054 2180 1102 Externum:
2217 1053 2446 1103 adhaerere

418 1125 569 1180 uxori,
603 1122 668 1169 est
690 1133 745 1168 ut
765 1121 976 1170 internus
1011 1120 1101 1167 sit
1090 1135 1137 1166 m
1160 1085 1402 1176 Exterricu
1440 1121 1486 1166 in
1510 1135 1649 1167 unam
1672 1120 1887 1178 Carnem,
1922 1122 2050 1186 quod
2072 1120 2136 1168 ibi
2158 1120 2295 1168 fimul
2318 1119 2440 1179 fint3

418 1192 470 1239 ἃ
491 1191 601 1254 quia
627 1189 755 1253 prius
782 1186 873 1236 fuit
888 1188 1112 1243 IntemuS,
1146 1187 1199 1240 δε
1215 1187 1445 1240 Externus
1475 1186 1545 1234 ab
1555 1188 1747 1247 interno,
1783 1188 1997 1266 Spiritus,
2021 1204 2144 1236 nunc
2168 1199 2319 1235 autem
2338 1186 2445 1238 faffi

419 1256 524 1304 sunt
553 1271 673 1304 caro.
742 1255 811 1303 Ita
830 1253 1026 1302 coelestis
1045 1254 1104 1300 &
1120 1251 1358 1317 spiritualis
1373 1255 1482 1306 vita
1502 1251 1712 1318 adjuncta
1734 1251 1823 1302 Fuit
1843 1255 2048 1320 proprio,
2082 1263 2135 1305 ut
2157 1255 2274 1302 ficut
2294 1269 2443 1303 unum

421 1324 574 1372 effit.

494 1391 599 1441 161.
635 1388 875 1438 Posterius
907 1387 1007 1442 haze
1030 1388 1374 1452 Antiquiffimae
1397 1387 1617 1436 Ecciesiae
1643 1402 1738 1436 non
1759 1399 1851 1436 erat
1875 1387 2011 1445 mala,
2045 1386 2118 1435 sed
2144 1387 2284 1452 usque
2306 1387 2443 1446 bona,

421 1458 472 1506 δε
493 1458 601 1521 quia
620 1458 799 1521 cupivit
819 1457 974 1502 vivere
1012 1455 1059 1502 in
1082 1455 1288 1503 Externo
1307 1454 1492 1502 homine
1514 1453 1624 1502 seu
1613 1471 1659 1501 1n
1690 1455 1893 1518 proprio,
1928 1455 1972 1502 ei
1994 1455 2153 1508 datum
2195 1470 2382 1532 quoque
2418 1469 2445 1507 a

422 1523 648 1581 Domino,
683 1523 760 1571 sed
781 1538 838 1570 ex
860 1516 1177 1570 Misericordia
1197 1515 1475 1569 insinuatum
1489 1521 1671 1569 coeleste
1699 1520 1937 1585 spirituale.
2007 1517 2272 1588 Qornodo
2307 1532 2445 1568 inter-

421 1607 537 1638 num
566 1591 618 1639 &
651 1602 891 1641 enei-num
923 1604 1072 1636 unum
1108 1600 1270 1652 agunt,
1306 1587 1381 1636 seu
1410 1587 1655 1666 quomodo
1674 1600 1894 1655 apparent
1912 1600 2144 1662 tanquam
2152 1603 2318 1646 unum,
2354 1604 2454 1637 non

424 1657 522 1704 sciri
538 1656 710 1721 potest,
745 1655 826 1703 nifi
849 1654 1011 1704 sciatur
1033 1655 1231 1707 influxus
1269 1657 1405 1702 unius
1428 1657 1475 1703 in
1495 1654 1719 1710 alterum3
1745 1668 1798 1702 ut
1821 1653 1968 1708 solum
1991 1655 2091 1703 idea
2106 1652 2202 1719 ejus
2224 1655 2444 1721 capiatur,

422 1724 480 1771 fit
513 1723 728 1787 exemplo
749 1723 908 1779 Afflo,
944 1723 991 1768 in
1019 1738 1112 1785 qua
1147 1722 1228 1768 nifi
1253 1722 1355 1768 infit
1399 1722 1602 1778 charitas,
1644 1721 1716 1768 stu
1741 1737 1870 1771 amor
1891 1721 1942 1770 δε
1975 1721 2106 1778 fides,
2141 1722 2191 1769 &
2213 1721 2449 1769 Dominus

424 1791 470 1836 in
510 1790 614 1847 illis,
651 1790 794 1837 Actio
833 1805 924 1835 non
964 1787 1028 1834 est
1052 1788 1209 1850 Aetio,
1256 1804 1362 1851 quae
1406 1787 1497 1834 dici
1530 1787 1681 1856 potest
1720 1803 1837 1852 opus
1872 1787 2114 1845 charitatiS,
2166 1800 2243 1841 aut
2273 1786 2448 1836 fluctus

427 1855 554 1904 fidei

499 1922 588 1970 162
624 1922 803 1968 Omnes
820 1920 974 1982 Leges
995 1922 1095 1968 veri
1134 1921 1184 1968 &
1222 1884 1331 1967 resti
1376 1921 1541 1969 fluunt
1565 1936 1590 1966 a
1619 1920 1863 1983 principiis
1888 1919 2162 1977 coelestibus,
2196 1919 2270 1968 feu
2293 1919 2362 1967 ab
2374 1936 2448 1968 or-

423 1989 532 2036 dine
550 1987 681 2034 Vitae
712 1985 907 2034 coelestis
939 1986 1156 2044 hominis,
1198 2002 1304 2047 nam
1343 1998 1497 2049 totum
1522 1987 1712 2037 Coeium
1748 1985 1814 2033 est
1832 1985 2044 2034 Coelestis
2082 1986 2242 2044 1101110,
2277 2001 2334 2033 ex
2369 2003 2445 2046 eo,

423 2054 552 2120 quod
571 2054 805 2107 Dominus
827 2052 959 2100 Solus
982 2053 1047 2101 est
1068 2044 1238 2104 Homo
1260 2053 1470 2111 coelestis,
1506 2052 1661 2119 estque
1691 2069 1830 2110 omne
1859 2055 1906 2100 in
1931 2052 2145 2100 omnibus
2183 2053 2235 2101 ὅτ
2258 2052 2448 2117 singulis

424 2122 536 2170 coeii
555 2121 606 2169 zv
630 2119 822 2168 coekstis
844 2120 1058 2177 hominis,
1095 2121 1201 2169 inde
1226 2133 1448 2167 vocantur
1470 2119 1702 2169 coeiestes:
1738 2121 1845 2184 quia
1859 2136 1884 2167 a
1906 2121 2139 2184 principiis
2168 2119 2445 2178 coelestibus,

425 2188 502 2236 seu
531 2187 591 2236 ab
622 2187 781 2236 ordine
804 2187 930 2234 Vitae
967 2156 1161 2234 coeie-stis
1200 2187 1417 2244 hominis,
1459 2187 1609 2234 omnis
1632 2187 1737 2234 Lex
1756 2187 1853 2234 veri
1890 2187 1940 2234 ὅτ
1972 2187 2097 2244 reesti,
2132 2185 2446 2250 principaliter

426 2256 533 2303 Lex
565 2252 911 2324 cunjugiorum
918 2253 1176 2306 deseendit·
1191 2252 1503 2331 ‘Conjugiurn
1544 2253 1725 2301 coeleste
1762 2252 1843 2311 est,
1882 2269 1944 2300 ex
1965 2269 2077 2317 quo,
2113 2254 2164 2300 &
2185 2252 2440 2303 fecundum

425 2321 574 2386 quod,
613 2333 746 2368 erum
773 2322 930 2374 omnia
947 2318 1167 2385 conjug-ia
1190 2321 1236 2368 in
1260 2322 1404 2378 terris,
1444 2319 1575 2384 quod
1597 2319 1684 2367 tale
1705 2319 1786 2377 est,
1822 2321 1951 2384 quod
1974 2320 2114 2367 Unus
2134 2321 2367 2373 Dominus
2389 2320 2442 2369 ὅτ

426 2404 576 2436 unum
605 2385 814 2444 eoelum,
849 2383 930 2434 seu
956 2403 1046 2435 una
1068 2387 1283 2445 Ecclesia,
1319 2386 1450 2452 cujus
1493 2399 1629 2451 caput
1652 2388 1916 2443 Dominu33
1967 2384 2307 2451 Conjugiorum
2338 2386 2443 2435 Lex

426 2455 548 2511 inde,
583 2455 710 2517 quod
736 2451 853 2501 unus
874 2455 957 2508 erit
973 2454 1076 2511 Vir,
1112 2455 1163 2502 ὅτ
1208 2470 1297 2502 una
1315 2455 1471 2511 Uxor,
1507 2455 1557 2502 δι
1595 2470 1704 2503 cum
1728 2455 1789 2502 ita
1811 2453 1891 2510 est,
1927 2453 2246 2517 repraesentant
2284 2451 2443 2517 conju-

428 2522 561 2583 gium
585 2519 798 2576 Coeleste‚
835 2521 886 2567 &
908 2521 1138 2585 exemplar
1169 2521 1269 2568 sunt
1293 2520 1487 2568 coelestis
1527 2520 1739 2568 hominis.
1809 2521 1935 2568 Haec
1958 2521 2063 2568 Lex
2091 2537 2184 2567 non
2207 2519 2355 2567 solum
2379 2536 2448 2566 re·-

425 2587 571 2638 velata
599 2585 663 2653 est
689 2585 807 2640 Viris
845 2587 1162 2652 antiquiflimae
1184 2588 1421 2647 Ecclesiae,
1466 2586 1541 2634 sed
1573 2588 1710 2637 etiam
1758 2588 1934 2638 interno
1966 2603 2126 2635 comm
2155 2586 2331 2634 homini
2373 2587 2445 2635 in-

429 2651 606 2718 scripta,
630 2668 776 2729 quare
796 2652 886 2698 Vir
901 2663 1013 2699 tunc
1036 2668 1129 2700 non
1153 2653 1238 2713 nifl
1250 2668 1391 2731 quam
1415 2655 1553 2709 unam
1576 2653 1769 2703 uxorem
1792 2653 1965 2710 habuit,
2000 2655 2049 2700 &
2082 2669 2221 2700 unam
2244 2653 2443 2700 domum

432 2719 698 2775 constituit-3
724 2730 897 2769 arcum
913 2718 1077 2782 posteri
1100 2730 1270 2776 eorum
1284 2721 1447 2766 interni
1468 2720 1677 2767 homines
1701 2720 1924 2767 defici-unt
1946 2719 2044 2775 efle,
2063 2721 2115 2767 δι
2129 2721 2304 2768 externi
2323 2717 2447 2775 fa&i‚

431 2799 540 2834 tunc
564 2786 726 2850 plures
736 2801 903 2842 uxores
926 2785 1166 2833 ducebant.
1238 2787 1366 2851 Qia
1384 2787 1700 2850 antiquisfimae
1723 2786 1938 2834 Ecclefiae
1968 2787 2055 2832 viri
2092 2783 2317 2849 conjugiis
2339 2784 2446 2842 suis,

431 2851 809 2916 repraesentabant
824 2852 1095 2916 conjugium
1135 2852 1333 2910 coeleste,
1375 2855 1530 2900 Amor
1565 2851 1833 2916 conjugialis
1854 2865 1948 2900 erat
1969 2852 2055 2901 inis
2086 2852 2210 2917 quasi
2234 2852 2446 2908 Coelum,

433 2920 487 2972 δι
431 2869 717 2975 oepcoekffis
729 2916 957 2975 ἷεΚώεω5
988 2917 1071 2971 sed
1091 2934 1204 2970 cum
1219 2919 1470 2970 declinavit
1491 2919 1714 2977 Ecclesia,
1741 2917 2002 2972 felicitatem
2018 2935 2112 2971 non
2134 2919 2330 2983 amplius
2342 2934 2448 2983 --per

432 2985 657 3062 clpi'ebaot
694 2987 742 3034 in
777 3001 932 3045 amore
960 2983 1226 3051 conjugiali,
1258 2985 1334 3043 sed
1374 2989 1420 3035 111
1458 2986 1749 3040 11131εέ11ιεὶ0ῃο
1771 3002 1828 3034 ex
1850 2985 2081 3050 pluribus,
2108 2986 2236 3050 quod
2265 2984 2328 3033 est
2347 2986 2446 3033 Ex-

432 3053 548 3110 temi
578 3052 936 3115 11011111113,1101;
974 3069 1001 3100 a
1026 3055 1237 3104 Domino
1271 3066 1460 3103 vocatur
1495 3053 1683 3101 durities
1721 3053 1887 3111 cordis,
1939 3065 2125 3116 propter
2155 3068 2295 3118 quam
2332 3053 2384 3098 iis
2420 3066 2450 3097 a

434 3117 567 3180 Mose
610 3110 891 3193 permissum,
932 3131 986 3166 ut
1028 3119 1179 3183 plures
1224 3136 1389 3167 uxores
1435 3120 1667 3177 ducerent,
1714 3119 1834 3166 ficut
1878 3120 1975 3183 Ipse
2018 3119 2246 3166 Dominus
2293 3117 2445 3172 docet,

437 3190 493 3211 ‘⁶
494 3179 699 3248 Propter
728 3185 941 3234 duritiem
980 3186 1128 3235 cordis
1157 3186 1349 3235 vestram
1382 3185 1555 3251 scripsit
1581 3185 1732 3234 Moses
1756 3185 1885 3235 vobis
1909 3197 2191 3250 praeceptum
2232 3185 2354 3237 hoc·,
2390 3183 2449 3228 ab

1438 3271 1462 3318 3
2252 3254 2285 3276 “
2319 3250 2453 3297 initio
