2788 3736
504 255 2395 351 CAPUT'DuonEchUM.ffi3

377 407 441 455 ad
463 405 726 456 Abramum
765 420 856 452 non
887 401 1010 449 aliud
1049 396 1290 466 fignificat,
1348 399 1725 464 quam‘primam
1755 401 2238 460 animadvertentiam3
2274 403 2390 451 ficut

377 489 488 521 cum
514 475 560 520 in
586 473 794 535 Antiqua
814 468 1015 518 Ecclefia
1036 469 1197 533 aliquis
1234 466 1678 515 animadvertebatur
1708 483 1790 531 per
1813 468 2149 527 conscientiam,
2188 469 2274 517 ·vel
2306 485 2389 534 per

370 540 605 587 dictamen
628 539 767 595 aliud,
803 537 877 584 vel
907 551 988 600 per
1011 535 1219 584 Verbum
1237 549 1416 591 eorum,
1450 533 1579 597 quod
1602 534 1665 582 ita
1686 535 1807 592 effet,
1832 547 1943 583 tunc
1964 535 2169 584 fimiliter
2190 535 2388 594 dietum,

375 606 507 669 quod
529 605 737 667 Jehovah
758 605 890 652 dixit.
1127 611 1138 645 ⁸.
2375 628 2379 630 -

451 689 536 731 141
553 689 591 720 1.
630 671 726 719 Abi
759 687 785 719 e
810 683 927 718 terra
949 682 1044 728 tua,
1079 668 1214 733 quod>
1229 666 1456 732 significet
1478 668 1768 732 corporea&
1799 669 2044 727 mundana,
2081 686 2106 718 a
2127 669 2292 734 quibus
2315 685 2386 717 re·-

377 739 573 795 cederet,
610 737 784 786 constat
803 753 828 784 a
842 737 1170 800 fignificatione
1186 736 1364 792 Terrae,
1401 750 1509 799 quae
1533 736 1656 782 varia
1678 733 1758 790 est,
1784 734 1915 799 seque
1937 736 2069 784 habet
2090 736 2311 800 adplicate
2326 736 2385 784 ad

378 804 615 868 personam
638 803 710 852 seu
735 819 832 851 rem
853 803 911 850 de
933 819 1023 865 qua
1045 801 1337 867 praedicatur,
1390 801 1503 848 ficut
1525 802 1661 849 etiam
1703 802 1750 847 in
1773 801 1933 848 Primo
1965 804 2127 866 Capite
2158 803 2385 851 Geneseos

377 871 457 918 ubi
478 873 592 919 terra
620 886 806 935 quoque
827 869 1099 933 significavit
1121 880 1359 916 externum
1374 867 1611 915 hominem
1632 889 1648 924 ς
1684 868 1734 915 ὅτ
1759 866 1882 924 alibi,
1905 867 1949 915 'n
1969 887 1980 916 :
2011 873 2089 927 82,
2117 871 2229 925 620,
2266 869 2381 933 636,

378 955 490 1004 913.
526 937 655 1001 quod
678 937 752 985 hic
769 928 985 1000 corporea
1008 937 1057 983 ὅτ
1090 934 1334 992 mundana,
1370 933 1432 981 est
1462 933 1605 991 causa,
1640 933 1748 998 quia
1770 932 1870 981 haec
1902 933 2006 982 sunt
2034 938 2207 983 externi
2233 935 2384 982 horni-

378 1006 481 1053 nisa:
516 1005 661 1053 Terra
681 1005 729 1052 in
752 1004 940 1068 proprio
964 1001 1086 1051 sensu
1106 999 1172 1049 est
1195 999 1289 1064 ipsa
1310 1012 1442 1057 terra,
1468 1001 1612 1063 regio,
1636 1012 1714 1048 aut
1736 1015 1962 1064 regnum,
1987 1001 2123 1048 etiam
2153 1000 2216 1048 est
2238 1000 2385 1048 incola

376 1073 459 1134 qui
482 1070 562 1128 ibi,
598 1082 700 1118 tum
737 1069 831 1134 ipse
851 1069 1051 1133 populus
1079 1067 1131 1115 ὅτ
1163 1065 1258 1130 ipsa
1279 1083 1394 1130 gens
1428 1081 1535 1131 quae
1569 1067 1616 1113 in
1638 1078 1756 1114 terra
1791 1067 1883 1124 illa,
1919 1068 1982 1115 ita
2008 1083 2104 1115 vox
2134 1074 2267 1114 terr'ae
2289 1083 2385 1117 non

377 1137 527 1185 solum
549 1137 772 1200 fignificat
792 1137 840 1182 in
864 1135 955 1182 lato
978 1133 1104 1181 sensu
1139 1134 1367 1197 populum
1392 1132 1464 1180 seu
1487 1145 1694 1196 gentem,
1730 1133 1805 1181 sed
1829 1134 1967 1182 etiam
1996 1135 2043 1181 i'n
2067 1134 2220 1182 strieto
2256 1136 2384 1181 inco-

374 1203 470 1252 lam
490 1225 505 1260 ;
541 1218 650 1250 cum
672 1201 951 1266 praedicatur
972 1212 1088 1248 terra
1110 1199 1167 1247 de
1190 1199 1353 1254 incola,
1378 1212 1489 1246 tunc
1512 1199 1554 1247 se
1577 1199 1709 1265 habet
1731 1200 2001 1264 significatio
2018 1200 2267 1248 secundum
2284 1212 2384 1247 rem

375 1270 433 1317 de
451 1284 552 1334 *qua
573 1267 857 1333 praedicatio,
892 1268 967 1315 hic
990 1267 1048 1314 de
1071 1267 1298 1330 corporeis
1321 1266 1372 1313 ὅτ
1397 1266 1657 1323 mundanis,
1694 1282 1799 1314 nam
1832 1279 1947 1315 terra
1979 1268 2222 1314 nativitatis
2245 1284 2270 1314 e
2293 1283 2386 1331 qua

372 1334 520 1383 abiret
543 1335 794 1391 Abramus,
829 1347 922 1381 erat
953 1333 1249 1390 idololatrica,
1285 1333 1347 1379 ita
1378 1332 1453 1380 hic
1485 1333 1532 1379 in
1565 1330 1691 1399 sensu
1730 1333 1943 1382 historico
1980 1334 2109 1397 quod
2155 1334 2295 1380 abiret
2326 1333 2384 1381 ab

372 1401 452 1466 illa
474 1414 606 1459 terra,
643 1400 718 1449 sed
755 1403 802 1448 in
826 1399 948 1449 sensu
973 1398 1339 1464 repraesentativo
1370 1397 1451 1456 est,
1487 1399 1614 1462 quod
1645 1399 1702 1446 ab
1724 1395 1811 1447 illis
1833 1416 1958 1464 quae.
1980 1401 2084 1447 sunt
2105 1401 2275 1447 externi
2299 1400 2385 1447 ho-

379 1469 516 1516 minis
537 1467 778 1525 recederet,
813 1466 903 1515 hoc
925 1465 1006 1524 est,
1043 1465 1168 1530 quod
1193 1478 1379 1513 externa
1408 1479 1500 1512 non
1524 1464 1772 1523 resisterent
1796 1483 1879 1514 nec
1915 1466 2292 1524 interturbarent3
2331 1467 2384 1516 &

308 1584 310 1586 .
373 1535 486 1598 quia
507 1535 565 1582 de
584 1533 810 1591 Domino,
845 1532 974 1598 quod
998 1532 1200 1582 Externa
1231 1532 1555 1580 concordarent
1577 1548 1687 1579 cum
1708 1533 1911 1581 Internis.
2375 1559 2382 1563 -

450 1618 591 1662 1412.
629 1601 776 1666 Qod
799 1616 825 1649 e
855 1600 1086 1648 nativitate
1109 1611 1205 1655 tua,
1239 1598 1463 1661 fignificet
1486 1613 1701 1662 corporea
1721 1600 1770 1647 &
1800 1601 2031 1649 mundana
2059 1602 2294 1658 exteriora,
2332 1601 2384 1648 ὅτ

377 1668 507 1732 quod
528 1685 552 1716 e
569 1667 714 1715 domo
742 1671 879 1732 patris
902 1668 970 1713 tui
994 1665 1216 1729 significet
1239 1665 1343 1712 talia
1359 1666 1581 1722 interiora,
1618 1665 1818 1713 constare
1842 1666 1988 1730 potest
2012 1684 2037 1715 a
2052 1667 2384 1730 significatione

380 1735 644 1791 nativitatis,
682 1736 731 1781 ὅτ
755 1750 780 1780 a
804 1733 1129 1796 significatione
1159 1731 1329 1778 domus
1350 1731 1498 1795 >patris
1519 1750 1530 1780 ε
1568 1730 1670 1778 sunt
1693 1732 1813 1795 apud
1837 1734 2072 1780 hominem
2097 1745 2312 1798 corporea
2335 1734 2387 1781 ὅτ

379 1800 612 1848 mundana
637 1800 860 1846 exteriora
889 1799 939 1847 ὅτ
960 1799 1185 1854 interiora,
1220 1797 1438 1845 exteriora
1460 1796 1563 1844 sunt
1586 1797 1661 1844 illa
1683 1814 1792 1862 quae
1814 1799 1999 1864 propria
2030 1798 2145 1847 sunt'
2163 1800 2384 1863 corporis,

381 1877 435 1913 ut
456 1866 713 1930 voluptates
744 1867 794 1914 ὅτ
826 1863 1049 1922 sensualia,
1084 1865 1294 1912 interiora
1334 1862 1441 1911 sunt
1460 1863 1717 1912 affectiones
1757 1865 1804 1912 ὅτ
1832 1865 2107 1922 scientifica·,
2142 1866 2243 1922 haec
2281 1865 2386 1913 sunt

380 1949 488 1996 quae
504 1932 815 1996 fignificantur
842 1947 923 1996 per
946 1932 1224 1980 nativitatem
1248 1931 1299 1978 ὅτ
1321 1946 1404 1995 per
1426 1930 1622 1979 domum
1641 1932 1780 1995 patris
1799 1953 1814 1988 ;
1849 1934 1976 1998 quod
2002 1933 2104 1980 haec
2129 1932 2386 1997 significen-

380 2010 474 2055 tur,
509 1999 716 2062 pluribus
739 1999 1000 2046 confirmari
1020 1996 1184 2062 potest,
1220 1997 1295 2045 sed
1318 1999 1424 2061 quia
1447 1997 1618 2046 constat
1646 2014 1703 2046 ex
1731 1997 1855 2058 serie,
1894 2002 1941 2047 ὅτ
1968 2015 2120 2048 rerum
2146 2000 2387 2048 intuitione

381 2066 428 2112 in
452 2064 574 2113 sensu
599 2066 792 2123 interno,
827 2062 915 2113 illis
950 2064 1273 2113 confirmandis
1307 2079 1398 2111 non
1429 2065 1786 2113 immorandum.

455 2148 596 2196 1413.
632 2133 716 2180 Ad
756 2143 938 2190 terram,
975 2147 1116 2196 quam
1151 2131 1307 2180 videre
1342 2129 1506 2179 faciam
1533 2143 1606 2187 -te,
1641 2131 1769 2196 quod
1803 2131 2026 2196 fignificet
2061 2132 2304 2198 spiritualia
2333 2133 2385 2182 ὅτ

381 2197 596 2256 coelestia,
653 2203 761 2264 quae
786 2197 1039 2247 sisterentur
1068 2198 1281 2256 videnda,
1323 2196 1496 2251 constat
1539 2214 1598 2246 ex
1641 2198 1968 2262 significatione
2014 2213 2144 2248 terrae
2169 2216 2227 2247 n:
2268 2201 2386 2258 662,

389 2266 531 2324 1066,
567 2267 617 2313 ὅτ
640 2266 831 2329 quidem
847 2287 850 2289 >
868 2265 942 2313 hic
965 2278 1097 2314 terrae
1121 2265 1357 2322 CanaaniS,
1392 2281 1474 2329 per
1508 2281 1648 2328 quam
1672 2265 2014 2329 repraesentatur
2035 2268 2258 2332 Regnum
2281 2268 2385 2315 Do-

384 2332 518 2388 mini,
547 2343 607 2386 ut
627 2347 654 2378 a
673 2331 880 2395 pluribus
902 2332 1014 2380 locis
1033 2332 1244 2380 ·constare
1266 2332 1414 2396 potest
1436 2334 1485 2380 in
1516 2332 1691 2390 Verbo,
1726 2331 1833 2379 inde
1855 2333 2001 2382 Terra
2023 2334 2206 2381 Canaan
2227 2334 2386 2398 appel·

383 2397 503 2443 latur
515 2387 670 2444 'ferra
700 2398 874 2454 Sancta,
908 2411 1010 2446 tum
1045 2399 1224 2447 Canaan
1261 2398 1486 2455 coelestis;
1541 2400 1590 2447 ὅτ
1638 2399 1746 2463 quia
1777 2398 2121 2463 repra-:sentabat
2160 2402 2384 2465 Regnum

384 2461 596 2524 Domini,
617 2463 765 2518 ‚etia‘m
787 2464 1130 2527 repraesentabat
1165 2466 1214 2512 ὅτ
1247 2465 1526 2529 significabat
1551 2465 1750 2514 coelestia
1779 2468 1829 2514 ὅτ
1863 2465 2118 2530 spiritualia,
2153 2484 2260 2532 quae
2283 2468 2393 2516 sunt.

385 2529 542 2594 Regni
564 2530 790 2586 Domini,
826 2530 899 2577 hic
923 2547 1029 2593 quae
1058 2530 1160 2580 sunt
1182 2531 1326 2594 Ipsius
1364 2533 1574 2580 Domini.

462 2607 613 2658 1414:
638 2596 764 2660 Qia
792 2595 866 2645 hic
898 2598 1049 2659 agitur
1091 2597 1148 2644 de
1175 2597 1402 2654 Domino,
1449 2613 1606 2647 arcana
1639 2598 1772 2661 plura
1803 2599 1878 2647 hic
1901 2601 2206 2657 continentur,
2242 2607 2395 2664 quam'

388 2662 581 2727 usquam
599 2663 791 2726 cogitari
815 2663 864 2709 ὅτ
895 2663 1011 2710 edici
1042 2661 1221 2726 potest;
1257 2662 1331 2710 hic
1349 2665 1474 2714 enim
1503 2665 1550 2710 in
1574 2663 1697 2711 sensu
1720 2666 1897 2713 interno
1920 2667 2189 2729 intelligitur
2208 2669 2386 2729 primus

385 2730 583 2778 Domini
605 2728 760 2787 status,
795 2729 984 2794 quando
1011 2742 1174 2785 natus,
1209 2730 1291 2792 qui
1323 2728 1458 2776 status
1479 2730 1588 2792 quia
1618 2731 1936 2787 arcanissimus,
1973 2748 2066 2780 non
2082 2733 2229 2796 potest
2252 2734 2312 2780 ita
2327 2733 2386 2781 ad

389 2809 575 2859 captum
597 2797 799 2861 exponi3
834 2794 983 2843 solum
1022 2796 1150 2860 quod
1182 2794 1317 2842 fuerit
1342 2795 1457 2842 ficut
1492 2795 1612 2843 alius
1650 2795 1811 2854 homo,
1845 2809 2014 2861 praeter
2042 2799 2168 2862 quod
2193 2797 2329 2846 fuerit
2361 2817 2400 2848 a.

390 2861 596 2923 Jehovah
618 2874 883 2928 conceptus,
918 2861 992 2909 sed
1027 2863 1154 2926 quod
1187 2861 1328 2926 usque
1366 2878 1392 2909 a
1429 2862 1608 2925 virgine
1646 2862 1834 2910 muliere
1872 2861 2021 2922 natus,
2066 2867 2114 2912 &
2148 2866 2273 2930 quod
2304 2882 2393 2929 per

390 2929 675 2976 nativitatem
721 2945 748 2976 a
784 2930 963 2992 virgine
999 2930 1185 2976 muliere
1217 2930 1404 2976 traxerit
1435 2929 1736 2987 infirmitates,
1794 2930 1948 2993 quales
1988 2930 2188 2980 hominis
2227 2932 2290 2980 est
2338 2935 2385 2980 in

391 2995 663 3049 communi·‚
698 3011 802 3059 quae
826 2995 1108 3042 infirmitates
1142 2994 1244 3042 sunt
1276 3009 1523 3058 corporeae,
1581 2994 1638 3042 de
1674 2994 1841 3064 quibus
1880 2997 1928 3044 in
1960 2996 2047 3046 hoc
2077 2998 2223 3056 versu,
2259 2999 2388 3062 quod

392 3059 449 3107 ab
472 3059 526 3105 iis
548 3058 788 3117 recederet,
821 3073 875 3107 ut
896 3059 1150 3110 sisterentur
1172 3061 1261 3126 Ipsi
1295 3062 1453 3109 videre
1475 3061 1738 3110 coelestia&
1753 3061 2032 3126 'spiritualia-z
2070 3064 2174 3112 bina
2197 3065 2389 3113 haeredi·

391 3128 502 3173 taria
523 3122 625 3172 sunt
647 3140 754 3188 quae
776 3125 1107 3176 connascuntur
1128 3126 1322 3185 homini,
1357 3122 1505 3175 unum
1529 3144 1587 3175 ex
1609 3139 1751 3192 patre,
1786 3129 1979 3177 alterum
2005 3146 2062 3177 ex
2086 3144 2258 3185 matre·‚
2294 3130 2388 3177 hae-

393 3192 654 3240 reditarium
678 3191 872 3239 Domini
899 3208 956 3239 ex
992 3203 1125 3256 patre.
1150 3192 1239 3242 fuit
1269 3195 1516 3252 Divinum,
1568 3207 1613 3242 at
1651 3195 1988 3243 haereditarium
2022 3211 2081 3243 ex
2123 3212 2266 3243 matre
2295 3193 2391 3242 ⁴fuit

393 3257 632 3308 infirmum
645 3255 909 3327 ⁴humanum
927 3278 946 3316 ς
978 3256 1067 3309 hoc
1089 3258 1347 3320 infirmum,
1382 3262 1511 3327 quod
1549 3261 1694 3312 homo
1717 3261 1846 3313 ducit
1875 3262 2166 3314 haereditario-
2180 3278 2213 3308 a-
2227 3272 2395 3374 matrei-i

2308 3338 2353 3374 ‘e
