2788 3736
456 316 587 376 612
941 301 2066 399 GEN ES‘IS.1'

454 459 552 490 rem
573 443 622 491 &
647 440 910 490 charitatem
934 453 1255 505 compararunt
1277 441 1422 499 cordi,
1457 441 1508 490 δε
1537 440 1679 489 fidem
1712 441 1939 506 pulmoni,
1974 457 2173 508 quorum
2202 458 2451 514 utrumque

455 510 503 556 in
526 510 704 572 pectore
724 531 738 564 ;
774 507 916 554 fimile
937 508 1070 554 etiam
1095 506 1174 565 est,
1211 524 1317 556 nam
1333 510 1478 556 vitam
1502 507 1609 555 fidei
1639 507 1803 572 absque
1827 509 2036 572 charitate
2054 510 2134 559 fibi
2166 513 2352 578 fingere,
2387 516 2453 566 est

454 575 568 622 ficut
590 577 732 623 vitam
757 591 814 622 ex
840 573 933 621 solo
956 574 1177 638 pulmone
1200 573 1363 638 absque
1385 574 1539 632 corde,
1587 590 1694 639 quae
1716 577 1842 638 quod
1865 591 1957 623 non
1980 575 2139 625 dabilis
2170 578 2257 637 fit,
2276 583 2452 630 unicui-

452 643 523 688 vis
554 641 751 690 constare
784 640 960 705 potest;
1011 641 1116 688 ideo
1155 642 1303 689 cordis
1328 641 1563 689 'vocabant
1598 643 1753 689 omnia
1787 657 1895 706 quae
1933 642 2157 691 charitat-is
2178 666 2193 700 ·,
2213 645 2279 694 ⁰&
2295 661 2299 681 1
2318 646 2453 696 solius

455 709 562 766 oris,
598 708 672 755 seu
704 708 935 772 pulmonis
969 723 1050 771 per
1084 707 1382 771 respirationis
1413 708 1642 755 influxum
1677 709 1723 755 in
1762 708 2006 772 loquelam,
2043 711 2196 758 omnia
2216 727 2323 775 quae
2346 711 2471 763 fidei·

453 774 618 839 absque
639 775 849 823 charitate
869 798 883 832 3
919 771 1133 822 formulae
1156 774 1260 822 inde
1282 777 1482 839 antiquae
1500 775 1557 822 de
1574 775 1703 822 bonis
1726 775 1776 823 &
1794 777 1927 833 veris,
1951 776 2078 840 quod
2101 793 2158 825 ex
2180 778 2315 828 corde
2330 780 2471 827 exire-t

454 841 658 890 debeant.
2405 875 2407 877 μ

525 912 663 971 1844.
698 910 752 956 In
774 921 890 957 terra
911 924 1017 972 quae
1041 925 1130 955 non
1172 908 1274 965 illis,
1309 908 1439 971 quod
1474 908 1694 972 significet
1722 907 1801 955 ubi
1825 908 2023 958 Ecclesia
2054 909 2167 958 ficut
2204 927 2298 959 non
2333 905 2469 961 foretl

454 976 639 1024 illorum
661 978 741 1039 qui
766 978 811 1023 in
835 975 1044 1023 charitate
1059 976 1104 1022 &
1124 975 1230 1032 fide,
1267 974 1438 1022 constat
1459 991 1516 1022 ex
1539 975 1863 1038 significatione
1886 977 2046 1023 Terrae
2067 977 2195 1040 quod
2218 978 2272 1026 fit
2287 978 2451 1027 Eccle-

452 1043 527 1099 fia,
564 1043 620 1091 de
659 1059 750 1106 qua
786 1059 843 1088 n:
872 1042 983 1103 566,
1019 1042 1131 1097 662,
1178 1042 1315 1098 1066,
1358 1042 1495 1105 1067.
1548 1042 1708 1090 Hodie
1730 1041 1976 1089 Ecclesiam
1999 1043 2249 1106 praedicant
2270 1059 2327 1092 ex
2348 1043 2454 1093 solis

453 1108 774 1157 doctrinalibus
798 1108 920 1163 fidei,
954 1109 1008 1155 v&
1030 1123 1086 1154 ex
1109 1108 1195 1154 illis
1220 1107 1505 1170 distinguunt
1521 1107 1738 1155 Ecclefias
1754 1109 1964 1165 Domini,
1989 1125 2083 1156 non
2105 1108 2310 1158 curantes
2325 1111 2448 1176 quali

452 1177 547 1223 vita
568 1175 668 1231 sint,
704 1175 797 1221 five
821 1173 924 1220 odia
941 1173 1142 1219 intestina
1165 1172 1365 1227 foveant,
1393 1174 1451 1219 -&
1475 1173 1589 1220 ficut
1605 1171 1713 1220 ferae
1736 1184 1853 1220 unus
1872 1173 2062 1221 alterurn
2082 1176 2312 1234 dilanient,
2344 1177 2447 1242 spo-

452 1242 578 1298 lient,
608 1238 855 1303 =deprivent
877 1236 1013 1295 fama,
1047 1238 1233 1294 honore,
1270 1237 1450 1301 opibus,
1486 1238 1535 1284 ὅτ
1553 1238 1690 1285 corde
1713 1250 1880 1301 negent
1896 1241 2117 1303 quicquid
2133 1240 2331 1290 sanEtum
2349 1243 2444 1300 est;

452 1323 561 1354 cum
593 1319 745 1354 tamen
781 1304 903 1369 apud
942 1303 1046 1351 tales
1084 1303 1304 1367 nusquam
1333 1302 1396 1351 est
1420 1303 1633 1360 Ecclefia,
1675 1302 1748 1351 sed
1786 1304 1908 1368 apud
1931 1304 2061 1362 illos,
2084 1307 2165 1369 qui
2185 1309 2444 1357 Dominum

451 1375 603 1420 amant
637 1374 687 1421 δε
726 1372 990 1435 proximum
1031 1370 1143 1417 sicut
1184 1369 1336 1427 semet,
1373 1369 1688 1417 conscientiam
1735 1369 1915 1426 habent,
1975 1372 2025 1418 ὅτ
2071 1371 2175 1419 talia
2219 1374 2339 1431 odia,
2388 1375 2446 1424 de

449 1439 617 1504 quibus
662 1439 855 1494 dictum,
905 1435 1188 1492 aversantur;
1240 1435 1287 1482 hi
1326 1435 1466 1500 usque
1501 1437 1616 1484 inter
1641 1436 1742 1484 illos
1765 1436 1866 1484 sunt
1886 1435 1999 1483 ficut
2015 1439 2255 1501 peregrini,
2278 1441 2328 1488 &
2351 1455 2444 1499 e08,

450 1518 672 1570 quantum
698 1504 893 1568 poffunt,
933 1503 1128 1550 meteriis
1170 1502 1345 1552 laedunt
1384 1504 1433 1549 ὅτ
1474 1503 1814 1566 persequuntur,
1857 1502 1928 1548 vel
1972 1502 2169 1566 speetant
2201 1505 2300 1553 illos
2332 1506 2447 1555 ficut

449 1572 687 1636 fimplices,
725 1570 834 1617 viles
856 1571 905 1618 δι
930 1570 1089 1625 nauci3
1125 1567 1212 1616 hoc
1235 1567 1355 1615 nunc
1375 1567 1455 1626 est,
1491 1568 1619 1631 quod
1641 1569 1933 1632 peregrinum
1957 1570 2042 1617 erit
2070 1568 2219 1619 semen
2238 1582 2373 1620 tuum
2397 1573 2445 1620 in

450 1650 579 1686 terra.
2214 1675 2216 1677 »

525 1710 662 1767 1845.
699 1702 763 1751 Et
787 1702 975 1751 servient
992 1701 1074 1761 illi,
1109 1702 1238 1766 quod
1260 1701 1482 1766 significet
1504 1702 1850 1766 oppressionem,
1887 1701 2253 1768 constare‘potest
2268 1704 2324 1753 ab
2340 1704 2450 1763 illis,

450 1787 556 1837 quae
579 1786 699 1818 nunc
724 1770 842 1817 dicta
865 1768 979 1817 sunt.
2251 1804 2254 1808 -

523 1838 659 1898 1846.
695 1836 759 1884 Et
793 1836 993 1899 affligent
1023 1835 1141 1892 illos,
1179 1833 1308 1899 quod
1343 1834 1570 1899 significet
1608 1836 1885 1884 tentationes·
1913 1834 2097 1884 illorum
2121 1851 2296 1901 graves,
2332 1852 2445 1892 con·-

448 1905 559 1954 stare
582 1902 727 1968 potest
744 1919 770 1950 a
790 1902 1112 1966 significatione
1134 1902 1328 1965 affligere
1352 1900 1424 1948 seu
1448 1903 1713 1959 afflictionis,
1749 1902 1874 1966 quod
1891 1901 1945 1950 fit
1967 1901 2230 1966 persecutio,
2256 1904 2450 1968 proinde·

449 1972 576 2035 quod
601 1971 654 2019 fit
675 1971 861 2017 tentatio
881 1991 895 2025 ;
932 1969 977 2015 in
994 1968 1148 2016 Verbo
1164 1969 1355 2016 Domini
1381 1967 1492 2015 nihil
1508 1968 1629 2016 aliud
1653 1984 1733 2033 per
1755 1962 2043 2017 affliffionem
2066 1966 2359 2033 significatur,
2393 1983 2447 2018 ut

450 2037 573 2101 apud
594 2035 787 2092 Esaiam,
825 2040 859 2062 “
883 2029 1098 2099 Pu'rgabo
1121 2047 1181 2092 te,
1218 2035 1267 2082 ὅτ
1284 2051 1376 2082 non
1392 2047 1596 2098 argento,
1633 2035 1816 2098 seligam
1836 2047 1881 2082 te
1904 2036 1951 2082 in
1974 2036 2123 2084 catino
2146 2036 2445 2097 Affiiblionis?

452 2119 615 2150 varu
640 2122 651 2151 ε
684 2121 756 2152 10.
792 2102 973 2149 afflictio
995 2117 1080 2165 pro
1103 2103 1347 2149 tentatione
1367 2118 1377 2147 :
1414 2101 1538 2164 apud
1552 2100 1732 2158 Mosen,
1771 2105 1805 2128 “
1830 2099 2153 2150 Recordaberis
2176 2104 2323 2149 omnis
2337 2103 2443 2160 viae,

455 2175 487 2196 “
521 2186 612 2233 qua
635 2169 768 2216 duxit
790 2180 833 2215 te
850 2167 1055 2229 Jehovah
1071 2169 1198 2216 Deus
1221 2179 1326 2214 tuus
1350 2166 1419 2214 his
1441 2167 1740 2231 quadraginta
1767 2169 1893 2214 annis
1917 2169 1963 2215 in
1987 2167 2175 2226 deserto,
2210 2180 2449 2230 propterea

454 2240 488 2263 “
525 2235 583 2282 ad
602 2234 879 2298 Affitgendum
901 2247 945 2280 te
967 2235 1017 2281 ὅτ
1041 2234 1097 2281 ad
1121 2233 1384 2282 Tentandum
1404 2245 1462 2280 te.
1533 2232 1738 2294 Jehovah
1758 2233 1910 2279 cibans
1933 2245 1978 2279 te
2002 2246 2164 2280 manna
2187 2235 2233 2279 in
2257 2233 2449 2291 deserto,

452 2306 487 2328 “
522 2318 662 2364 quam
686 2317 778 2348 non
801 2312 1028 2347 noverunt
1059 2313 1205 2364 patres
1233 2301 1318 2356 tui,
1355 2311 1591 2362 propterea
1627 2299 1684 2346 ad
1709 2297 1983 2360 Affligendum
2023 2310 2084 2355 te,
2119 2300 2169 2346 ὅτ
2209 2312 2450 2363 propterea

453 2372 487 2393 “
522 2367 579 2413 ad
602 2368 864 2414 Tentandum
885 2379 946 2422 te,
983 2366 1041 2412 ad
1065 2364 1436 2413 benefaciendum
1461 2364 1544 2410 tibi
1567 2365 1614 2411 in
1638 2364 1916 2427 postremo,''
1950 2364 2073 2411 Deut
2093 2382 2103 2412 :
2130 2362 2230 2411 v'111
2254 2384 2265 2414 :
2294 2382 2340 2420 2',
2373 2367 2444 2414 16.

453 2434 647 2496 affligere
660 2429 889 2479 manifeste
902 2447 987 2494 pro
1002 2443 1192 2479 tentare:
1219 2430 1340 2494 apud
1350 2430 1582 2487 Eundem,
1611 2435 1644 2457 ‘⁶
1662 2431 1784 2478 Cum
1801 2428 2118 2478 malefecerunt
2127 2429 2256 2478 nobis
2265 2433 2448 2496 AEgyp-

454 2504 489 2526 “
524 2500 591 2554 tii,
615 2500 663 2546 &
681 2499 931 2547 afflixerunt
947 2514 1046 2554 nos,
1065 2499 1113 2545 ὅτ
1130 2497 1351 2544 dederunt
1368 2495 1501 2560 super
1516 2512 1598 2543 nos
1600 2497 1856 2559 servitutem
1871 2501 2050 2553 duram,
2075 2497 2125 2544 δε
2149 2496 2446 2546 clamavimus

454 2570 490 2606 ‘f
524 2565 581 2612 ad
590 2565 811 2626 Jehovam
827 2561 981 2611 Deum
996 2576 1178 2627 patrum
1195 2563 1468 2620 nostrorum,
1507 2564 1557 2610 &
1571 2563 1803 2611 exaudivit
1816 2562 2025 2624 Jehovah
2042 2578 2207 2610 vocem
2231 2563 2446 2621 nostram,
2513 2618 2517 2622 ¹

456 2636 490 2658 “
525 2632 575 2678 &
599 2631 716 2678 vidit
728 2630 1002 2693 AffliHionem
1015 2630 1230 2687 nostram,
1253 2630 1305 2677 &
1322 2629 1524 2677 laborem
1540 2628 1761 2686 nostrum,
1786 2631 1835 2676 &
1853 2631 2182 2693 oppreffionem
2199 2629 2446 2686 nostram,'¹-

454 2698 582 2744 Deut
601 2716 610 2744 :
637 2713 780 2745 xxvi:
806 2698 855 2753 6,
895 2713 937 2760 7.
974 2696 1048 2743 hic
1071 2697 1231 2744 eadem
1262 2711 1368 2759 quae
1406 2697 1452 2742 in
1491 2694 1579 2742 hoc
1618 2695 1765 2752 versu,
1801 2697 1929 2758 quod
1952 2694 2163 2742 servirent
2192 2696 2242 2743 &
2279 2697 2448 2758 afflige-

456 2776 622 2820 rentur,
658 2780 741 2827 per
762 2775 868 2827 quae
893 2763 1157 2826 significatae
1198 2761 1399 2809 similiter
1422 2757 1701 2808 ‘tentationes
1732 2760 1962 2818 fidelium,
1989 2762 2100 2808 ficut
2123 2762 2257 2808 etiam
2280 2777 2362 2823 per
2383 2759 2448 2808 af·
2526 2771 2530 2775 “

456 2829 672 2875 Ηίξὶίοῃεε
696 2845 854 2876 eorum
878 2830 923 2875 in
949 2828 1135 2885 deserto,
1172 2845 1254 2892 per
1275 2844 1385 2892 quas
1407 2843 1593 2891 quoque
1614 2825 1940 2891 repraesentatae
1959 2828 2149 2874 Domini
2165 2829 2447 2884 tentationes,

456 2906 509 2940 ut
532 2895 652 2958 apud
676 2895 870 2951 Esaiam,
909 2899 941 2922 “
965 2895 1254 2952 Contemtus,
1290 2895 1361 2941 vir
1384 2894 1614 2951 dolorum,
1651 2894 1772 2941 unde
1805 2894 1926 2957 quasi
1965 2892 2208 2939 occultatio
2231 2891 2447 2940 facierum

454 2964 491 2990 ‘²
527 2961 582 3006 ab
605 2959 724 3024 Ipso,
760 2972 1030 3018 contemtus,
1069 2963 1118 3008 ὅτ,
1156 2976 1250 3008 non
1272 2962 1579 3023 reputavimus
1600 2960 1776 3014 illum,
1812 2970 2124 3004 verumtamen
2158 2958 2342 3005 morbos
2367 2975 2450 3006 no.-

460 3032 495 3054 “
529 3026 640 3073 stros
670 3024 768 3090 Ipse
804 3025 924 3082 tulit,
960 3027 1010 3073 δε
1034 3026 1210 3074 dolores
1246 3027 1417 3074 nostros
1434 3027 1656 3089 portavit,
1693 3039 1775 3071 nos
1815 3039 1928 3071 vero
1958 3026 2268 3087 reputavimus
2292 3025 2447 3088 Ipsum

460 3097 496 3120 “
530 3093 783 3155 plagatum,
817 3092 1070 3153 percussum
1097 3093 1202 3147 Dei,
1239 3094 1289 3140 ὅτ
1310 3091 1573 3152 Αβῖἰὲῗιιννι,”
1622 3106 1753 3150 L111;
1782 3108 1832 3153 3,
1864 3109 1912 3150 4.
1953 3107 2032 3154 per
2072 3091 2171 3138 haec
2193 3091 2448 3154 significan-

457 3170 535 3206 tur
546 3156 845 3205 *Tentationes
871 3156 1060 3203 Domini
1081 3179 1095 3212 ς
1131 3157 1256 3220 quod
1281 3156 1464 3203 morbos
1488 3155 1659 3203 nostros
1677 3155 1843 3214 tulerit,
1879 3158 1929 3204 ὅτ
1953 3157 2130 3204 dolores
2154 3156 2325 3209 nostros
2341 3172 2445 3219 por-

458 3226 638 3282 taverit,
675 3240 765 3272 non
790 3221 1070 3288 intelligitur,
1106 3222 1231 3290 quod
1269 3222 1423 3272 fideles
1466 3221 1636 3271 nullam
1661 3224 1953 3273 tentationem
1978 3222 2181 3291 subituri,
2217 3239 2299 3270 nec
2323 3221 2448 3284 quod

2262 3299 2448 3353 peccata
