2788 3736
368 247 498 340 169
936 213 1037 303 G·
1096 237 1381 321 Esfgf-N.
1421 237 1482 300 E
1575 236 1634 314 ,9,
1675 237 1763 331 >I
1848 237 1912 309 82

366 385 417 423 “.
437 379 569 435 bum,
611 377 659 425 &
684 372 935 423 vindicavit
959 371 1091 419 illum
1116 388 1140 418 e
1175 386 1320 417 manu
1342 370 1564 423 Fortioris-
1593 369 1721 427 illo,”
1747 385 1860 417 xxm
1876 390 1900 419 :-
1921 388 1983 420 11.
2022 371 2101 420 ubi
2134 369 2271 421 fortes
2296 372 2380 421 alia

369 462 499 494 voce.
531 478 536 482 .
571 441 716 507 Qod
742 439 944 495 Enakin,
980 439 1061 502 qui
1087 453 1144 484 ex
1167 436 1428 501 Nephilim,
1477 433 1616 502 fortea
1642 431 1880 499 praedicati
1915 437 2016 494 sint,
2049 437 2222 487 constat
2257 440 2381 504 apud

370 511 553 570 Mosen,
593 515 625 536 “
652 505 831 554 Transis
863 505 999 567 hodie
1025 503 1290 565 Jordanem,
1325 501 1550 550 veniendo
1573 501 1629 548 ad
1646 501 1971 565 *poffidendu‘m
2001 517 2159 568 gentes
2196 522 2382 569 magnas

375 575 410 606 ἶ(
442 578 493 624 δε
518 572 770 623 numerosas
793 588 890 637 prae
908 584 974 629 te,
989 618 996 631 ‚7
1010 571 1141 635 urbes
1166 586 1352 634 magnas
1383 570 1433 616 ὅτ.
1458 570 1653 616 munitas
1690 570 1737 615 in
1766 568 1960 625 coelum,
1995 570 2222 633 populum
2250 587 2378 634 mag-

376 642 410 671 “
445 658 559 690 num
582 642 631 689 &
659 636 903 696 excelsum,
938 635 1056 686 filios
1074 636 1277 695 Enakim,
1313 651 1428 700 quos
1451 647 1503 682 tu
1527 635 1660 692 nosti,
1695 636 1745 683 ὅτ
1768 647 1821 682 tu
1845 634 2068 693 audivisti,
2093 640 2184 700 quis
2201 639 2380 699 corfistet

386 714 420 736 “
455 725 594 767 coram
615 707 726 768 filiis
748 706 986 769 Enakim‚’'
1020 704 1174 752 Deut:
1218 719 1298 751 ix:
1343 722 1385 761 1,
1415 699 1458 750 a.
1602 760 1608 762 ὴ
1852 733 1854 735 ψ
1922 752 1925 756 ,
2321 755 2324 758 ,

398 814 404 821 .,
447 779 558 839 584.
584 771 733 830 ‚Versz
763 790 807 836 5.
844 773 907 821 Et
928 771 1044 820 vidit
1066 770 1288 834 Jehovah,
1312 767 1422 834 quod
1434 766 1762 830 multiplicatum
1785 768 1941 816 malum
1964 767 2142 817 hominis
2163 771 2209 817 in
2232 779 2383 826 terra·,

379 841 435 891 δέ)
478 838 592 890 omite
607 839 858 902 figmentum
880 839 1179 901 cogitationum
1203 836 1337 884 cordis
1371 837 1460 899 ejus
1479 835 1734 897 solummodo
1767 834 1923 882 malum
1943 838 2067 893 ‚om-ni
2089 836 2190 884 die..
2239 835 2387 899 Quod

376 907 546 964 viderit
569 906 791 970 Jehovah,
826 905 953 969 quod
979 904 1332 967 multiplicatum
1359 900 1533 948 malum
1558 901 1754 949 hominis
1779 902 1979 959 interra,
2016 900 2239 965 fignificat
2250 901 2410 965 quod,

383 974 595 1032 voluntas
644 972 753 1020 boni
808 971 1028 1035 inceperit
1074 970 1198 1017 nulla
1244 969 1358 1016 effe:
1411 983 1550 1014 omne
1592 967 1871 1029 figmentum
1918 969 2251 1030 cogitationum
2289 984 2388 1016 cor·

380 1040 452 1088 dis
492 1037 786 1089 solummodo
820 1038 994 1086 malurn
1035 1037 1163 1084 omni
1202 1035 1292 1101 die,
1345 1033 1568 1098 significat
1604 1034 1739 1097 quod
1773 1033 1896 1081 nulla
1934 1036 2166 1099 perceptio
2202 1037 2299 1083 veri
2337 1036 2388 1083 ὅτ,

383 1106 509 1155 boni.

451 1178 562 1237 585.
601 1172 748 1236 Qod
785 1187 866 1235 per
899 1169 1256 1234 multiplicatum
1281 1167 1456 1216 malum
1480 1168 1679 1216 hominis
1704 1168 1752 1214 in
1775 1179 1893 1214 terra
1927 1166 2221 1230 significetur,
2261 1159 2390 1231 quod

382 1240 595 1289 voluntas
634 1238 744 1286 boni
783 1238 999 1301 inceperit
1037 1236 1161 1283 nulla
1198 1235 1298 1292 effe,
1335 1234 1507 1282 constat
1546 1251 1571 1282 a
1594 1232 1970 1299 praecedentibus,
2025 1235 2152 1297 quod
2193 1235 2389 1298 amplius

385 1306 512 1355 nulla
534 1305 758 1370 voluntas,
796 1303 870 1351 sed
908 1302 1056 1350 solum
1086 1301 1311 1366 cupiditas
1333 1310 1349 1357 ς·
1383 1313 1486 1349 turn
1510 1317 1568 1348 ex
1590 1300 1916 1364 significatione
1939 1299 2137 1347 hominis
2173 1303 2220 1347 in
2244 1313 2392 1356 tetra·,

385 1375 532 1422 Terra
555 1373 600 1419 in
626 1371 783 1418 literali
822 1368 961 1426 sensu,
997 1367 1060 1416 est
1099 1368 1180 1415 ubi
1213 1367 1356 1416 homo
1376 1390 1390 1424 3
1428 1369 1474 1416 in
1499 1369 1676 1415 interno
1699 1367 1778 1413 ubi
1803 1381 1948 1422 amor,
1989 1367 2069 1430 qui
2092 1367 2200 1430 quia
2221 1365 2286 1414 est
2309 1382 2394 1413 vo-

388 1440 591 1495 luntatis,
629 1449 706 1485 aut
744 1437 1022 1501 cupiditatis,
1060 1436 1175 1482 terra
1204 1450 1292 1498 pro
1334 1433 1425 1498 ipsa
1456 1434 1691 1482 voluntate
1731 1432 1932 1481 hominis
1967 1431 2193 1488 sumitur;
2251 1432 2394 1480 homo

389 1507 514 1553 enim
540 1522 565 1552 a
586 1503 704 1551 velle
732 1503 795 1550 est
819 1503 976 1559 homo,
1014 1517 1106 1548 non
1141 1501 1200 1548 ita
1231 1499 1262 1548 'a
1299 1499 1407 1560 scire
1429 1501 1480 1548 ὅτ
1506 1500 1770 1564 intelligere,
1806 1500 1914 1562 quia
1938 1497 2044 1546 scire
2067 1499 2116 1546 ὅτ.
2139 1499 2397 1561 intelligere-

391 1573 494 1620 fluit
530 1586 587 1618 ex
609 1568 703 1634 ejus
727 1570 860 1626 velle,
897 1567 1124 1632 quicquid
1159 1583 1249 1615 non
1275 1567 1376 1614 fluit
1406 1583 1462 1613 ex
1486 1566 1600 1614 velle
1628 1565 1867 1632 ejus,‚non
1901 1563 2008 1612 scire
2029 1565 2135 1612 vult
2149 1581 2240 1612 nec
2264 1565 2393 1612 intel-

392 1638 569 1702 ligere,
622 1638 718 1684 imo
757 1652 866 1684 cum
907 1635 1031 1682 aliud
1070 1633 1274 1698 loquitur
1311 1634 1362 1681 δε
1400 1634 1512 1696 agit,
1563 1649 1705 1696 quam
1728 1631 1847 1689 vult,
1883 1630 2024 1694 usque
2063 1631 2129 1679 est
2151 1631 2396 1684 voluntatis

393 1703 632 1768 quoddam
657 1719 682 1748 a
704 1701 883 1766 loquela
905 1701 955 1748 δε
977 1701 1152 1748 actione
1192 1701 1428 1756 remotius,
1464 1699 1592 1762 quod
1628 1715 1736 1747 eum
1769 1698 1899 1760 regit.
1971 1698 2119 1761 Qod
2139 1699 2284 1745 Terra
2306 1698 2394 1745 Ca·
2438 1702 2440 1707 ’

392 1787 505 1818 naan
530 1768 602 1816 seu
626 1769 771 1816 Terra
793 1767 955 1814 Sancta
986 1782 1072 1830 pro
1097 1768 1292 1822 Amore,
1329 1765 1379 1813 δε
1410 1765 1470 1812 fic
1494 1781 1580 1828 pro
1601 1765 1838 1812 voluntate
1873 1762 2067 1810 coelestis
2104 1763 2306 1811 hominia
2322 1779 2395 1811 ac-

395 1837 603 1900 cipiatur,
641 1834 796 1882 multis
819 1850 875 1881 ex
897 1833 1055 1880 Verbo
1085 1831 1343 1880 confirmari
1367 1830 1546 1895 potest;
1582 1832 1747 1894 pariter
1767 1828 1895 1893 quod
1933 1841 2066 1876 terrae
2096 1829 2307 1892 gentium
2326 1829 2400 1881 ,di-

393 1901 624 1950 versarum
647 1917 733 1965 pro
757 1900 987 1948 amoribus
1010 1899 1216 1956 illorum,
1251 1899 1333 1961 qui
1369 1900 1416 1945 in
1455 1913 1619 1961 genere
1642 1896 1745 1944 sunt
1768 1911 1898 1943 amor
1918 1893 1985 1942 sui
2007 1896 2057 1943 &
2092 1895 2254 1943 mundi
2274 1917 2288 1952 ;
2326 1894 2399 1944 sed

396 1971 505 2033 quia
526 1970 658 2016 toties
682 1969 884 2024 recurrit,
923 1982 1013 2013 non
1038 1965 1111 2012 hic
1137 1965 1226 2012 loci
1250 1963 1595 2012 immorandum
1616 1985 1630 2019 3
1666 1963 1771 2011 inde
1810 1960 1998 2017 constat,
2033 1961 2161 2024 quod
2201 1977 2282 2024 per
2302 1977 2399 2008 ma-

398 2034 497 2082 lum
523 2034 720 2081 hominis
745 2035 792 2079 in
821 2044 950 2088 terra,
987 2031 1267 2095 significetur
1300 2030 1477 2077 malum
1513 2026 1609 2092 ejus
1649 2027 1864 2084 naturale,
1899 2026 2025 2090 quod
2050 2025 2400 2083 est'voluntatis,

398 2099 531 2165 quod
562 2099 919 2163 multiplicatum
944 2098 1127 2154 dicitur,
1163 2098 1272 2160 quia
1294 2112 1386 2143 non
1418 2099 1480 2143 ita
1502 2095 1803 2158 depravatum
1825 2093 1944 2156 apud
1969 2108 2146 2149 omnes,
2181 2093 2294 2155 quin
2318 2093 2401 2142 bo-

400 2182 515 2215 num
540 2166 634 2213 aliis
658 2164 841 2219 vellent,
879 2163 954 2211 sed
973 2162 1037 2210 sui
1063 2161 1218 2211 causa:
1257 2174 1301 2210 at
1325 2163 1454 2226 quod
1487 2159 1668 2226 prorsus
1704 2158 1967 2224 perversum
2003 2157 2202 2218 fadtum,
2231 2158 2294 2206 est
2318 2160 2407 2224 fig-

402 2244 615 2281 mentum
639 2233 972 2295 cogitationum
997 2227 1162 2277 cordis.

474 2300 586 2362 586.
623 2299 662 2345 F
665 2299 924 2362 igmentum
949 2296 1282 2360 cogitationum
1315 2294 1465 2342 cordis
1500 2293 1794 2342 solummodo
1829 2291 2002 2340 malum
2034 2291 2163 2339 omni
2188 2291 2278 2349 die,
2313 2292 2404 2357 sig-

392 2366 578 2422 unificat,
613 2363 740 2427 quod
763 2362 890 2410 nulla
912 2363 1142 2426 perceptio
1165 2361 1274 2408 boni
1310 2362 1359 2408 &
1394 2361 1508 2417 veri,
1543 2376 1601 2407 ex
1633 2359 1776 2416 causa,
1809 2370 1863 2406 ut
1887 2359 2063 2406 dictum
2087 2359 2137 2406 &
2160 2357 2404 2415 ostensum,

441 2431 536 2479 uod
592 2429 854 2477 doctrinalia
899 2429 1006 2475 fidei
1046 2426 1342 2475 immerserint
1380 2424 1519 2474 foedis
1565 2426 1651 2474 suis
1707 2425 2065 2502 cupiditatibus;
2122 2424 2252 2487 quod
2284 2441 2407 2474 -cum

406 2448 598 2553 gitium,
639 2497 773 2560 periit
811 2497 960 2542 omnis
998 2494 1248 2558 perceptio,
1283 2494 1333 2540 ὅτ
1373 2493 1476 2541 loco
1499 2493 1800 2558 perceptioms
1830 2491 2028 2539 successit
2052 2491 2149 2537 dira
2170 2489 2430 2554 persuafi0,'

409 2563 485 2612 seu
508 2562 865 2614 obfirmatiffima
887 2562 936 2608 δι
962 2561 1202 2612 morticina
1224 2560 1462 2623 phantasia,
1503 2576 1609 2623 quae
1633 2575 1817 2622 quoque
1849 2556 1936 2605 fuit
1959 2557 2087 2613 causa
2108 2556 2409 2605 exstinffionis

381 2626 385 2634 ’
411 2631 463 2679 ὅτ
493 2629 796 2677 suffocationis
827 2643 1016 2682 eorum,
1053 2626 1271 2690 persuasio
1306 2626 1379 2673 illa
1402 2625 1572 2674 lethalis
1596 2625 1874 2689 significatur
1909 2624 1983 2672 hic
2020 2639 2100 2687 per
2129 2624 2408 2686 figmentum

413 2696 746 2761 cogitationum
769 2694 934 2751 cordis,
975 2705 1020 2740 at
1058 2709 1139 2757 per
1183 2693 1460 2756 figmentum
1499 2693 1666 2749 cordiS,
1701 2690 1863 2754 absque
1878 2720 1890 2746 5
1901 2701 2017 2737 voce
2055 2689 2409 2751 cogitationum,

417 2762 695 2826 significatur
718 2760 892 2807 malum
917 2761 1083 2807 amoris
1122 2757 1188 2805 sui
1222 2758 1295 2805 seu
1320 2758 1645 2822 cupiditatum,
1687 2770 1743 2804 ut
1775 2759 1822 2803 in
1861 2751 2070 2818 sequente
2093 2770 2203 2802 V111
2230 2754 2409 2818 Capite,
2431 2766 2436 2773 '

424 2828 505 2875 ubi
528 2828 645 2874 dixit
668 2827 888 2888 Jehovah,
924 2825 1163 2890 postquam
1185 2825 1351 2872 Noach
1382 2824 1598 2871 obtulerit
1619 2820 1892 2877 holocausta,
1930 2825 1966 2847 “
1988 2820 2102 2867 Non
2125 2819 2291 2866 addam
2316 2835 2435 2868 ma-·

421 2898 456 2921 “
492 2893 680 2941 ledicere
703 2893 897 2956 amplius
920 2893 1066 2939 humo
1089 2903 1275 2955 propter
1297 2890 1551 2946 hominem,
1584 2905 1641 2935 eo
1675 2888 1801 2951 quod
1825 2885 2088 2948 Figmentum
2111 2886 2246 2933 cordis
2266 2885 2416 2951 horni-

386 3001 393 3009 .
425 2965 460 2987 “
494 2961 581 3007 nis‘
604 2958 776 3012 malum
816 2975 840 3004 a
863 2960 1054 3021 pueritia
1075 2957 1220 3020 ejus,’'
1256 2972 1330 3004 21.
1373 2956 1673 3017 Figmentum
1695 2952 1775 3009 est,
1810 2951 1936 3015 quod
1960 2951 2104 2998 homo
2127 2952 2305 3000 sibimet
2327 2939 2414 3001 fin-

421 3026 508 3090 git,
542 3026 593 3073 &
618 3024 673 3070 de
696 3023 893 3087 quofibi
915 3023 1182 3087 persuadet;
1230 3033 1283 3069 ut
1320 3020 1442 3082 apud
1468 3017 1727 3076 Habakuk,
1764 3023 1798 3045 “
1823 3017 1958 3083 Qid
1978 3017 2160 3081 prodest
2193 3017 2414 3083 sculptile,

423 3097 458 3119 ‘⁶
492 3092 599 3155 quia
636 3088 816 3153 sculpsit
854 3089 967 3136 illud
989 3091 1136 3137 Fio‘ior
1157 3085 1267 3150 ejuS,
1305 3084 1432 3134 fusile
1457 3085 1506 3132 &
1531 3086 1702 3150 docens·
1733 3085 2044 3141 mendacium,
2080 3086 2187 3148 quia
2225 3086 2417 3136 confidit

421 3158 623 3217 “..fietor
642 3157 859 3218 thmento
899 3155 977 3201 suo
1001 3154 1130 3216 super
1160 3168 1216 3204 eo
1240 3152 1296 3198 ad
1319 3146 1579 3199 faciendum
1620 3151 1739 3198 idola
1772 3146 1953 3212 muta,⁵’
1981 3166 2049 3198 11:
2083 3155 2170 3199 18.»
2212 3149 2440 3215 sculptile⁷

425 3221 965 3290 fignificat-persuasiones
987 3218 1110 3272 falsas
1133 3234 1191 3273 ex
1215 3219 1445 3282 conceptis
1468 3218 1519 3265 δε
1543 3217 1733 3267 exclusis
1760 3235 1787 3268 a
1809 3213 1945 3286 semet
1982 3217 2217 3283 principiis
2236 3239 2252 3275 3
2285 3217 2419 3269 fictor

657 3300 661 3306 '
1832 3311 1837 3313 ·
2161 3318 2166 3322 ·
2353 3287 2417 3336 est
