2788 3736
923 262 2011 334 CAPUT·SEXTUM.'
2349 275 2483 360 169

455 398 662 461 suerunt,-
692 401 743 452 &
766 403 1110 467 perceptionem
1133 413 1383 467 potuerunt
1402 400 1565 450 habere
1588 401 1742 460 talem,
1773 419 1881 468 quae
1903 398 2092 451 describi
2113 404 2305 469 nequit3
2341 423 2482 473 quare

450 472 485 520 fi
508 469 849 528 describeretur,
873 469 1017 534 qualis
1036 468 1197 527 fuiffet,
1224 471 1332 535 quia
1343 485 1436 517 non
1454 481 1711 533 caperetur,
1725 471 1862 518 etiam
1878 486 1962 518 nec
1978 469 2250 520 crederetur.
2320 475 2413 523 Sed
2428 479 2478 524 in

432 537 642 603 --posteris
682 554 843 585 eorum
875 536 1129 601 Respiratio
1183 536 1260 584 illa
1296 538 1471 583 interna
1515 535 1752 599 paullatim
1784 535 2103 594 evanescebat3
2143 539 2195 587 ὅτ
2234 541 2359 605 apud
2382 558 2478 600 eos,

452 605 534 669 qui
556 605 665 652 diris
699 604 1055 669 persuasionibus
1093 603 1143 652 &
1165 602 1403 667 phantasiis
1444 604 1674 666 occupati,
1712 601 1809 649 talis
1839 602 1972 660 faCta,
2007 617 2059 652 ut
2093 605 2271 656 nullam
2303 610 2478 674 cogita-

449 673 590 719 tionis
615 674 762 719 ideam
787 670 931 719 sistere
959 670 1157 734 amplius
1180 669 1440 733 potuiffent,
1467 668 1548 715 nifi
1573 667 1972 727 deformiffimam,
2003 669 2131 735 cujus
2156 673 2342 724 effectus
2372 675 2481 734 fuit,

451 753 503 786 ut
541 757 633 786 non
674 739 957 802 supervivere
989 735 1180 799 possent,
1215 750 1351 799 quare
1374 750 1535 783 omnes
1559 733 1627 782 illi
1650 734 1855 782 exstincti
1880 736 1994 784 sunt.

521 807 631 855 608.
672 802 876 864 Quando
899 802 1025 850 desiit
1044 802 1298 867 Respiratio
1321 803 1510 859 interna,
1537 801 1695 849 senfim
1715 801 1850 848 subiit
1867 802 2099 867 respiratio
2113 818 2308 866 externa,
2333 806 2483 874 qualis

454 871 544 920 fere
569 873 735 927 hodie,
777 872 828 918 δε
865 885 974 917 cum
1007 868 1293 932 respiratione
1326 881 1511 916 externa
1548 868 1731 932 loquela
1764 884 1955 926 vocum,
1996 869 2069 918 seu
2105 871 2199 919 soni
2236 877 2476 936 articulati,

452 941 499 987 in
516 955 655 1003 quem
673 935 1086 988 determinabantur
1110 936 1226 984 ideae
1243 937 1558 999 cogitationis;
1585 937 1646 982 ita
1661 948 1866 984 mutatus
1888 935 1951 984 est
1971 937 2150 1001 prorsus
2171 938 2310 989 status
2326 943 2477 991 homi·-

451 1009 538 1062 niS,
557 1007 606 1053 δε
631 1004 729 1052 talis
746 1003 907 1060 faetus,
925 1015 979 1050 ut
1002 1019 1094 1050 non
1118 1001 1311 1066 amplius
1327 1004 1670 1066 perceptionem
1679 1002 1874 1051 similem
1888 1005 2099 1068 potuifl‘et
2114 1005 2292 1065 habere,
2314 1008 2389 1056 sed
2407 1010 2482 1058 lo-

447 1088 508 1120 co
524 1073 825 1136 perceptionis
849 1069 974 1117 aliud
995 1068 1233 1132 quoddam
1259 1069 1502 1126 dictamen,
1537 1070 1665 1133 quod
1688 1072 1842 1118 vocari
1866 1070 2013 1135 potest
2034 1071 2340 1132 Conscientia,
2368 1093 2478 1125 nam

450 1139 734 1187 conscientiae
756 1136 901 1196 simile
940 1149 1049 1194 erat,
1103 1135 1276 1183 tametsi
1312 1136 1548 1200 quoddam
1572 1137 1898 1185 intermedium
1924 1139 2040 1186 inter
2061 1142 2401 1204 perceptionem
2424 1144 2478 1192 δε

450 1205 769 1254 Conscientiam
781 1203 916 1252 hodie
940 1203 1211 1267 quibusdam
1235 1216 1392 1251 notam
1415 1223 1425 1252 :
1462 1204 1680 1268 Cumque
1704 1205 1803 1253 talis
1827 1205 2146 1255 determinatio
2169 1208 2372 1256 idearum
2397 1227 2480 1259 co-

447 1273 680 1336 gitationis
719 1271 850 1328 facta,
887 1287 1052 1334 nempe
1087 1271 1134 1318 in
1159 1287 1294 1318 voces
1335 1270 1550 1336 loquelae,
1586 1283 1698 1318 tunc
1729 1288 1811 1320 nec
1828 1273 2025 1338 amplius
2048 1286 2297 1338 potuerunt
2319 1276 2478 1326 instrui

447 1341 509 1387 ita
544 1356 623 1403 per
647 1341 878 1387 internum
900 1339 1156 1395 hominem,
1183 1350 1236 1384 ut
1261 1338 1404 1386 homo
1425 1338 1773 1402 antiquissimus,
1815 1339 1891 1387 sed
1918 1356 2001 1404 per
2029 1352 2300 1399 externum3
2334 1358 2478 1408 quare

445 1419 558 1455 tunc
596 1407 703 1466 loco
740 1402 1070 1454 revelationum
1109 1406 1455 1469 Antiquiffimae
1482 1404 1699 1453 Ecclesiae
1724 1405 2022 1455 successerunt
2053 1407 2331 1466 doctrinalia,
2366 1426 2485 1474 quae

448 1473 643 1528 sensibus
666 1474 859 1521 externis
883 1474 1091 1537 primum
1131 1484 1412 1536 caperentur,
1453 1487 1510 1520 ex
1532 1471 1700 1536 quibus
1718 1472 1834 1521 ideae
1864 1475 2102 1522 memoria:
2129 1476 2396 1534 materiales,
2419 1477 2481 1525 δε

447 1541 556 1588 inde
578 1541 695 1588 ideae
718 1541 1008 1606 cogitationis
1031 1537 1367 1598 formarentur,
1379 1555 1462 1604 per
1488 1556 1602 1603 quas
1622 1539 1672 1588 δι
1698 1539 1948 1588 secundum
1970 1557 2082 1605 quas
2107 1540 2440 1590 instruebantur
2455 1562 2479 1592 ;

447 1609 552 1655 inde
575 1606 681 1666 fuit,
717 1607 846 1672 quod
876 1607 975 1655 haec
1002 1606 1214 1664 Ecclefia,
1250 1623 1362 1671 quae·
1397 1606 1615 1666 succeffit,
1664 1606 1846 1672 prorsus
1884 1607 2026 1655 alium
2063 1609 2254 1671 genium
2294 1609 2481 1668 habuit,

384 1734 389 1738 1
444 1692 586 1740 quam
611 1675 969 1739 Antiquiffima3
1006 1675 1052 1721 in
1075 1690 1216 1738 quem
1241 1675 1449 1738 genium,
1485 1674 1560 1723 seu
1584 1675 1631 1722 in
1649 1690 1797 1738 quem
1821 1673 2013 1732 statum,
2043 1675 2127 1722 nisi
2140 1677 2375 1725 Dominus
2399 1693 2471 1725 re-

448 1743 639 1806 degiffet
661 1743 819 1789 Genus
844 1741 1120 1797 humanum,
1156 1740 1380 1804 nusquam
1404 1741 1566 1804 aliquis
1590 1739 1733 1788 homo
1757 1740 1913 1790 salvari
1937 1742 2165 1804 potuisset.

515 1811 628 1874 609.
664 1809 793 1869 Qia
812 1807 950 1854 status
986 1807 1192 1854 hominis
1223 1805 1357 1870 hujus
1382 1806 1614 1863 Ecclesiae,
1650 1823 1759 1870 quae
1786 1807 2007 1855 Noachus
2045 1821 2252 1866 vocatur,
2288 1809 2476 1873 prorsus

448 1875 652 1923 mutatus
674 1873 737 1921 est
773 1890 799 1921 a
820 1873 934 1921 statu
958 1873 1156 1920 hominis
1192 1874 1536 1938 Antiquiffimae
1558 1872 1792 1931 Ecclefiae,
1827 1890 1920 1922 non
1952 1875 2106 1937 potuit
2142 1876 2338 1939 amplius
2376 1876 2476 1935 ille,

447 1955 500 1989 ut
522 1942 718 1997 dictum,
754 1944 815 1988 ita
837 1939 1071 1987 informari
1095 1940 1147 1987 ὅτ
1186 1939 1409 1995 illustrari,
1460 1953 1514 1987 ut
1536 1940 1891 2003 Antiquiffimus
1935 1940 2095 1998 homo,
2147 1946 2255 2005 quia
2296 1943 2472 1992 interna

447 2007 593 2057 clausa
614 2018 754 2064 erant,
792 2020 844 2054 ut
878 2006 1002 2054 nulla
1039 2006 1235 2070 amplius
1281 2002 1640 2054 communicatio
1679 2022 1790 2054 cum
1829 2007 1971 2064 coelo,
2005 2007 2086 2055 nisi
2124 2024 2232 2071 quae
2279 2010 2436 2073 ignota
2452 2033 2476 2067 ς

446 2091 588 2140 quare
613 2091 695 2122 nec
721 2072 878 2120 instrui
902 2075 1072 2137 potuit,
1109 2073 1189 2120 nisi
1213 2089 1355 2137 quam
1378 2089 1461 2137 per
1482 2074 1606 2120 viam
1629 2085 1880 2130 externam,
1915 2073 1988 2120 seu
2016 2072 2227 2122 sensuum
2256 2088 2333 2123 aut
2371 2075 2466 2123 senss

444 2143 630 2199 sualem‚
653 2153 705 2189 ut
725 2141 931 2196 diffitum3
963 2153 1216 2204 propterea,
1240 2156 1298 2187 ex
1319 2140 1616 2188 Providentia
1637 2141 1850 2196 Domini,
1876 2139 2139 2188 conservata
2162 2141 2265 2189 sunt
2285 2143 2471 2190 Dostri·

438 2209 560 2258 nalia
582 2208 690 2256 fidei
713 2224 823 2255 cum
846 2206 1118 2272 quibusdam
1142 2206 1487 2254 revelationibus
1506 2207 1847 2270 Antiquiflimae
1870 2207 2086 2256 Ecclefiae
2110 2211 2158 2255 in
2181 2208 2314 2256 usum
2334 2208 2475 2273 hujus

447 2276 746 2341 posteritatis·,
782 2291 888 2339 quae
912 2273 1177 2322 doffitrinalia
1207 2275 1414 2338 primum
1437 2274 1626 2322 collecta
1649 2272 1752 2321 sunt
1777 2290 1804 2320 a
1822 2275 1985 2333 Caino,
2022 2277 2071 2322 δε
2097 2276 2287 2339 reposita
2308 2292 2364 2323 ne
2385 2293 2470 2340 pe·

448 2345 601 2399 rirent,
636 2358 773 2406 quare
796 2341 965 2405 dicitur
984 2341 1040 2388 de
1063 2342 1225 2398 Caino,
1261 2341 1387 2404 quod
1412 2342 1453 2388 ei
1485 2341 1674 2405 signum
1695 2341 1980 2405 impolitum,
2018 2358 2072 2388 ne
2095 2343 2196 2405 quis
2220 2342 2356 2392 illum
2386 2359 2466 2390 oc·

449 2410 635 2465 cideret,
672 2409 728 2456 de
752 2407 920 2472 quibus
942 2408 1184 2456 videantur
1204 2424 1311 2472 quae
1335 2408 1456 2456 dieta
1478 2408 1542 2455 ibi
1565 2409 1673 2465 loci,
1695 2409 1822 2471 Cap:
1849 2423 1925 2457 iv:
1958 2426 2029 2470 15·
2050 2407 2204 2472 postea
2226 2410 2271 2455 in
2297 2409 2469 2456 doetri-

448 2493 554 2524 nam
578 2474 756 2522 redacta
773 2491 800 2521 a
815 2475 1082 2532 Chanocho,
1115 2491 1223 2539 quae
1246 2475 1467 2532 doctrina,
1504 2477 1612 2539 quia
1634 2475 1713 2522 illo
1737 2488 1946 2538 tempore
1971 2474 2085 2522 nulli
2108 2474 2206 2522 usui
2235 2475 2356 2532 effet,
2390 2474 2481 2523 sed*

445 2542 712 2608 posteritati,
735 2540 1047 2598 ideo'dicitur,
1081 2541 1209 2605 quod
1233 2541 1434 2589 sumserit
1457 2558 1565 2589 eum
1594 2542 1739 2598 Deus,
1776 2542 1834 2588 de
1857 2540 2023 2605 quibus
2045 2542 2179 2589 etiam
2202 2542 2467 2600 videantur,

447 2626 554 2674 quae
575 2607 638 2654 ibi
662 2607 771 2664 Ioci,
802 2608 1011 2671 Capzv:
1049 2624 1127 2667 24.
1163 2607 1263 2655 haec
1298 2607 1562 2656 doctrinalia
1583 2608 1691 2654 fidei
1715 2607 1899 2655 fuerunt
1920 2624 2026 2672 quae
2063 2625 2090 2655 a
2120 2609 2328 2655 Domino
2352 2625 2467 2655 con·

445 2675 616 2724 servata
642 2673 744 2721 sunt
774 2675 821 2720 in
843 2672 980 2720 usum
993 2671 1127 2736 hujus
1144 2673 1411 2736 posteritatis
1429 2673 1502 2721 seu
1520 2674 1735 2722 Ecclesiae
1756 2696 1770 2728 ;
1811 2690 1914 2721 nam
1933 2691 1959 2721 a
1976 2675 2182 2721 Domino
2196 2674 2467 2737 praevisum,

443 2743 570 2807 quod
593 2742 756 2805 periret
779 2741 1029 2804 perceptio,
1063 2755 1198 2803 quare
1220 2740 1356 2786 etiam
1379 2739 1631 2802 provisum,
1667 2752 1720 2788 ut
1743 2740 1819 2786 illa
1842 2754 2133 2788 remanerent.

516 2811 627 2857 610.
663 2806 804 2856 Vers:
826 2826 870 2872 9.
907 2808 992 2856 Hae
1015 2809 1271 2854 nativitates
1294 2802 1497 2854 Noachi':
1522 2805 1705 2855 ‘Noach
1738 2809 1814 2852 vir
1837 2805 1982 2868 jzglt'us
2016 2806 2071 2856 &⁹
2095 2807 2259 2869 integer
2282 2807 2391 2869 fuit¹
2414 2810 2465 2854 iti

439 2874 779 2938 generationibus
791 2876 885 2938 Juir
905 2896 920 2929 ;
956 2889 1047 2920 cum
1072 2875 1165 2922 Deo
1189 2872 1429 2920 ambulavit
1438 2872 1528 2932 fibi
1549 2872 1720 2921 Noach.
1789 2873 1879 2920 Per
1902 2873 2155 2920 nativitates
2171 2874 2354 2921 Noachi
2370 2875 2461 2937 iig-

450 2941 658 2988 nificatur
681 2940 940 3006 descriptio
975 2937 1308 2987 reformationis
1351 2939 1424 2986 seu
1475 2939 1819 3002 regenerationis
1858 2954 1994 2986 novae
2031 2939 2245 2987 Ecclefiae
2262 2958 2280 2987 ι
2332 2942 2465 3004 quod

449 3003 615 3054 Noaeh
636 3007 710 3052 vir
725 3003 873 3068 justus
899 3009 947 3054 δε
972 3007 1149 3070 integer
1169 3008 1216 3053 in
1240 3007 1600 3070 generationibus
1637 3005 1740 3062 suis,
1776 3005 2001 3068 significat
2033 3007 2160 3070 quod
2200 3006 2299 3053 talis
2336 3008 2463 3063 effer,

452 3085 509 3120 ut
536 3070 748 3127 charitate
785 3072 944 3125 donari
983 3074 1157 3136 poffet3
1189 3072 1337 3137 justus
1381 3072 1544 3136 spectat
1579 3072 1755 3123 bonum
1789 3072 2034 3128 charitatis,
2083 3074 2258 3136 integer
2295 3089 2458 3120 ver-um

449 3137 702 3191 charitatis3
736 3139 1041 3201 generationes
1064 3138 1167 3187 sunt
1189 3140 1296 3187 fidei
1315 3159 1330 3190 ε,
1363 3139 1590 3190 ambulare
1613 3155 1724 3189 cum
1745 3139 1851 3190 Deo
1874 3139 2096 3203 significat
2116 3140 2210 3197 hic,
2240 3151 2291 3186 ut
2314 3142 2477 3202 prius,

449 3205 526 3254 ubi
548 3203 605 3252 de
623 3202 889 3264 Chanocho,
925 3204 1179 3255 doftrinam
1202 3206 1328 3256 fidei.

1449 3342 1496 3391 Z
2349 3334 2465 3383 511,

2517 277 2555 297 l,
