2788 3736
400 337 540 427 '468
964 333 1026 403 G
1119 333 1181 402 E
1272 331 1507 420 ΝΕ
1599 332 1651 402 S
1738 334 1785 402 1
1869 336 1964 434 s,-

410 471 468 520 ad
495 472 622 519 illum
648 470 863 535 loquutus
889 468 1110 531 Jehovah,
1146 470 1368 535 fignificat
1412 473 1765 536 progressionem
1789 472 1847 520 ad
1860 465 2060 524 Divina:
2082 468 2146 526 '&
2186 474 2272 526 ivit
2294 475 2417 527 cuns

415 539 495 586 illo
518 538 661 594 Loth,
697 538 920 600 significat
945 536 1165 594 sensuale;
1201 555 1282 601 per
1316 538 1443 586 Loth
1467 537 1807 602 repraesentatur
1827 540 2060 588 Dominus
2087 543 2239 606 quoad
2262 545 2408 593 sensu-

415 605 528 651 alem
554 605 603 652 &
628 620 899 668 corporeum
922 603 1065 668 Ipsius
1105 604 1372 652 hominem:
1408 605 1458 654 &c
1497 605 1677 653 Abram
1702 605 1821 653 filius
1857 606 2058 670 quinque
2098 623 2320 659 annorum
2355 612 2406 659 &

413 669 694 735 septuaginta
714 687 953 726 annorum,
974 670 1196 734 significat
1219 671 1345 735 quod
1362 671 1625 719 adhue-non
1645 673 1706 720 ita
1728 672 1930 721 multum
1953 674 2115 722 Divini
2134 693 2146 723 z
2183 690 2294 724 cum
2314 679 2408 725 exi-

417 740 486 785 vit
502 754 557 785 ex
581 738 778 795 Charan,
814 737 1035 801 fignificat
1057 736 1220 786 statum
1243 739 1438 786 Domini
1461 737 1718 787 obscurum.

491 806 628 866 1426.
665 804 810 869 Qod
827 820 908 868 per
930 803 1192 851 Abramum
1217 804 1556 868 repraesentetur
1586 806 1818 854 Dominus
1856 807 2009 871 quoad
2042 808 2311 857 Humanam
2334 809 2412 874 Ip-

417 871 504 920 sius
526 871 790 928 Effentiam,
826 869 997 924 constat
1037 886 1063 917 a
1100 871 1287 933 singulis
1309 887 1415 935 quae
1455 871 1512 918 de
1546 872 1756 920 Abramo
1779 873 1901 922 dieta
1938 873 2074 931 sunt,
2110 873 2278 938 postea,
2315 887 2411 925 tam

418 938 569 1003 quoad
584 939 853 985 Humanam
870 953 1008 1000 quam
1032 940 1182 1000 quoad
1200 939 1440 995 Divinam,
1477 950 1521 985 at
1545 951 1654 986 tunc
1679 939 1930 1003 appellatur
1957 939 2210 989 Abraham.
2282 942 2411 1004 Qae

418 1021 447 1053 a
461 1004 589 1052 versu
613 1006 764 1069 primo
787 1004 843 1051 ad
868 1003 987 1051 hunc
1018 1003 1138 1051 dieta
1160 1003 1277 1061 sunt,
1303 1003 1617 1067 repraesentant
1639 1006 1690 1053 &
1710 1006 1963 1069 significant
1990 1007 2187 1071 primam
2206 1007 2411 1056 animad-

419 1073 707 1128 vertentiam,
742 1070 868 1134 quod
894 1070 1098 1117 indueret
1113 1070 1399 1135 Caelestia&
1416 1070 1476 1118 fic
1490 1070 1691 1119 Divina:
1727 1072 1801 1119 hic
1825 1074 2414 1136 progreffiones'Humanae

421 1138 562 1202 Ipsius
581 1138 792 1187 Effentiae
815 1137 871 1184 ad
895 1137 1133 1194 Divinam,
1169 1136 1395 1184 inchoant.
2406 1171 2408 1173 >

493 1222 578 1264 14²
590 1221 630 1267 7.
668 1204 732 1251 Et
770 1203 854 1248 ivit
877 1202 1072 1258 Abram,
1107 1202 1502 1265 quemadmodum
1543 1203 1601 1250 ad
1623 1202 1753 1251 illum
1778 1203 1994 1268 loquutus
2024 1205 2247 1266 Jehovah,
2282 1206 2412 1272 quod

421 1272 643 1335 significet
666 1269 1018 1333 progressionem
1039 1268 1094 1314 ad
1111 1269 1300 1324 Divina,
1335 1284 1394 1315 ex
1409 1269 1511 1326 illis,
1547 1285 1655 1332 quae
1678 1285 1799 1328 nunc
1823 1269 2073 1329 dictasunt,
2109 1273 2295 1322 constat.
2403 1300 2407 1306 ·

497 1341 628 1397 1428.
666 1336 730 1382 Et
748 1336 835 1381 ivit
855 1350 963 1381 cum
988 1333 1067 1381 illo
1088 1333 1231 1390 Loth,
1268 1334 1395 1398 quod
1426 1333 1648 1398 significet
1669 1334 1874 1390 sensuale,
1910 1336 2126 1400 quodque
2165 1342 2246 1402 per
2281 1339 2412 1388 Loth

422 1403 763 1468 repraesentetur
785 1401 1016 1448 Dominus
1040 1400 1193 1464 quoad
1217 1399 1455 1448 sensualem
1487 1402 1535 1448 &
1559 1417 1829 1465 corporeum
1845 1401 1989 1466 Ipsius
2007 1401 2262 1462 hominem,
2298 1416 2410 1454 con-

419 1471 530 1519 stare
568 1468 715 1534 potest
737 1484 763 1514 a
804 1466 1189 1530 repraesentatione
1228 1467 1373 1513 Lothi
1397 1468 1444 1513 in
1468 1466 1771 1530 sequentibus,
1807 1470 1886 1516 ubi
1910 1468 1967 1516 de
1984 1468 2062 1516 illo
2080 1471 2246 1533 agitur,
2281 1471 2411 1535 quod

420 1537 642 1601 separatus
666 1534 717 1581 sit
734 1534 790 1582 ab
806 1534 1032 1590 Abramo‚
1067 1532 1282 1596 quodque
1295 1532 1484 1580 salvatus
1506 1549 1588 1596 per
1610 1533 1791 1597 angeIOS
1811 1551 1821 1581 :
1859 1545 1903 1580 at
1920 1534 2101 1582 Lothus
2119 1536 2285 1598 postea,
2304 1553 2413 1585 cum

422 1604 641 1667 separatus
663 1600 743 1657 est,
779 1599 928 1655 induit
951 1599 1081 1646 aliam
1106 1600 1560 1662 repraesentationem,
1597 1600 1654 1646 de
1677 1616 1781 1663 qua,
1819 1615 1877 1646 ex
1902 1600 2074 1648 Divina
2095 1603 2288 1650 Domini
2313 1605 2411 1651 Mi-

420 1670 672 1724 sericordia,
709 1670 753 1713 in
779 1666 1075 1729 sequentibus
1149 1665 1295 1730 Qod
1318 1666 1550 1712 Dominus
1575 1678 1704 1712 natus
1727 1666 1841 1713 ficut
1864 1665 1981 1718 alius
2006 1665 2147 1715 horno
2185 1684 2212 1715 a
2234 1670 2413 1732 virgine

422 1737 625 1791 muliere,
661 1734 710 1781 &
734 1732 821 1796 Ipsi
847 1731 1033 1779 sensuale
1057 1733 1106 1779 &
1124 1747 1396 1795 corporeum
1421 1729 1555 1778 fuerit
1579 1732 1690 1779 ficut
1707 1733 1778 1779 alii
1798 1731 1991 1788 homini,
2026 1733 2197 1781 constat
2217 1756 2232 1790 ·,
2268 1734 2342 1782 sed
2367 1737 2414 1783 in

421 1803 517 1859 illo,
553 1800 680 1865 quod
720 1799 865 1863 Ipsius
890 1798 1094 1845 Sensuale
1116 1798 1165 1847 δε
1204 1798 1492 1862 Corporeum
1525 1799 1631 1846 dein
1656 1799 1839 1846 unitum
1864 1797 2121 1846 coelestibus
2159 1800 2210 1848 &
2240 1798 2413 1849 sasima

419 1869 666 1924 Divinum,
707 1864 901 1913 nonfuit
924 1864 1036 1926 sicut
1059 1865 1170 1911 alius
1187 1865 1331 1913 homo
1355 1886 1369 1921 ;
1406 1864 1552 1928 ipsum
1576 1866 1770 1913 Domini
1805 1864 2011 1912 Sensuale
2049 1865 2099 1912 ὅτ
2124 1866 2410 1930 Corporeum

419 1934 760 1998 repraesentatur
781 1948 860 1995 per
884 1931 1111 1987 Lothum‚
1146 1931 1219 1978 seu
1236 1932 1362 1995 quod
1388 1932 1510 1978 idem
1534 1930 1613 1989 est,
1649 1932 1791 1996 Ipsius
1814 1932 1982 1979 Homo
2014 1930 2215 1980 sensualis
2239 1934 2288 1981 &
2312 1936 2413 1982 cor*-

420 2018 602 2066 poreuS,
637 2000 751 2047 ficut
774 1997 860 2063 suit
883 1999 930 2045 in
947 1998 1061 2045 statu
1084 1998 1227 2062 Ipfius
1251 1998 1474 2062 pueritiae,
1512 2014 1603 2046 non
1628 1998 1743 2047 sicut
1765 1996 1955 2055 faCtum,
1991 2013 2099 2046 cum
2126 2000 2308 2046 unitum
2332 2017 2427 2066 per,

422 2067 618 2114 coelestia
639 2067 829 2113 Divino.

405 2171 422 2181 .
495 2150 633 2198 1429.
671 2132 815 2197 Qiod
833 2130 1011 2178 Abram
1032 2130 1151 2177 filius
1174 2133 1376 2195 quinque
1393 2147 1614 2180 annorum
1645 2131 1694 2179 &
1712 2130 1990 2194 septuaginta
2011 2147 2251 2195 annorum,
2278 2133 2413 2196 figni-

338 2206 341 2209 ’
420 2200 527 2249 ficet
546 2199 673 2263 quod
697 2199 842 2245 adhuc
873 2214 966 2244 non
990 2200 1050 2244 ita
1086 2197 1288 2245 multum
1313 2199 1489 2254 Divini,
1527 2197 1724 2246 constare
1753 2198 1899 2259 potest
1931 2213 1955 2243 a
1979 2196 2411 2261 fignificationenu-

423 2281 655 2315 merorum
693 2266 910 2328 quinque,
946 2263 1072 2327 quod
1110 2264 1163 2310 sit
1201 2280 1392 2327 parum,
1416 2264 1466 2310 &
1513 2278 1809 2325 numerorum
1850 2262 2153 2326 septuaginta„
2200 2265 2326 2327 quod
2363 2266 2418 2313 sit

422 2334 665 2386 sanfturn3
702 2331 828 2393 quod
865 2332 1065 2392 quinque
1106 2330 1191 2377 fint
1237 2346 1417 2392 parum,
1453 2328 1678 2381 ostensum
1713 2328 1777 2376 est
1808 2331 1930 2393 prius
1954 2346 2012 2377 n:
2049 2331 2163 2394 649,
2197 2331 2429 2394 quodque

422 2398 704 2462 septuaginta
727 2397 798 2443 seu
823 2396 991 2458 septem
1010 2394 1094 2442 fint
1118 2395 1336 2452 samium,
1373 2413 1434 2443 n:
1474 2412 1588 2460 395,
1623 2412 1738 2458 433,
1779 2397 1891 2459 716,
1935 2401 2019 2444 881
2057 2418 2071 2451 3
2107 2396 2180 2443 hic
2194 2399 2299 2460 quia
2321 2396 2417 2462 sep·

422 2466 628 2528 tuaginta
643 2463 949 2526 praedicantur
986 2462 1042 2508 de
1064 2462 1287 2518 Domino,
1324 2462 1578 2525 significant
1611 2462 1814 2516 ‚sanstum
1850 2463 2090 2509 Divinum.
2163 2463 2309 2526 Qod
2334 2480 2418 2510 nu*-

423 2533 537 2587 meri
561 2545 784 2577 annorum
812 2528 1006 2575 Abrami
1029 2529 1164 2574 etiam
1202 2529 1247 2575 in
1273 2527 1393 2575 sensu
1419 2529 1595 2575 interno
1628 2528 1882 2590 significent
1906 2528 2007 2586 alia,
2043 2528 2242 2576 constare
2272 2530 2420 2594 potest

422 2598 481 2645 ab
511 2597 596 2644 illis
642 2612 748 2659 quae
772 2596 896 2659 prius
936 2594 991 2641 de
1015 2596 1140 2641 annis
1179 2595 1229 2641 δε
1252 2596 1454 2642 numeris
1478 2594 1598 2642 dista
1620 2596 1668 2641 &
1697 2594 1865 2642 ostensa
1886 2594 2004 2652 sunt,
2043 2611 2073 2641 n
2100 2613 2111 2643 ε
2148 2600 2263 2668 48ρ,
2300 2600 2418 2659 487,

419 2658 998 2791 “is9e3bo5cl7e5tiirf4q71ife6rigri
1022 2661 1741 2782 ὶζῗέῐιιῗιὲἔίζεῃῗπῐῖχὴαῖεὲῒοὲῑ
1763 2660 2415 2790 ¹riilsilaspiifi3tciilallaia824⁷,{izigllaes’tlilai

424 2796 691 2850 involveret,
740 2793 958 2856 nusquam
974 2805 1280 2840 memoratum
1302 2791 1465 2849 fuisset,
1501 2793 1628 2857 quod
1653 2793 1885 2841 Abramus
1907 2805 2016 2839 tunc
2042 2790 2188 2838 fuisset
2214 2793 2414 2856 quinque

426 2876 648 2909 annorum
673 2862 721 2908 δε
748 2860 1288 2923 ΐερωεὲἰηῖεχειηῃοῑωῃ,
1325 2862 1373 2906 &
1398 2860 1486 2907 hoc
1521 2875 1604 2907 nec
1627 2858 1851 2906 exstitisset
1867 2859 1913 2904 in
1936 2857 2019 2904 hac
2040 2855 2133 2920 ejus
2158 2870 2287 2904 aetate
2308 2882 2322 2914 ;
2358 2859 2414 2906 si-

422 2938 507 2974 cut
530 2928 665 2972 etiam
689 2927 886 2982 constare
919 2926 1066 2988 potest
1085 2926 1141 2972 ab
1164 2926 1258 2972 aliis
1282 2924 1480 2973 numeris
1503 2938 1597 2972 tam
1622 2938 1842 2971 annorum
1867 2938 2007 2986 quam
2034 2922 2340 2972 mensurarum
2369 2927 2416 2973 in

421 2993 470 3051 ,V
474 2990 596 3041 erbo.
692 3036 694 3038 .
1199 2986 1207 2996 ’
1919 3027 1922 3030 .
2049 3032 2053 3036 ,

500 3074 639 3121 1430.
677 3058 799 3104 Cum
834 3057 974 3102 exivit
1006 3074 1062 3104 ex
1098 3057 1291 3112 Charan‚
1326 3055 1453 3119 quod
1476 3055 1696 3117 significet
1719 3054 1880 3102 statum
1915 3056 2110 3103 Domini
2154 3056 2414 3114 obscurum,

426 3125 569 3191 qualis
584 3123 647 3171 est
669 3122 874 3187 pueritiae
907 3121 1120 3178 hominis,
1157 3123 1354 3169 constare
1377 3119 1525 3184 potest
1551 3119 1951 3183 ex'fignificatione
1986 3122 2162 3169 Charan
2186 3125 2231 3170 in
2256 3124 2416 3186 Capite

426 3207 580 3256 praec:
617 3205 711 3253 quo
756 3190 960 3251 primum
1000 3189 1124 3233 venit
1147 3187 1409 3235 Therachus
1434 3202 1541 3233 cum
1566 3186 1790 3244 Abramo‚
1827 3189 1876 3241 ὅτ
1895 3188 1973 3234 ubi
2009 3200 2220 3236 mortuus
2242 3189 2413 3236 Thera·

418 3259 536 3305 'chus
575 3269 699 3319 pater
724 3255 932 3308 Abrami,
979 3254 1104 3316 Cap:
1141 3268 1264 3316 praec
1285 3272 1295 3300 :
1333 3270 1385 3301 xi
1406 3273 1416 3302 :
1457 3252 1582 3301 vers:
1621 3270 1699 3315 31,
1740 3271 1819 3316 32,
1878 3265 1979 3301 tum
2018 3270 2073 3301 ex
2111 3254 2415 3318 sequentibus,

424 3323 552 3388 quod
575 3322 774 3386 Jacobus
791 3321 922 3370 iverit
935 3319 990 3369 ad
1009 3320 1242 3370 Charanen
1256 3318 1336 3369 ubi
1350 3318 1529 3380 Laban,
1563 3320 1700 3371 Gen:
1733 3335 1877 3369 xxvu
1901 3339 1912 3370 :
1950 3338 2029 3386 43.
2051 3321 2180 3386 Cap:
2216 3335 2381 3368 xxvm
2404 3339 2415 3366 ε

2350 3402 2419 3449 νιο
