2788 3736
619 214 971 303 CAPUT
1019 214 1539 279 DECIMUM
1585 214 2140 302 QUARTUM.
2247 198 2380 306 577

363 363 540 419 domae,
574 376 657 426 per
679 375 821 424 quem
844 357 1122 423 significatur
1144 356 1320 405 malurn
1335 357 1385 404 δε
1410 353 1592 415 falsum,
1621 357 1733 404 ,ideo
1754 373 1838 421 per
1860 359 2104 422 corrigiam
2129 357 2265 407 calcei
2292 359 2378 422 fig-

365 431 605 480 nificantur
626 426 868 475 immunda
913 425 1132 473 naturalia
1160 425 1215 472 v&c
1238 439 1494 487 corporea;
1533 440 1613 486 per
1650 423 1783 471 filum
1824 426 1961 473 calcei
1999 426 2279 490 significatur
2301 425 2383 473 fal-

367 497 485 552 sum,
522 496 572 557 &
605 511 686 558 per
718 493 961 556 corrigiam
990 492 1144 549 calcei,
1181 491 1375 547 malum,
1412 490 1462 537 &
1486 489 1573 536 hoc
1597 492 1704 554 quia
1749 493 1797 539 in
1832 492 2129 550 diminutivo,
2165 494 2380 541 omnium

363 564 662 611 vilissimum:
698 561 828 624 quod
844 560 919 607 illa
955 576 1037 623 per
1060 559 1263 607 calceum
1279 557 1608 621 significentur,
1645 557 1818 606 constat
1855 576 2040 623 quoque
2063 560 2121 607 ab
2144 560 2242 607 aliis
2266 559 2382 608 locis

364 633 413 679 in
435 629 592 677 Verbo
614 651 630 685 ·‚
663 639 717 675 ut
739 643 848 675 cum
873 625 1081 689 Jehovah
1118 626 1327 689 apparuit
1348 623 1474 672 Mofi
1499 624 1696 671 emedio
1728 625 1849 682 rubi,
1887 629 1936 674 &
1954 627 2077 673 dixit
2113 626 2169 674 ad
2193 626 2377 685 Mosen,

363 703 400 726 “
434 697 512 744 Ne
533 695 872 760 appropinques
910 694 1019 750 huc,
1056 709 1157 740 exue
1179 692 1347 740 Calceos
1380 703 1484 739 tuos
1516 706 1542 738 a
1564 689 1695 754 super
1717 692 1909 754 pedibus
1947 695 2053 749 tuis,
2090 695 2199 757 quia
2230 694 2379 751 locus,

363 769 399 792 ‘⁶
435 762 567 828 super
589 779 685 827 quo
721 773 775 809 tu
797 759 899 818 stas,
934 772 1050 808 terra
1084 758 1322 807 sanctitatis
1344 757 1458 816 est,’'
1493 757 1662 806 Exod:
1700 773 1799 806 111:
1838 778 1882 822 5.
1925 760 2130 808 fimiliter
2159 763 2379 826 Princeps

364 830 607 879 Exercitus
638 828 831 891 Jehovae
870 826 928 875 ad
956 825 1160 888 josuam,
1197 831 1233 853 “
1259 827 1383 874 Exue
1405 824 1598 873 Calceum
1621 836 1759 873 tuum
1781 841 1807 872 a
1830 826 1961 890 super
1992 827 2107 891 pede
2134 840 2233 886 tuo,
2269 831 2378 892 quia

367 902 403 927 “
437 896 567 945 locus
590 895 722 960 super
745 894 842 959 quo
863 906 915 941 tu
940 894 1043 952 stas,
1091 892 1293 940 sanCtitas
1314 891 1440 947 ille,’'
1464 890 1572 953 Jos:
1610 907 1644 938 v
1663 910 1676 939 ε
1720 897 1876 955 15.'ex
1892 909 1987 957 quo
2010 893 2198 958 quisque
2220 896 2380 942 videre

365 962 531 1031 potest,
566 962 695 1028 quod
711 963 886 1010 calceus
903 960 1015 1010 nihil
1044 959 1103 1008 de
1131 958 1357 1007 sanctitate
1379 955 1587 1015 auferret,
1624 958 1768 1006 modo
1801 958 1944 1006 horno
1967 961 2013 1006 in
2038 959 2079 1007 se
2103 961 2275 1008 sanstus
2305 959 2377 1009 fo-

366 1044 452 1088 ret,
488 1029 564 1078 sed
582 1028 712 1094 quod
741 1028 846 1077 ideo
868 1028 1064 1083 dietum,
1100 1027 1207 1090 quia
1246 1025 1421 1072 calceus
1443 1024 1789 1088 repraesentabat
1827 1026 2048 1074 ultimum
2095 1027 2294 1076 naturale
2325 1030 2375 1077 δε

366 1112 657 1161 corporeum,
693 1094 822 1158 quod
843 1092 1122 1159 exuendum.
1164 1091 1311 1156 Qod
1329 1090 1628 1139 immundum
1652 1092 1849 1140 naturale
1865 1093 1916 1142 δε
1939 1109 2229 1158 corporeum,
2265 1111 2376 1142 con·

365 1165 449 1214 stat
465 1177 651 1228 quoque
677 1160 799 1224 apud
830 1158 1082 1215 Davidem,
1119 1163 1155 1186 ‘⁶
1181 1158 1381 1206 Moabus
1408 1157 1552 1221 pelvis
1584 1158 1767 1206 lotionis
1799 1176 1932 1216 meae,
1969 1159 2100 1224 super
2130 1161 2375 1209 Edomum

328 1274 331 1275 γ
367 1236 404 1260 “
438 1231 621 1279 mittam
637 1227 818 1276 calceum
842 1226 1053 1282 meum,''
1070 1223 1220 1272 Psalm
1242 1242 1254 1272 :
1290 1240 1380 1272 Lx:
1426 1240 1498 1273 10.
1535 1224 1694 1272 Simile
1717 1226 1929 1283 involvit,
1955 1227 2083 1290 quod
2107 1228 2376 1276 mandatum

366 1295 615 1362 discipuliS,
667 1299 702 1322 “
741 1292 962 1356 Qisquis
1002 1307 1095 1339 non
1130 1290 1361 1355 exceperit
1398 1306 1501 1348 VOS,
1551 1306 1700 1354 neque
1752 1292 1976 1341 audiverit
2035 1292 2174 1341 verba
2210 1294 2374 1352 vestra,

368 1369 404 1392 “
437 1362 720 1427 egredientes
765 1376 791 1408 e
816 1359 961 1420 domo
1000 1370 1080 1406 aut
1114 1357 1228 1405 urbe
1271 1357 1366 1416 ista,
1401 1356 1598 1406 excutite
1627 1358 1850 1420 pulverem
1892 1358 2050 1423 pedum
2094 1360 2379 1422 vestrorum?

365 1429 554 1478 Matth:
592 1444 657 1476 x:
700 1443 786 1488 14:
823 1426 991 1474 Marc:
1028 1440 1112 1472 v1:
1152 1440 1193 1472 11
1214 1443 1226 1472 ε
1263 1424 1399 1472 Luc:
1439 1440 1523 1474 rx:
1565 1443 1609 1487 5.
1650 1425 1729 1472 ubi
1753 1425 1909 1490 pulvis
1939 1426 2118 1492 pedum
2158 1428 2300 1475 simile
2320 1444 2374 1476 ac

364 1496 554 1553 calceus,
590 1495 698 1558 quia
711 1493 864 1558 planta
884 1491 1015 1557 pedis
1036 1490 1258 1539 ultimum
1276 1490 1492 1549 naturale,
1526 1490 1767 1555 fignificat,
1803 1508 1970 1558 nempe
1993 1494 2292 1542 immundum
2316 1510 2376 1543 ex

367 1562 492 1612 malo
515 1565 566 1613 δι
589 1559 697 1610 falso
721 1583 737 1617 ς
773 1560 823 1607 δι
857 1560 965 1623 quia
980 1571 1092 1606 tunc
1119 1560 1342 1622 temporis
1365 1559 1412 1605 in
1434 1557 1805 1622 repraesentativis
1828 1572 1971 1619 erant,
2007 1560 2058 1610 &
2079 1561 2126 1608 in
2151 1560 2238 1608 illis
2272 1561 2375 1609 solis

364 1646 523 1679 arcana
544 1627 745 1676 coelestia
782 1626 966 1674 recondi
1003 1624 1243 1689 putabant,
1279 1641 1373 1672 non
1410 1626 1457 1672 in
1481 1624 1618 1672 nudis
1657 1625 1940 1684 veritatibus,
1976 1627 2080 1675 ideo
2104 1628 2377 1676 mandatum

366 1696 455 1745 illis
477 1707 531 1743 ut
554 1694 613 1742 s1c
630 1692 839 1741 facerent.
910 1692 1038 1757 Qia
1058 1691 1234 1740 calceus
1256 1689 1537 1755 significabat
1559 1691 1778 1739 ultimum
1795 1692 2010 1750 naturale,
2044 1695 2182 1742 etiam
2197 1696 2377 1743 exuitio

369 1762 525 1818 calcei,
551 1760 624 1808 seu
642 1758 936 1816 discalceatio,
953 1758 1235 1823 significabat
1257 1757 1383 1822 quod
1397 1769 1637 1807 exueretur
1658 1758 1834 1807 ultimis
1851 1771 2049 1816 naturae3
2069 1760 2186 1808 ficut
2208 1763 2288 1824 qui
2311 1761 2378 1810 le-

365 1831 568 1878 viratum
614 1843 707 1875 non
737 1825 920 1875 volebat
965 1823 1189 1891 praestare,
1225 1825 1283 1873 de
1304 1841 1401 1890 quo
1423 1825 1547 1890 apud
1588 1823 1768 1883 Mosen,
1806 1831 1843 1854 “
1866 1827 1966 1891 Qi
1990 1843 2083 1875 non
2130 1827 2376 1876 levitatum

367 1902 406 1926 ‘⁶
439 1895 575 1944 vellet
598 1893 805 1960 praestare
825 1916 840 1950 ς
875 1893 1058 1942 accedet
1076 1890 1228 1943 fratria
1262 1889 1357 1957 ejus
1389 1892 1445 1940 ad
1469 1908 1578 1941 eum
1598 1892 1645 1940 in
1668 1893 1812 1941 oculis
1827 1892 2073 1951 seniorum,
2107 1895 2159 1942 ὅτ,
2176 1895 2375 1944 extrahet

365 1967 402 1992 “
438 1961 616 2010 calceum
630 1959 727 2024 ejus
752 1977 779 2008 a
802 1961 933 2026 super
947 1960 1063 2024 pede
1077 1957 1190 2024 ejuS,
1224 1959 1276 2007 δε
1299 1959 1491 2024 exspuet
1513 1961 1561 2006 in
1583 1957 1717 2007 facies
1733 1958 1830 2024 ejus
1850 1983 1864 2017 ;
1899 1961 1951 2009 ὅτ
1982 1959 2286 2026 respondebit,
2319 1963 2372 2010 ὅτ.

367 2035 405 2059 “
438 2024 577 2089 dicet,
612 2028 674 2076 fic
694 2029 775 2076 fiet
797 2029 916 2086 viro,
950 2027 1138 2092 quinon
1160 2025 1360 2075 aedificat
1375 2026 1575 2074 domum
1588 2024 1734 2075 fratris
1755 2026 1836 2085 sui,
1872 2027 2178 2076 &vocabitur
2201 2044 2374 2076 nomen

370 2102 408 2124 “
441 2095 597 2160 ejusin
613 2094 783 2153 Israele,
820 2095 988 2143 domus
1011 2096 1128 2143 exuti
1142 2093 1385 2151 Calceum,”
1408 2095 1558 2142 Dent:
1597 2109 1731 2142 xxv:
1769 2111 1798 2157 5
1833 2094 1891 2142 ad
1921 2111 1994 2144 10.
2021 2111 2106 2159 pro
2129 2095 2255 2157 quod
2277 2093 2374 2143 abs-

367 2178 459 2228 que
475 2163 604 2210 omni
628 2162 841 2210 charitate
858 2160 1059 2209 naturali.
1130 2159 1278 2226 Qod
1303 2160 1477 2208 calceus
1508 2160 1732 2225 significet
1755 2161 1976 2209 ultimum
1999 2161 2199 2209 naturale
2235 2164 2373 2209 etiam

367 2231 418 2278 in
437 2228 562 2276 bono
582 2227 724 2290 sensu,
757 2228 1144 2292 constatquoque
1166 2243 1193 2275 a
1215 2226 1388 2285 Verbo,
1424 2240 1477 2275 ut
1498 2227 1621 2292 apud
1645 2225 1807 2276 Mosen
1838 2227 1896 2276 de
1918 2227 2134 2285 Aschere,
2171 2233 2206 2256 “
2229 2230 2373 2277 Bene-

372 2301 408 2324 “
443 2293 592 2351 dhstus
615 2311 712 2359 prae
734 2294 841 2352 filiis
866 2292 1051 2352 Ascher,
1089 2294 1144 2342 fit
1166 2307 1376 2359 acceptus
1398 2292 1611 2342 fratribus
1627 2292 1732 2351 suis,
1766 2295 2063 2360 &intingens
2095 2297 2143 2343 in
2174 2295 2278 2344 oleo
2294 2312 2376 2360 pe·

374 2366 410 2390 “
445 2360 553 2408 dem
570 2360 720 2418 suurn,
754 2359 993 2409 sermm&
1017 2377 1081 2410 aes
1102 2362 1276 2411 Calceus
1297 2359 1410 2424 ejus,
1448 2366 1482 2389 “
1505 2362 1660 2409 Deut:
1697 2377 1867 2409 xxxnr
1896 2380 1908 2410 :
1946 2377 2026 2423 24,
2064 2380 2145 2426 25,
2180 2361 2261 2411 ubi
2284 2361 2374 2411 cal-

373 2444 477 2477 ceus
495 2443 582 2491 pro
603 2427 770 2476 ultimo
794 2427 1001 2483 naturali,
1035 2427 1209 2475 calceus
1225 2426 1397 2477 ferrum
1420 2445 1508 2493 pro
1519 2444 1632 2476 vero
1655 2428 1862 2487 naturali,
1897 2428 2072 2477 calceus
2096 2446 2159 2477 aes
2181 2446 2267 2493 pro
2291 2429 2374 2476 bo-

308 2494 314 2500 ’
373 2512 436 2544 no
460 2494 665 2552 naturali,
689 2506 753 2541 *ut
767 2493 940 2541 constat
955 2509 982 2540 a
998 2492 1324 2556 significatione
1355 2493 1460 2541 ferri
1478 2495 1662 2552 &aeris,
1697 2511 1728 2542 n
1748 2513 1759 2542 :
1785 2511 1902 2557 425,
1937 2496 2047 2556 426.
2075 2496 2125 2544 &
2141 2497 2248 2559 quia
2283 2494 2375 2556 cal-

372 2578 478 2609 ceus
501 2560 780 2624 significabat
801 2558 1023 2607 ultimum
1045 2558 1243 2619 naturale
1265 2559 1316 2606 δε
1340 2575 1631 2623 corporeum,
1670 2558 1870 2607 formula
1892 2562 2010 2608 inde‘
2027 2559 2157 2618 facta,
2176 2577 2267 2625 qua
2282 2561 2374 2624 fig-

374 2628 642 2681 nificabatur
653 2628 867 2676 omniurn
891 2626 1136 2673 minimum
1161 2626 1212 2675 ὅτ
1235 2625 1518 2682 viliffimum,
1554 2641 1661 2673 nam
1682 2626 1903 2674 ultimum
1927 2628 2184 2676 naturale&
2208 2642 2374 2691 corpo·

375 2711 504 2743 reum
529 2694 594 2743 est
609 2694 874 2742 viliffimum
898 2693 1110 2740 omnium
1127 2707 1233 2756 quae
1249 2691 1371 2756 apud
1393 2691 1647 2748 hominem,
1683 2692 1811 2755 quod
1828 2693 2107 2751 intelleelum
2123 2710 2149 2740 a
2169 2692 2376 2756 Johanne

374 2761 586 2825 Baptista,
623 2777 733 2809 cum
771 2760 908 2815 dixit,
945 2765 980 2787 “
1002 2759 1143 2806 Venit
1165 2757 1325 2806 fortior
1362 2774 1453 2815 me,
1488 2755 1617 2821 cujus
1641 2775 1731 2822 ego
1753 2775 1847 2806 non
1870 2759 2058 2807 idoneus
2082 2758 2182 2808 sum
2205 2758 2376 2810 solvere

378 2832 414 2855 “
449 2830 677 2891 corrigiam
715 2828 945 2876 calceorum
968 2825 1162 2890 Ipsms,”
1180 2825 1317 2872 Luc:
1356 2841 1423 2872 111
1446 2843 1457 2873 :
1501 2825 1574 2871 16.
1612 2826 1745 2872 Marc
1765 2843 1776 2871 ε
1806 2842 1822 2872 1
1845 2844 1856 2872 :
1898 2841 1940 2890 7.
1989 2825 2114 2888 Joh:
2156 2844 2171 2874 1
2187 2845 2212 2875 ε,
2237 2843 2315 2890 27.

453 2909 591 2956 ¹749·
627 2896 775 2960 Qod
805 2894 838 2940 fi
870 2909 1084 2956 accepero
1123 2892 1178 2943 ab
1206 2891 1304 2938 ullo
1325 2890 1455 2955 quod
1477 2889 1578 2948 tibi,
1614 2891 1836 2955 significet
1852 2892 1980 2955 quod
2011 2891 2122 2942 nihil
2147 2891 2235 2941 tale
2251 2893 2376 2957 apud

376 2974 580 3007 amorem
604 2961 850 3017 coelestem,
887 2959 1084 3008 constare
1104 2958 1251 3022 potest
1267 2974 1324 3005 ex
1340 2974 1411 3014 e0,
1446 2958 1574 3021 quod
1598 2958 1774 3005 Abram
1799 2958 1963 3006 dixerit
1980 2958 2022 3006 se
2039 2958 2151 3007 nihil
2174 2961 2379 3022 accipere.

378 3024 498 3071 velle
535 3041 561 3071 a
599 3041 704 3087 rege
749 3027 983 3086 Sodomae,
1019 3026 1198 3074 Abram
1235 3023 1577 3089 repraesentabat
1597 3025 1860 3072 Dominum
1882 3042 2004 3074 nunc
2039 3026 2279 3081 vietorem,
2315 3026 2380 3074 ita

379 3092 453 3139 illa
469 3107 574 3154 quae
597 3102 722 3138 erant
743 3095 909 3139 amoris
940 3091 1151 3154 coelestis,
1186 3108 1293 3156 quae
1316 3091 1397 3138 fibi
1427 3107 1506 3155 per
1536 3091 1742 3139 vietorias
1758 3094 2041 3158 comparavit
2068 3113 2082 3146 ·,
2118 3092 2167 3139 &
2190 3106 2268 3137 rex
2291 3091 2377 3146 So-

380 3158 535 3205 domae
559 3155 900 3220 repraesentabat
923 3158 1159 3206 malum&
1178 3158 1356 3214 falsum,
1391 3174 1447 3205 ex
1461 3157 1627 3222 quibus
1653 3158 1763 3206 nihil
1787 3159 1909 3222 apud
1938 3159 2199 3206 Dominum
2231 3157 2379 3203 vieto-

378 3241 476 3273 rem
500 3223 575 3272 seu
601 3229 807 3273 amorem
832 3222 1078 3271 coelestem.
1150 3225 1283 3288 Qid
1305 3240 1387 3288 per
1404 3224 1502 3271 haec
1527 3225 1842 3291 intelliguntur
1865 3226 1913 3272 in
1934 3221 2056 3271 sensu
2075 3225 2264 3278 interno,
2284 3237 2379 3270 non

1314 3291 1502 3338 Eece
2185 3287 2383 3338 constare
