2788 3736
588 274 965 346 CAPUT
1012 273 1563 342 DECIMUM
1614 272 2180 367 QUARTUM.
2283 303 2415 369 539

477 417 659 491 loquela
691 416 860 469 horum
903 414 976 468 ad
1013 414 1243 488 loquelam
1270 413 1594 486 Angelorum3
1635 415 1855 487 Spiritus
1899 416 2028 476 enim
2051 417 2285 490 Angelici
2321 439 2420 474 oxa

473 494 587 557 idea
613 494 805 565 loquelae
831 503 922 545 aut
951 489 1281 562 cogitationis,
1315 490 1427 561 plus
1446 490 1664 559 distinete
1685 491 2098 562 comprehendunt,
2139 513 2285 566 quam
2302 495 2417 566 Spi-

473 570 607 625 ritus
650 580 740 642 per
776 568 962 639 aliquot
1004 566 1151 632 mille,
1219 571 1282 625 δέ*
1309 565 1488 636 Angeli
1507 566 1752 638 stmiliter
1789 569 2047 641 respective
2090 568 2162 622 ad
2197 571 2418 642 Spiritus

474 643 737 716 Angelicos
756 670 772 707 ;
822 642 946 715 quid
969 652 1088 695 tunc
1111 639 1246 713 apud
1266 640 1553 706 Dominum,
1598 660 1631 693 a
1657 645 1760 712 Qo
1798 643 1948 696 omnis
1971 644 2090 697 vita
2124 643 2417 717 affectionis,

474 718 786 791 cogitationis
811 721 870 774 &
897 717 1107 789 loquelae,
1154 716 1213 770 ἐξ
1239 716 1345 788 Qi
1369 717 1502 771 Solus
1528 715 1592 785 est
1618 717 1782 770 Sermo
1809 720 1867 773 {⁸9⁹
1891 718 2113 776 Verbum.

407 798 564 868 1643.
605 793 820 867 Loquela
846 793 1126 866 Spirituum
1152 791 1499 864 Angelicorum
1530 791 1594 860 est
1632 791 2110 865 incomprehenfibilis
2130 822 2146 859 ;
2197 805 2256 849 ut
2276 807 2413 868 pau*

471 870 545 925 cis
570 870 627 923 de
650 869 833 942 loquela
858 886 1038 935 eorum,
1071 867 1168 942 sed
1189 866 1319 921 modo
1343 867 1753 941 repraest’ntativa
1777 866 1981 920 dicatur
2000 895 2017 933 3
2065 871 2164 942 ipstz
2190 873 2413 940 resfisti..

472 955 561 998 tur
586 944 990 1017 repraestntative
1015 943 1069 997 in
1092 943 1270 1016 forma
1294 938 1541 1012 mirabili,
1595 962 1704 1015 quae
1744 940 1990 1010 abstracta
2032 946 2094 1015 est
2126 965 2159 998 a
2187 946 2412 1019 Jerffuum

472 1019 683 1090 objeblis,
725 1021 784 1075 &⁸
799 1030 897 1091 per
922 1017 1330 1091 repraeſs’ntativa
1365 1017 1676 1088 amoenifflma
1703 1019 1761 1073 ὅ
1779 1016 2118 1088 pulcherrima
2148 1020 2414 1076 innumeris

469 1096 621 1149 modis
644 1094 905 1159 variatur,
961 1110 1067 1144 cum
1108 1091 1331 1144 continuo
1370 1093 1564 1165 influxu
1608 1091 1909 1165 affeffilionum
1948 1111 2009 1146 ex
2032 1094 2188 1166 vfelici
2232 1100 2415 1151 amoris
2504 1154 2505 1157 ,

469 1170 632 1224 mutui
677 1168 911 1242 influente
936 1177 1031 1238 per
1058 1166 1226 1220 caelum
1263 1166 1495 1238 superius
1530 1186 1565 1219 a
1592 1167 1824 1233 Domino,
1868 1185 1927 1220 ex
1950 1187 2039 1239 quo
2065 1169 2258 1243 influxu
2277 1173 2414 1240 ficut

467 1245 654 1299 vivunt
678 1243 837 1306 omnia
863 1240 1167 1313 &singula3
1224 1241 1511 1313 unaquaevis
1534 1259 1614 1295 res
1640 1241 1720 1293 ita
1736 1241 1947 1313 sistitur,
1991 1246 2051 1298 ἐξ
2075 1244 2162 1297 hoc
2178 1257 2275 1317 per
2301 1265 2416 1302 con-

467 1320 636 1374 tinuas
678 1318 856 1386 series;
923 1334 1070 1369 unum
1102 1315 1259 1390 solum
1297 1315 1752 1391 repraesentativum
1798 1317 1852 1370 in
1874 1317 2014 1389 serie
2050 1319 2237 1391 aliqua,
2302 1324 2414 1398 nus-

468 1413 613 1468 quam
639 1391 711 1446 ad
730 1391 1025 1446 intellectum
1052 1389 1260 1463 describi
1275 1391 1426 1463 potest
1445 1412 1464 1444 .-
1519 1391 1623 1444 haec
1651 1394 1771 1465 fient
1802 1410 1913 1463 quae
1953 1392 2166 1466 influunt
2198 1396 2253 1449 in
2279 1397 2414 1452 ideas

448 1469 746 1544 spirituum,
777 1465 875 1541 fid
896 1465 973 1519 his
996 1484 1090 1519 non
1113 1475 1351 1538 apparent
1376 1465 1469 1536 nist
1489 1475 1547 1518 ut
1570 1483 1810 1519 commune
1834 1465 1958 1538 quid
1975 1467 2186 1541 afficiens
2210 1471 2415 1545 influens

468 1542 641 1616 afflue
664 1542 892 1615 dssineta
910 1540 1219 1613 perceptione
1245 1541 1462 1609 illorum,
1514 1560 1625 1614 quae
1649 1540 1871 1615 distinble
1905 1543 2260 1616 percipiuntur
2284 1549 2421 1620 apud

467 1622 505 1674 S
535 1618 691 1672 iritus
722 1614 801 1670 an*
822 1616 978 1671 elicos.

390 1698 423 1756 '1
433 1630 562 1764 645.
602 1694 728 1747 Sunt
749 1635 972 1766 sffiritus
1005 1689 1126 1744 mali
1163 1689 1425 1743 interiores
1452 1689 1708 1761 permulti,
1748 1692 1837 1763 qui
1868 1710 1955 1746 nec
1992 1694 2256 1766 loquuntur
2270 1698 2412 1766 ficut

390 1761 394 1766 ’
448 1768 688 1843 spiritus,
713 1766 808 1840 sed
826 1769 951 1839 stent
975 1782 1153 1837 quoque
1176 1765 1232 1818 in
1252 1763 1526 1836 principiis
1563 1765 1805 1833 idearum,
1847 1767 1926 1820 ita
1931 1766 2221 1839 subtiliores
2245 1773 2411 1850 spiri-

469 1842 641 1907 tibus;
683 1842 841 1895 multa
886 1840 1024 1912 copia
1064 1840 1242 1894 talium
1268 1840 1550 1914 spirituum
1596 1839 1786 1905 datur3
1827 1841 1923 1917 fid
1945 1844 2183 1914 separati
2209 1852 2412 1920 prorfits

449 1918 577 1992 fient
600 1936 640 1970 a
643 1913 918 1990 spiritibus
943 1914 1193 1986 angelicis,
1233 1914 1497 1988 nequidem
1523 1915 1868 1988 approximare
1886 1917 1957 1971 ad
1978 1937 2049 1971 eos
2070 1920 2286 1994 pffent;
2328 1924 2410 1976 illi

448 1991 670 2067 spiritus
694 1991 815 2044 mali
832 1989 1139 2064 subtiliores,
1166 1989 1384 2061 alligant
1418 2008 1596 2064 quoque
1620 1991 1753 2044 ideas
1780 1991 1905 2064 ficas
1938 1992 2131 2063 objettis
2169 1996 2235 2049 ἔθ’·
2268 1997 2411 2052 rebus

465 2066 720 2140 αρβναὲἵε,
750 2065 848 2140 sed
846 2065 1063 2139 spurcis,
1117 2066 1178 2120 89⁹
1202 2065 1334 2119 inibi
1356 2068 1707 2140 repraefintant
1716 2065 1818 2137 fibi
1851 2067 2064 2143 diversa,
2111 2070 2406 2143 fidspurca,

446 2143 681 2217 ficosque·
699 2140 834 2194 ide'as
878 2140 1061 2195 talibus
1100 2140 1393 2206 involvunt5
1424 2146 1547 2213 stent
1600 2140 1735 2214 quafi
1763 2142 1923 2214 fatui
1944 2164 1963 2196 .·
2021 2144 2200 2216 loquela
2245 2165 2407 2202 eorum

411 2229 433 2265 .“
461 2217 588 2271 mihi
611 2226 727 2270 nota
746 2216 923 2288 suffla,
978 2227 1091 2270 tum·
1116 2215 1268 2270 etiam
1312 2220 1664 2290 repraestntata
1695 2228 1788 2288 per
1822 2218 2105 2292 quisquilias
2138 2219 2407 2276 immundas

465 2309 528 2345 ex
557 2295 719 2362 *vasta
758 2293 821 2347 ἃ
855 2291 1178 2345 intellectuale
1204 2309 1362 2345 eorum
1404 2291 1604 2365 loquelae
1629 2295 2030 2364 repraesentatum
2068 2294 2132 2365 est
2159 2306 2256 2366 per
2291 2298 2407 2370 equi

453 2364 741 2438 posteriora,
781 2364 916 2435 cujus
942 2367 1198 2421 anteriora
1217 2365 1633 2438 nonapparebant
1643 2394 1659 2431 3
1700 2386 1815 2421 nam
1845 2369 2179 2422 Intellectuale
2213 2381 2401 2444 reprae-

455 2439 762 2513 lentatur-in
781 2439 964 2494 manda·
966 2439 1249 2510 spirituum·
1253 2453 1345 2512 per
1356 2446 1534 2515 Equos.
1609 2445 1679 2497 At
1703 2442 1919 2515 Loquela
1934 2444 2211 2515 Spirituum
2231 2449 2401 2519 Ange..

466 2515 672 2569 licorum
689 2518 1040 2587 repraesentata
1059 2515 1121 2582 est
1133 2526 1224 2587 por
1239 2516 1495 2588 Virginem
1510 2516 1769 2589 albescente
1781 2519 1903 2584 veste
1923 2519 2150 2572 concinne
2162 2519 2233 2572 ad
2239 2524 2400 2591 pecto-

463 2591 569 2644 rale
593 2586 1192 2662 quoddamadpropriata,
1218 2587 1386 2642 decore
1412 2589 1653 2653 indutam,
1683 2590 1861 2644 habitu
1885 2594 2101 2663 corporis
2121 2594 2329 2651 decente.

396 2667 555 2737 1-645.
601 2665 811 2736 Loquela
845 2676 1010 2718 autem
1037 2665 1335 2736 Angelorum
1374 2664 1435 2731 est
1471 2662 1756 2737 ineffabilis,
1810 2666 1944 2734 longe
1967 2670 2130 2740 stapra
2171 2668 2399 2740 loquelam

467 2738 766 2811 Spirituum,
808 2738 927 2811 quia
963 2738 1124 2811 supra
1150 2738 1432 2811 Spirituum
1471 2739 1817 2809 angelicorum,
1857 2744 1916 2797 δέ
1949 2744 2176 2814 nusquam
2217 2744 2401 2799 homini

462 2816 630 2892 aliquo
672 2814 801 2867 modo
844 2814 1199 2886 intelligibilis,
1266 2811 1497 2886 quamdiu
1534 2815 1588 2866 in
1631 2826 1826 2885 corpore
1861 2815 2036 2880 vivit3
2075 2817 2299 2888 spiritus
2342 2821 2401 2874 in

462 2889 638 2943 mimda,
657 2889 930 2962 spirituum
972 2908 1058 2942 nec
1088 2887 1189 2960 fibi
1227 2889 1387 2942 ideam
1416 2888 1517 2958 ejus
1541 2888 1705 2959 fistere
1741 2889 1944 2963 poffunt‚
1997 2909 2109 2944 nam
2149 2893 2210 2964 est
2235 2896 2397 2967 stcpra

465 2981 632 3015 eorum*
651 2965 966 3035 cogitationis
995 2963 1496 3036 perceptibilitatem:
1538 2963 1754 3036 Loquela
1792 2965 1986 3018 illorum
2012 2985 2104 3019 non
2132 2968 2194 3038 est
2230 2988 2397 3022 rerum

462 3039 928 3106 repraestntatarum·
961 3050 1056 3111 per
1091 3040 1284 3112 aliquas
1323 3037 1456 3092 ideas
1506 3040 1668 3111 quales
1705 3039 1985 3112 spirituum
2029 3044 2088 3098 δέ*
2118 3042 2395 3112 spirituum

463 3110 805 3180 angelicorum,
830 3113 926 3184 fid
935 3160 940 3167 ,
959 3115 1025 3184 est·
1040 3115 1224 3184 fitium
1251 3115 1312 3168 &²
1336 3113 1447 3167 inde
1485 3113 1668 3185 usuum,
1709 3115 1796 3186 qui
1835 3120 1951 3187 fient
1981 3117 2287 3189 principalia
2335 3122 2395 3172 ἔξ

461 3184 730 3258 effentialia
774 3204 941 3238 rerum
958 3213 979 3249 ,ς
1032 3188 1133 3241 illis
1159 3188 1417 3259 Angelicae
1461 3188 1780 3261 cogitationes
1824 3190 2152 3261 irfinuantur,
2215 3194 2273 3245 &³
2318 3190 2394 3242 ibi

350 3327 356 3332 .
459 3259 740 3330 variantur
784 3278 892 3316 cum
918 3258 1171 3333 indefinita
1197 3264 1484 3327 varietate3
1524 3268 1582 3321 &5
1608 3265 1662 3320 in
1695 3265 1905 3319 omnibus
1927 3266 1985 3319 &²
2003 3264 2218 3334 stngulis
2256 3264 2391 3318 illius

352 3334 353 3337 ’
683 3337 689 3341 ’
1279 3339 1326 3391 Ζ
1353 3355 1384 3390 z
1412 3356 1443 3390 z
1487 3357 1517 3394 2
2231 3338 2388 3410 loque-
