2788 3736
363 283 510 344 1224
900 253 962 320 G
1050 255 1119 320 ,Ε
1176 203 1452 321 ’ΝΕ
1545 255 1613 322 s
1689 257 1734 325 1
1820 260 1886 326 s.

374 400 421 445 in
447 396 542 445 suas
577 393 742 460 species
788 390 1013 455 distincta,
1056 404 1110 440 ut
1134 408 1189 441 ne
1210 392 1366 441 *hilum
1392 391 1463 451 sit,
1503 393 1631 458 quod
1656 409 1750 443 non
1773 395 2187 456 distinftissimurm
2222 397 2272 452 &
2298 412 2390 450 tarn

368 461 722 512 innumerabilia
743 459 862 517 sunt,
897 472 950 508 ut
975 459 1242 508 differentiae
1264 459 1486 525 specificae
1520 452 1687 524 poflin't
1710 461 1803 508 dici
1825 463 2075 512 indefinitae
2091 487 2108 522 3
2148 482 2205 518 ex
2229 468 2394 531 quibus

365 547 518 593 quam
553 544 708 592 egena,
745 527 794 576 &
835 525 927 574 fere
952 526 1074 575 nulla
1110 526 1322 591 sapientia
1358 527 1555 575 humana
1596 527 1666 585 fit,
1703 528 1903 576 constare
1927 530 2090 593 potest,
2124 548 2230 596 quae
2255 533 2394 584 nescit

364 596 483 653 fere,
530 595 663 659 quod
702 595 879 642 bonum
912 594 962 642 ὅτ
995 609 1159 642 verum
1190 593 1415 658 spirituale
1446 594 1517 651 fit,
1551 595 1704 642 minus
1727 596 1841 659 quid
1879 595 1947 643 fit.
2018 597 2095 645 Ex
2118 599 2256 648 Bonis
2281 602 2394 650 Coe-

374 662 558 710 lestibus
591 663 641 710 ὅτ
667 660 999 726 Spiritualibus,
1036 661 1087 709 &
1118 661 1235 708 veris
1272 661 1396 718 inde,
1432 661 1630 725 existunt
1669 663 1720 710 ὅτ
1761 661 2037 711 descendunt
2066 663 2185 713 bona
2207 667 2257 715 ὅτ
2291 683 2397 717 vera

375 729 606 786 naturalia,
666 745 769 777 nam
807 727 1030 792 nusquam
1069 726 1202 776 datur
1242 727 1430 792 aliquod
1477 728 1653 777 bonum
1704 730 1754 777 &
1790 745 1955 777 verum
1996 731 2210 790 naturale,
2265 736 2396 797 quod

368 812 469 844 non
503 795 652 844 existit
685 812 710 844 a
749 795 874 843 bono
918 793 1149 859 spirituali,
1207 794 1257 843 &
1294 795 1383 843 hoc
1424 811 1449 855 a
1481 795 1671 853 coelesti,
1709 796 1759 844 ὅτ
1801 796 1858 844 ab
1897 796 2055 844 iisdem
2095 797 2316 856 subfistit;
2360 801 2397 850 fi

373 863 598 911 recederet
641 862 872 927 spirituale
905 878 931 909 a
971 861 1178 919 naturali,
1243 861 1439 910 naturale
1476 862 1665 910 nullum
1714 859 1858 912 foret:
1920 865 2054 927 origo
2094 880 2245 912 rerum
2292 882 2394 915 om-

375 931 505 980 nium
541 929 582 977 se
624 930 685 977 ita
723 929 873 987 habet,
908 929 1064 977 omnia
1101 930 1151 976 ὅτ
1191 928 1366 993 singula
1405 927 1507 978 sunt
1546 946 1571 977 a
1597 929 1823 988 Domino,
1864 929 1921 978 ab
1943 928 2048 994 Ipso
2086 931 2150 979 est
2179 932 2393 993 Coeleste,

371 1013 452 1061 per
488 995 686 1058 Coeleste
725 995 781 1044 ab
814 994 918 1060 Ipso
953 995 1101 1043 existit
1123 993 1364 1059 spirituale,
1408 1011 1489 1059 per
1512 996 1753 1060 Spirituale
1787 996 2007 1055 naturale,
2056 1014 2138 1062 per
2173 999 2396 1049 Naturale

299 1069 301 1071 ’
374 1079 650 1129 corporeum
689 1064 739 1111 &
779 1062 989 1120 sensuale,
1046 1063 1096 1111 ὅτ
1134 1062 1249 1111 ficut
1281 1061 1429 1112 existit
1461 1078 1487 1110 a
1525 1062 1735 1127 Domino
1774 1064 1851 1122 ita,
1901 1066 2041 1112 etiam
2081 1064 2271 1114 subsistit
2313 1068 2392 1127 ita,

370 1147 499 1188 nam,
522 1125 760 1179 ut'notum
783 1129 863 1186 est,
904 1128 1183 1178 subfistentia
1209 1129 1275 1178 est
1302 1140 1523 1194 perpetua
1561 1128 1819 1179 existentia:
1856 1131 1937 1194 qui
1960 1131 2087 1179 aliter
2113 1147 2266 1180 rerum
2297 1135 2391 1182 exi-

375 1197 551 1245 stentias
581 1199 631 1245 ὅτ
663 1208 788 1246 ortus
826 1197 1029 1259 capiunt,
1069 1208 1123 1243 ut
1153 1196 1200 1253 ii,
1238 1199 1318 1259 qui
1335 1208 1548 1244 naturam
1572 1196 1746 1253 colunt,
1782 1198 1833 1244 ὅτ
1860 1213 1916 1244 ex
1941 1214 1993 1245 ea
2031 1198 2209 1248 ducunt
2238 1215 2394 1252 rerum

374 1265 590 1328 origines,
632 1265 678 1310 in
711 1275 806 1310 tam
830 1260 1015 1310 funestis
1039 1262 1274 1326 principiis
1298 1261 1420 1320 sunt,
1461 1274 1514 1310 ut
1555 1260 1751 1310 ferarum
1791 1261 1930 1326 sylvae
1954 1263 2198 1328 phantasiae
2224 1269 2393 1330 poffint

374 1331 526 1382 multo
565 1330 754 1379 saniores
788 1329 982 1386 vocari;
1027 1329 1137 1378 tales
1171 1329 1274 1380 sunt
1309 1327 1559 1395 perplureS,
1606 1329 1688 1394 qui
1722 1328 1817 1378 aliis
1850 1332 2144 1398 praeeminere
2182 1331 2394 1397 sapientia

374 1398 457 1446 fibi
476 1397 704 1446 videntur.

370 1500 375 1506 .
431 1465 552 1530 1776.
591 1463 737 1531 Qod
777 1479 859 1529 per
896 1479 1030 1512 avem
1064 1462 1315 1512 secundum
1346 1463 1541 1528 speciem
1566 1464 1690 1512 suam
1714 1463 1993 1527 significetur
2015 1480 2152 1513 omne
2172 1463 2395 1529 spirituale

371 1547 572 1588 verum;
608 1548 689 1596 per
710 1531 968 1588 volucrem,
1011 1531 1429 1589 naturale-verum;
1465 1545 1546 1592 per
1568 1529 1756 1587 alatum,
1795 1530 1984 1580 sensuale
2004 1547 2185 1588 verum,
2220 1533 2393 1581 constat

371 1597 427 1646 ab
463 1597 552 1646 illis
575 1613 682 1662 quae
722 1598 848 1662 prius
882 1598 939 1646 de
969 1597 1128 1645 avibus
1168 1597 1288 1645 dieta
1326 1600 1375 1646 ὅτ
1409 1595 1582 1646 ostensa
1604 1595 1724 1654 sunt,
1758 1608 1811 1644 ut
1835 1614 1865 1644 n
1888 1616 1899 1646 ε
1922 1615 2030 1659 40.v
2074 1599 2392 1662 Antiquiffimi

374 1665 669 1713 affimilarunt
694 1665 891 1728 cogitata
914 1663 1112 1711 hominis
1135 1663 1309 1721 avibus,
1345 1665 1451 1727 quia
1474 1664 1538 1711 ita
1574 1661 1616 1710 se
1638 1663 1804 1711 habent
1826 1663 2072 1728 respective
2098 1664 2156 1712 ad
2179 1664 2392 1714 volunta-

376 1734 476 1781 ria:
516 1732 623 1796 quia
647 1731 721 1779 hic
761 1732 1055 1779 nominantur
1091 1731 1203 1789 avis,
1240 1731 1290 1778 &
1325 1730 1545 1786 volucris,
1583 1729 1634 1778 ὅτ
1671 1730 1859 1786 alatum,
1901 1731 1951 1778 ὅτ
1978 1731 2078 1778 haec
2120 1729 2385 1790 succedunt,

376 1797 492 1847 ficut
535 1800 582 1845 in
617 1798 802 1846 homine
845 1797 1184 1855 Intellefitualia,
1220 1796 1477 1845 Rationalia
1513 1796 1564 1844 ὅτ
1598 1795 1838 1854 Sensualia,
1887 1812 1944 1844 ne
1980 1798 2056 1844 cui
2089 1796 2283 1846 dubium
2317 1799 2390 1857 sit,

371 1867 485 1930 quin
518 1865 594 1913 illa
622 1865 894 1930 significent,
929 1864 1035 1912 licet
1058 1864 1207 1912 adhuc
1230 1863 1447 1928 quaedam
1471 1863 1572 1912 loca
1601 1878 1661 1911 ex
1685 1862 1843 1910 Verbo
1877 1863 2208 1921 confirmantia,
2245 1864 2392 1914 addu-

340 1978 343 1979 ὅ
369 1949 489 1989 cere,
529 1948 586 1980 ex
612 1932 779 1996 quibus
802 1934 939 1980 etiam
970 1943 1112 1996 patet,
1149 1930 1277 1995 quod
1301 1931 1462 1979 Bestiae
1484 1929 1604 1987 talia,
1642 1944 1755 1994 quae⁵
1785 1929 1908 1977 dieta
1943 1929 2062 1987 sunt,
2099 1930 2387 1994 fignificent;

365 1998 500 2061 apud
537 1998 787 2055 Davidem,
840 2003 874 2026 ‘⁶
906 1995 1157 2047 'Dominari
1189 1995 1333 2045 fecisti
1377 1997 1518 2046 Illum
1566 1996 1696 2061 super
1734 2011 1871 2060 opera
1917 2011 2140 2044 manuum
2187 2009 2388 2056 tuarum,

365 2071 409 2095 “⁶
444 2066 600 2114 omnia
639 2063 822 2130 posuisti
865 2063 946 2112 sub
987 2063 1181 2126 pedibus
1221 2063 1365 2122 Illius,
1407 2065 1585 2128 Gregem
1623 2063 1674 2112 &
1697 2062 1906 2112 Armenta
1943 2063 2115 2119 omnia,
2154 2063 2204 2109 ὅτ·
2251 2064 2388 2112 etiam

371 2137 410 2162 ·“
444 2132 605 2193 Bestias
641 2147 874 2196 agrorum,
917 2131 1132 2179 Volucrem
1154 2130 1400 2189 coelorum,
1444 2131 1494 2179 &
1518 2128 1658 2194 pisces
1684 2127 2068 2177 maris:’'*Psalm:
2095 2144 2225 2177 vm:
2256 2145 2302 2194 7,
2341 2135 2384 2181 8.

374 2198 454 2250 ubi
489 2199 795 2256 deDomino,
831 2195 974 2263 Cujus
1019 2198 1280 2246 dominium
1314 2195 1446 2262 super
1483 2196 1738 2252 hominem,
1773 2195 1824 2242 ὅτ
1867 2193 1996 2259 super
2021 2211 2130 2259 quae
2161 2194 2265 2243 sunt
2304 2196 2386 2246 ho-

376 2266 530 2324 miniS,
569 2266 630 2314 ita
653 2264 1000 2322 describuntur3
1050 2264 1192 2321 aliter,
1234 2263 1349 2327 quid
1384 2261 1501 2312 foret
1539 2262 1804 2310 dominium
1839 2259 1971 2326 super
2010 2261 2167 2310 bestias
2191 2262 2241 2309 &
2266 2278 2386 2313 aves.

375 2332 526 2398 Apud
563 2332 797 2391 Eundem,
836 2336 870 2359 “
895 2331 1052 2380 Arbor
1089 2329 1281 2385 fructus,
1317 2330 1368 2377 ὅτ
1405 2345 1563 2379 omnes
1596 2328 1735 2385 cedri,
1771 2329 1901 2385 Fera,
1953 2328 2003 2376 ὅτ
2034 2330 2185 2376 omnis
2227 2329 2387 2391 Bestia,

376 2405 412 2428 “
446 2399 637 2462 Reptile,
671 2399 722 2448 &
759 2400 952 2446 Volucris
990 2398 1087 2455 alae,
1125 2395 1448 2460 glorificabunt
1477 2411 1645 2443 nomen
1669 2395 1913 2456 Jehovae,'’
1951 2393 2131 2442 Psalm:
2157 2411 2352 2444 chvm
2384 2410 2395 2443 :

378 2485 428 2533 9,
460 2483 535 2523 10,
568 2484 639 2529 13.
682 2464 839 2523 Arbor
868 2462 1043 2512 frustus
1072 2462 1136 2510 est
1172 2457 1380 2511 Coelestis
1413 2463 1573 2519 homo,
1622 2462 1783 2510 cedrus
1819 2460 1883 2509 est
1916 2460 2191 2525 spiriritualis
2223 2462 2386 2526 homo,

377 2533 470 2582 fera
507 2534 556 2580 ὅτ
581 2531 718 2581 bestia
749 2532 798 2579 ὅτ
824 2531 999 2595 reptile,
1037 2530 1222 2578 illorum
1246 2529 1380 2586 bona,
1416 2529 1530 2577 sicut
1564 2529 1656 2584 hic,
1693 2528 1894 2576 volucris
1930 2527 2013 2578 alae
2047 2527 2236 2577 illorum
2260 2545 2385 2587 vera,

365 2617 436 2649 ‚ex
461 2599 629 2664 quibus
650 2598 908 2662 glorificare
933 2597 1114 2662 poffunt
1139 2611 1309 2644 nomen
1330 2595 1544 2658 Jehovae,
1578 2603 1866 2659 nequaquam
1899 2593 2049 2659 potest
2084 2592 2194 2652 fera,
2230 2595 2383 2654 bestia,

367 2666 555 2732 reptile,
597 2667 832 2722 volucris·‚
869 2667 916 2712 in
953 2663 1127 2728 scriptis
1153 2663 1405 2727 'prophanis
1428 2663 1534 2710 talia
1565 2661 1857 2726 hyperbolice
1880 2662 1973 2710 dici
2005 2660 2201 2724 poffunt,
2236 2660 2312 2708 sed
2337 2662 2383 2708 in

377 2735 536 2783 Verbo
572 2734 767 2781 Domini
792 2730 1014 2795 nusquam
1038 2730 1327 2794 hyperbolica
1355 2729 1475 2787 sunt,
1513 2728 1590 2777 sed
1622 2729 1920 2792 significativa
1941 2729 1990 2775 ὅτ
2015 2725 2395 2791 repraesentativa.⁴

379 2801 528 2864 Apud
546 2799 855 2856 Ezechielem,
883 2804 916 2826 “
935 2796 1294 2846 Contremiscent
1318 2812 1472 2844 coram
1493 2796 1574 2843 Me
1595 2795 1735 2859 pisces
1762 2795 1912 2849 mariS,
1935 2794 1984 2840 ὅτ
2001 2794 2115 2841 Avis
2138 2791 2385 2852 coelorum,
2469 2798 2472 2800 ’

378 2872 413 2895 “
450 2868 498 2914 ὅτ
517 2868 628 2916 Fora
652 2868 766 2928 agri,
792 2866 841 2912 ὅτ
866 2881 1003 2912 omne
1027 2865 1198 2926 Reptile
1220 2876 1365 2926 repens
1387 2861 1518 2925 super
1540 2861 1702 2917 humo,
1725 2861 1775 2908 ὅτ
1804 2859 2124 2915 omnishomo,
2150 2861 2230 2922 qui
2255 2858 2387 2924 super

372 2939 414 2971 >⁴5
450 2931 645 2980 faciebus
675 2933 855 2989 humi,'’
892 2947 1120 2978 xxxvni:
1167 2947 1242 2980 20.
1278 2927 1406 2993 quod
1438 2929 1512 2974 hic
1552 2926 1703 2973 bestiae
1740 2927 1791 2972 ὅτ
1828 2942 1929 2972 aves
1969 2926 2076 2990 talia
2110 2925 2382 2989 significent,

374 2999 551 3051 constat
590 2995 836 3053 manifeste,
868 3013 976 3044 nam
1015 2996 1130 3060 quid
1166 2995 1326 3059 gloriae
1352 2993 1546 3055 Jehovae
1577 2991 1610 3039 si
1654 2991 2047 3040 contremiscerent
2071 2991 2225 3055 pisces,
2262 3010 2382 3053 aves,

373 3065 560 3121 bestie-3
596 3080 651 3111 an
691 3062 877 3126 quisque
910 3075 1068 3125 putare
1113 3060 1276 3125 potest,
1311 3059 1439 3123 quod
1483 3059 1591 3107 tales
1615 3057 1903 3121 loquutiones
1949 3056 2096 3105 forent
2135 3058 2312 3116 sancfwe‘,
2349 3061 2382 3107 si

375 3149 468 3187 non
493 3123 958 3181 san-'stasinvolverene
1031 3127 1179 3191 Apud
1202 3127 1467 3187 Jeremiam,
1507 3121 1542 3152 ‘⁶'
1565 3124 1676 3173 Vidi
1718 3126 1767 3172 &
1792 3140 1895 3171 ecce
1926 3141 2016 3171 non
2043 3127 2195 3182 Homo,
2232 3127 2383 3181 omnis

368 3206 409 3238 μ
446 3198 807 3258 Avisgoelorum
833 3193 1060 3260 aufugit,”
1091 3207 1172 3246 1V,:
1213 3209 1288 3259 275.
1322 3208 1410 3260 pro
1446 3191 1572 3259 quod
1606 3207 1744 3241 omne
1782 3190 1958 3240 bonum
2003 3192 2272 3265 &tverunn
2308 3193 2381 3255 hic

2196 3274 2383 3324 quoque
