2788 3736
708 246 2009 378 CAPUTSECUNDUMg
2297 229 2394 366 ’μ

457 436 544 497 ²3·
584 424 652 478 Et
677 424 803 476 dixit
842 425 1019 487 hom0‚
1055 423 1151 477 hac
1175 424 1303 486 vice,
1343 441 1400 475 os
1428 423 1490 475 de
1515 423 1698 481 ossibus
1723 424 1864 486 meiS,
1903 425 1957 475 δε
1993 441 2108 476 caro
2150 423 2213 479 de
2250 443 2396 478 carne

380 517 510 563 mea,
555 511 756 571 propter
780 498 879 552 hoc
903 488 1161 552 vocabitur
1183 499 1347 560 Uxor,
1385 497 1504 567 quia
1529 513 1591 547 ex
1618 497 1724 548 viro
1749 497 1911 549 sumta
1934 497 2034 550 illa.

453 590 539 641 24.
580 573 846 645 Propterea
884 573 1131 643 relinquet
1172 572 1246 622 vir
1271 582 1464 641 patrem
1503 568 1667 632 suum,
1706 572 1759 622 &
1783 582 1998 624 matrem
2024 575 2183 637 suam,
2221 574 2274 626 ὅσ
2300 574 2391 626 ad-

379 645 586 699 haerebit
605 648 751 699 uxori
786 648 900 710 suae,
939 649 993 698 ὅτ,
1017 655 1163 697 erunt
1186 644 1239 695 in
1263 661 1467 695 carnem
1512 661 1683 695 unam.

422 713 426 716 ⁵
451 739 480 773 2
489 739 536 792 5.
577 723 642 774 Et
658 721 859 775 fuerunt
882 717 1035 772 ambo
1059 717 1199 780 nudi,
1238 716 1399 769 homo
1419 718 1472 770 &
1493 735 1622 770 uxor
1646 716 1798 780 illius,
1819 719 1872 770 δε
1891 736 1995 770 non
2015 720 2337 774 erubuerunt.

941 907 1809 960 CONTENTA.

378 1075 397 1110 J
413 1075 438 1127 3
456 1075 497 1110 1.
543 1057 915 1186 AGITU
932 1055 983 1109 R
1022 1055 1085 1108 de
1127 1053 1415 1112 Posteritate
1440 1051 1811 1126 Antiquiffimae
1850 1053 2100 1119 Ecclefiae‚
2157 1075 2270 1128 quae
2313 1059 2389 1110 af-

720 1130 936 1183 feetabat
961 1130 1240 1203 proprium.
1477 1195 1485 1201 ι

451 1221 569 1275 132.
609 1205 747 1276 Qa
791 1204 951 1257 homo
975 1204 1085 1257 talis
1111 1204 1200 1267 est,
1241 1216 1299 1256 ut
1322 1222 1424 1256 non
1449 1215 1712 1256 contentus
1736 1203 1796 1255 fit
1820 1222 1848 1255 a
1875 1204 2104 1257 Domino
2129 1204 2263 1267 duci,
2303 1206 2388 1258 sed

371 1279 511 1351 cupit
535 1279 687 1332 etiam
731 1298 760 1331 a
798 1278 953 1332 semet
993 1280 1046 1332 δι
1070 1278 1283 1342 munde,
1322 1278 1406 1331 seu
1430 1297 1494 1330 ex
1518 1277 1737 1350 proprie,
1776 1278 1936 1349 agitur
1974 1278 2058 1330 hic
2083 1279 2146 1331 de
2164 1281 2385 1351 propriO,

364 1354 503 1424 quod
527 1355 573 1406 ei
598 1353 899 1417 conceffum,
938 1354 1071 1406 vers:
1108 1372 1126 1406 1
1141 1352 1189 1405 8.

449 1445 567 1513 333.
606 1428 675 1479 Et
716 1428 943 1500 primum
982 1429 1028 1480 ei
1072 1427 1207 1480 noffe
1248 1427 1394 1480 datur
1434 1413 1719 1478 affeffiones
1770 1426 1908 1490 boni,
1973 1429 2027 1480 δε
2075 1427 2388 1499 cognitiones

366 1518 484 1566 ven,
534 1502 819 1555 aDOmino
851 1502 898 1554 ei
923 1502 1127 1555 donatas
1149 1528 1167 1565 ;
1219 1501 1302 1554 sed
1347 1501 1502 1572 usque
1545 1501 1808 1573 proprium
1854 1501 2066 1554 affedlat.
2104 1501 2242 1554 vers:
2301 1520 2383 1573 19,

365 1589 452 1628 20‘.
1028 1607 1031 1609 >
1509 1591 1512 1592 ⁷

446 1668 565 1721 134.
604 1652 776 1723 Qare
819 1651 872 1704 in
915 1651 1101 1704 statum
1141 1650 1328 1724 proprii
1353 1648 1540 1712 miffuS,
1581 1649 1633 1701 δε
1658 1649 1704 1702 ei
1729 1650 1991 1722 proprium
2036 1649 2196 1714 datur,
2245 1650 2384 1722 quod

362 1724 650 1778 describitur
688 1745 775 1798 per
798 1726 990 1779 costam
1012 1725 1307 1778 aedificatam
1331 1725 1384 1776 in
1409 1724 1694 1786 mulierem,
1735 1725 1870 1776 vers:
1901 1741 1930 1776 2
1945 1742 1988 1787 1,
2020 1741 2108 1787 22,
2139 1741 2224 1794 23.

446 1808 507 1868 1‘3
520 1817 568 1868 5.
605 1801 753 1852 Tum
794 1800 934 1870 quod
974 1799 1183 1851 coelestis
1227 1800 1279 1851 ὅτ,
1322 1797 1582 1870 spiritualis
1607 1798 1707 1849 vita
1731 1798 1963 1868 adjund'ta
1986 1798 2044 1850 fit
2067 1798 2287 1872 proprie,
2327 1810 2384 1852 ut

365 1873 503 1944 quafi
537 1891 702 1925 unum
726 1884 1007 1944 appareant,
1046 1873 1181 1925 vers:
1212 1889 1299 1939 24.
1496 1891 1498 1893 “

448 1946 566 2015 [36.
603 1947 674 1997 Et
697 1947 837 2018 quod
861 1947 1065 2017 proprio
1089 1945 1330 1998 infumata
1367 1964 1396 1997 a
1417 1945 1648 1998 Domino
1668 1945 1965 2009 innocentia,
2010 1957 2068 1997 ut
2092 1946 2246 2017 usque
2275 1965 2382 2000 non

365 2020 618 2092 ingratum
661 2019 808 2084 foret,
846 2019 985 2072 vers:
1029 2036 1058 2072 2
1068 2031 1115 2091 5‘.

360 2200 2381 2303 ffifflffiffiffiffifflffifflffifflffifflffifflffifflffiffiffi

603 2394 2130 2483 SENSUSINTERNUa

369 2576 459 2626 137
572 2560 625 2607 N
658 2560 803 2608 tn'bus
824 2561 1060 2625 Capitibus
1084 2561 1327 2621 Geneseos,
1362 2562 1409 2610 in
1439 2578 1601 2626 genere
1616 2562 1768 2626 agitur
1788 2561 1845 2610 de
1868 2561 2194 2626 Antiquissima
2214 2562 2376 2611 Eccle-

588 2626 662 2684 fia,
697 2643 804 2691 quae
826 2639 1020 2675 vocatur
1040 2629 1226 2688 Homo,
1262 2646 1288 2677 a
1310 2630 1463 2694 primo
1485 2642 1695 2693 tempore
1733 2628 1875 2693 usque
1911 2628 1969 2676 ad
1992 2628 2230 2686 ultimum,
2266 2644 2376 2676 cum

358 2693 517 2756 periit:
554 2693 602 2740 in
642 2694 851 2741 anteaffis
887 2692 1021 2759 hujus
1060 2696 1218 2758 capitis
1256 2695 1313 2742 de
1347 2696 1657 2743 florentissimo
1690 2693 1786 2759 ejus
1809 2694 1941 2751 statu,
1976 2694 2160 2759 quando
2184 2694 2376 2743 coeleffis

359 2761 528 2808 Homo
550 2758 639 2807 fuit
657 2782 672 2815 3
709 2759 783 2807 hic
807 2776 930 2808 nunc
947 2761 1004 2808 de
1028 2761 1097 2818 iis,
1128 2762 1178 2809 &
1201 2761 1259 2809 de
1281 2760 1468 2825 posteris
1503 2759 1616 2825 ejus,
1651 2763 1732 2825 qui
1755 2761 2021 2808 affefihtbant
2043 2762 2304 2824 Proprium.

432 2829 535 2890 138.
573 2825 711 2874 Vers:
744 2831 816 2876 18.
869 2829 934 2875 Et
966 2828 1078 2875 dixit
1099 2829 1305 2892 Jehovah
1330 2828 1465 2886 Deus,
1516 2844 1596 2875 non
1629 2827 1795 2883 bonum,
1831 2837 1880 2874 ut
1905 2827 1970 2887 stt
2006 2829 2142 2876 Homo
2171 2827 2289 2890 solus
2316 2830 2370 2886 is,

347 2892 517 2954 faciam
554 2895 593 2939 ei
623 2893 847 2950 auxilium,
882 2904 1084 2959 tanquam
1106 2895 1227 2957 apud
1259 2895 1389 2942 illum.
1461 2895 1549 2943 Per
1594 2893 1725 2940 Solus
1770 2893 2062 2958 fignificatur,
2122 2894 2248 2957 quod
2281 2910 2372 2942 non

359 2971 597 3006 contentus
619 2958 754 3006 fuerit
776 2977 802 3006 a
823 2960 1034 3007 Domino
1057 2960 1182 3018 duci,
1218 2960 1294 3008 sed
1317 2961 1543 3024 cupiverit
1566 2977 1590 3007 a
1613 2959 1751 3007 semet
1775 2961 1824 3007 &
1861 2961 2038 3007 mundo
2059 2979 2069 3008 ε
2106 2961 2195 3009 Per
2219 2962 2370 3008 Auxi-

358 3024 475 3072 lium
498 3036 715 3088 tanquam
739 3026 860 3090 apud
885 3026 1034 3084 illum,
1069 3027 1349 3091 fignificatur
1370 3028 1634 3091 Proprium,
1658 3025 1783 3090 quod
1808 3027 1854 3073 in
1878 3023 2164 3090 sequentibus
2187 3042 2371 3091 quoque

358 3104 551 3139 vocatur
572 3091 708 3139 Costa
730 3092 951 3141 aedificata
974 3094 1020 3140 in
1046 3093 1298 3142 mulierem.

357 3158 1461 3290 mei-seffi13233515321222252352
1487 3162 1618 3274 ri:

356 3303 503 3340 tatum
525 3291 613 3339 hoc
637 3306 821 3355 quoque
844 3293 891 3339 in
914 3293 1112 3341 Ecclesia
1135 3293 1339 3356 Judaica,
1376 3308 1456 3358 per
1478 3294 1543 3350 id,
1579 3294 1707 3357 quod
1730 3293 1923 3357 expulsis
1948 3291 2168 3404 gentibuz
2172 3357 2180 3366 ι
2193 3290 2271 3337 soli
2295 3290 2372 3337 ha-

2173 3368 2331 3405 itarent
2350 3380 2364 3415 3
