2788 3736
673 245 1009 322 CAPU‘T
1057 239 1532 327 DECIMUM
1579 240 2099 333 QJINTUM.
2231 243 2368 326 613

371 407 556 466 peecata
577 393 625 444 in
646 392 689 442 se
712 384 984 442 derivaverit
998 389 1048 438 ὅτ
1071 387 1131 436 sic
1148 383 1388 445 sustulerit,
1421 346 1496 429 sed
1513 379 1640 445 quod
1663 395 1744 443 per
1766 376 2098 427 Tentationum
2118 390 2299 441 pugnas
2321 374 2374 421 δε

373 465 583 515 victorias
627 461 788 509 vicerit
829 456 1019 514 inferna,
1053 455 1104 503 &
1125 453 1185 502 fic
1209 452 1344 508 solus,
1379 449 1516 497 etiam
1538 446 1691 511 quoad
1708 447 1981 494 Humanam
1997 442 2266 499 Effentiam,
2298 438 2370 486 su·

366 529 545 581 stineret
580 529 850 578 tentationes
888 524 1013 589 apud
1050 520 1222 569 fideles.
1307 519 1356 565 A
1401 514 1611 563 Domino
1652 514 1791 560 etiam
1836 512 2104 559 tentationes
2149 518 2372 556 vocantur

368 593 627 661 Afflil‘tiones
652 618 667 652 3
703 592 827 658 apud
841 592 1079 645 Marcum,
1114 591 1151 615 “
1175 585 1278 650 Qii
1299 582 1431 648 super
1443 578 1618 647 petrosa
1641 578 1929 634 seminantur,
1966 575 2150 640 quando
2186 574 2372 623 audive-

368 671 405 694 “
440 667 531 713 rint
552 663 823 717 sermonem,
852 663 951 705 hon
967 653 1132 704 habent
1153 651 1352 700 radicem
1376 650 1424 696 in
1446 646 1611 713 seipfis,
1645 660 1808 693 verum
1832 643 2093 706 temporarii
2123 640 2259 697 sunt,
2285 655 2372 704 po·
2434 680 2438 682 a

371 738 407 761 ‘⁸
441 731 531 780 stea
550 727 740 794 quando
759 724 948 788 fflidio
972 723 1021 770 ὅτ,
1046 718 1296 786 persecutio
1319 717 1464 764 oritur
1485 725 1674 779 propter
1710 710 1981 766 sermonem,
2015 708 2163 755 statim
2191 706 2372 754 scanda-

374 804 410 827 “
446 796 690 854 lizantur,'’
718 808 801 840 iv:
845 791 920 848 16,
953 805 1031 854 17.
1062 786 1246 835 afflictio
1265 780 1494 832 manifeste
1517 796 1606 845 pro
1629 779 1874 826 tentatione
1900 796 1916 832 ;
1953 791 2046 823 non
2074 774 2275 821 radicem
2297 773 2376 820 ha·

375 865 480 913 bere
502 867 550 911 in
570 861 732 927 seipsis,
766 857 830 908 est
845 873 940 906 non
961 855 1240 909 charitatem,
1275 852 1324 898 in
1340 849 1423 898 hac
1445 848 1570 897 enim
1592 845 1813 893 radicatur
1836 843 1966 899 fides,
2001 857 2092 906 qua
2123 838 2271 887 radice
2295 839 2377 902 qui

375 948 470 981 non
506 929 724 994 gaudent,
760 927 807 973 in
845 920 1168 973 tentationibus
1199 915 1536 967 succumbunt:
1572 912 1696 977 apud
1728 910 2007 973 Johannem,
2044 913 2079 936 “
2102 907 2157 956 In
2202 904 2384 953 mundo

379 1004 415 1026 “
450 997 728 1059 Afflibi‘ionem
764 990 952 1048 habetis,
985 989 1061 1036 sed
1095 985 1328 1042 confidite,
1364 983 1474 1047 Ego
1498 981 1592 1028 vici
1615 978 1897 1034 mundum,''
1933 991 2052 1023 xvr:
2093 991 2168 1037 33.
2196 971 2381 1019 afflietio

375 1081 462 1129 pro
493 1060 751 1123 tentatione.
821 1055 970 1122 Apud
1005 1053 1306 1108 Matthaeum,
1342 1054 1377 1076 “
1408 1046 1696 1110 Excitabitur
1734 1060 1848 1108 gens
1887 1054 2044 1091 contra
2073 1051 2275 1104 gentem,
2326 1038 2378 1086 δε

377 1137 412 1159 “
448 1145 643 1193 regnum
679 1138 837 1174 contra
857 1135 1071 1186 regnum,
1105 1119 1263 1168 omnia
1292 1116 1395 1164 haec
1442 1115 1624 1162 initium
1646 1111 1887 1166 dolorum,
1922 1122 2033 1157 tunc
2072 1106 2250 1154 tradent
2294 1119 2384 1151 vos

378 1203 414 1227 ‘⁶
449 1198 498 1243 in
516 1195 808 1256 Afflibiionem.
876 1189 982 1237 Erit
1004 1199 1114 1235 tunc
1129 1184 1316 1247 AffliHio
1341 1197 1523 1245 magna,
1558 1179 1703 1243 qualis
1727 1194 1818 1225 non
1851 1174 2011 1222 fuitab
2045 1174 2175 1221 initio
2198 1170 2380 1219 mundi.

381 1267 421 1292 ‘⁶
453 1263 620 1310 Statim
658 1257 762 1324 post
783 1256 1058 1319 Afflibiionem
1074 1252 1252 1300 dierum
1294 1248 1484 1296 istorum
1508 1245 1573 1294 sol
1589 1243 1946 1300 obscurabitur,''
1963 1256 2118 1288 xxxv:
2158 1254 2205 1303 7,
2246 1241 2291 1294 8,
2330 1255 2381 1302 9,

379 1347 459 1387 21,
498 1343 575 1389 29.
610 1326 691 1374 ubi
714 1325 771 1372 de
794 1320 1132 1372 consumatione
1168 1316 1336 1373 saeculi,
1371 1314 1447 1363 seu
1489 1312 1663 1361 ultimis
1694 1308 1978 1373 temporibus
2003 1305 2256 1360 Ecclefiae·,
2291 1301 2383 1351 Af-

375 1396 520 1445 flictio
541 1409 627 1458 pro
648 1388 971 1445 tentationibus
987 1385 1181 1435 externis
1202 1385 1253 1432 δε
1276 1381 1460 1430 internis
1479 1403 1494 1436 3
1530 1391 1728 1426 externae
1745 1375 1846 1423 sunt
1862 1373 2189 1440 persecutiones
2206 1387 2232 1418 a
2247 1385 2385 1418 mun·

376 1462 459 1519 do,
495 1463 688 1508 internae
710 1474 736 1505 a
753 1455 936 1504 diabolo
965 1475 981 1510 ;
1013 1451 1139 1500 nulla
1161 1449 1349 1497 charitas
1371 1446 1649 1510 significatur
1687 1459 1769 1508 per
1789 1441 1917 1505 quod
1941 1455 2053 1504 gens
2077 1449 2234 1486 contra
2272 1451 2383 1499 gen-

379 1542 494 1584 tem,
530 1539 725 1590 regnum
764 1533 922 1571 contra
943 1533 1156 1583 regnum,
1190 1515 1240 1565 ὅτ
1265 1530 1346 1579 per
1383 1512 1513 1578 quod
1536 1510 1618 1568 sol,
1653 1509 1741 1557 hoc
1764 1508 1844 1566 est,
1879 1507 2129 1562 Dominus,
2164 1518 2293 1551 amor
2333 1504 2384 1551 &

382 1594 588 1649 charitas,
615 1589 936 1639 obscurabitur.

452 1664 596 1724 1847.
633 1652 996 1723 Qadringentis
1040 1649 1167 1698 annis
1206 1647 1334 1713 quod
1357 1645 1578 1710 significet
1608 1643 1894 1691 durationem
1924 1641 1974 1689 δε
2011 1638 2176 1686 statum
2218 1650 2390 1700 nempe

385 1727 708 1780 tentationum,
744 1721 917 1770 constat
948 1735 973 1767 a
995 1716 1320 1782 significatione
1356 1712 1703 1778 quadringenta,
1740 1709 1820 1772 qui
1844 1722 2060 1755 numerus
2083 1704 2208 1753 idem
2248 1702 2388 1766 signi·

387 1795 494 1842 ficat
516 1809 576 1856 ac·
613 1789 928 1855 quadraginta,
963 1800 1128 1848 nempe
1160 1782 1464 1830 tentationum
1507 1778 1764 1825 durationes
1809 1775 1860 1822 δε
1905 1773 2060 1830 status,
2097 1771 2155 1818 de
2178 1785 2286 1833 qua,
2322 1785 2353 1815 n
2372 1785 2390 1816 τ

385 1835 2392 1975 &220⁸⁶55s0‘33532tssssssum1ssusssffssnfiss3‘aiyss'oeeisstdffiemifffffiffiaffuffissfflffiaff

340 2034 349 2039 ,
386 1993 492 2041 cobi
531 1993 578 2039 in
601 1990 830 2054 AEgypto,
866 2002 973 2050 quae
1011 1983 1138 2048 quod
1172 1979 1309 2029 fuerit
1330 1929 1462 2044 4332
1466 1993 1708 2033 annorum,
1744 1973 1915 2023 constat
1949 1970 2117 2020 Exod:
2156 1985 2268 2017 xn:
2304 1983 2393 2028 40,

385 2058 564 2108 tametfi
580 2057 759 2104 duratio
782 2065 904 2103 tanta
927 2067 1020 2100 non
1044 2048 1180 2098 fuerit
1203 2048 1260 2095 ab
1292 2047 1491 2095 adventu
1526 2043 1686 2107 Jacobi
1710 2043 1756 2089 in
1787 2041 2072 2104 AEgyptum‚
2121 2035 2194 2084 sed
2218 2052 2243 2082 a
2264 2041 2392 2098 pere-

389 2126 644 2191 grinatione
661 2121 856 2171 Abrami
871 2119 950 2176 ibi,
976 2130 1028 2166 ut
1051 2117 1175 2181 prius
1198 2113 1517 2167 observatum;
1555 2111 1613 2158 ab
1628 2110 1711 2157 hac
1736 2125 1834 2174 430
1870 2106 2066 2162 dictum,
2101 2105 2208 2166 quia
2229 2116 2391 2149 nume-

387 2209 464 2240 rus
506 2191 580 2239 hic
604 2188 801 2237 involvit
835 2186 1121 2242 tentationes,
1156 2197 1270 2246 quas
1294 2177 1667 2245 repraesentabant
1691 2191 1771 2240 per
1801 2173 2061 2221 servitutem
2087 2172 2134 2217 in
2157 2170 2391 2232 AEgypto,

388 2270 492 2306 tum
515 2256 668 2320 postea
699 2270 781 2318 per
804 2252 1104 2317 quadraginta
1125 2264 1349 2297 annorum
1365 2246 1624 2294 affliffiones
1646 2244 1692 2289 in
1717 2238 1901 2289 deserto.

465 2327 604 2384 1'848.
639 2319 783 2367 Vers:
827 2336 899 2379 14.
937 2320 1002 2366 Et
1020 2319 1150 2365 etiam
1166 2325 1352 2380 gentem,
1387 2315 1456 2360 cui
1470 2312 1684 2375 servient,
1700 2306 1912 2372 judicabo
1937 2307 2066 2369 Ego;
2101 2303 2157 2353 &
2174 2301 2396 2364 postquam

390 2392 476 2446 ita,
512 2389 686 2437 exibunt
708 2385 973 2450 acquisttione
988 2400 1157 2446 magna.
1228 2382 1385 2429 Etiam
1403 2389 1607 2443 gentem,
1642 2377 1718 2423 cui
1754 2373 1962 2429 servient,
1998 2369 2221 2434 fignificat
2249 2366 2394 2414 malos

393 2457 476 2520 qui
498 2455 799 2519 opprimunt:
828 2448 1047 2513 judicabo
1087 2449 1210 2511 Ego,
1246 2447 1469 2510 significat
1503 2444 1804 2490 visitationem
1822 2441 1871 2486 ὅτ
1895 2436 2157 2502 judicium:
2195 2436 2242 2482 &
2269 2431 2392 2495 post-

393 2538 533 2586 quam
558 2523 636 2577 ita,
672 2518 860 2566 exibunt
892 2515 1179 2579 acquisitione
1212 2527 1397 2575 magna,
1432 2510 1657 2573 fignificat
1703 2507 2037 2561 liberationem,
2073 2505 2121 2551 &
2155 2500 2282 2564 quod
2307 2498 2395 2545 illis

394 2589 513 2637 bona
536 2585 733 2635 coelestia
752 2586 802 2632 &
824 2581 1078 2646 spiritualia.
1299 2597 1306 2613 ·

471 2659 609 2716 1849.
646 2652 801 2700 Etiam
839 2660 1023 2713 gentem
1063 2648 1139 2694 cui
1174 2645 1385 2700 servient,
1419 2640 1546 2706 quod
1585 2638 1807 2703 significet
1832 2635 1976 2684 malos
1997 2635 2078 2698 qui
2104 2633 2393 2697 opprimunt,

395 2720 567 2770 constat
584 2736 608 2766 a
623 2717 947 2782 significatione
970 2715 1134 2778 gentis,
1170 2714 1219 2760 δε
1245 2710 1436 2764 servire;
1474 2708 1598 2755 Gens
1622 2709 1668 2752 in
1693 2705 1892 2768 genuino
1916 2701 2039 2748 sensu
2064 2699 2288 2763 fignificat
2312 2697 2393 2743 bo-

397 2804 471 2844 na,
506 2786 579 2834 seu
602 2785 731 2849 quod
755 2783 895 2838 idern,
932 2781 1092 2838 bonos,
1130 2794 1236 2826 nam
1253 2778 1372 2824 bona
1394 2790 1502 2823 cum
1520 2773 1733 2820 abstraCte
1754 2770 1985 2824 dicuntur,
2021 2766 2124 2813 sunt
2146 2764 2268 2828 apud
2294 2761 2395 2809 sub-

359 2870 364 2872 ·
391 2850 586 2917 jectum,
621 2850 749 2916 quod
788 2849 849 2897 est
872 2848 1031 2905 horno,
1077 2845 1273 2909 spiritus,
1303 2842 1376 2889 vel
1400 2839 1614 2903 angelus;
1651 2853 1762 2901 gens
1787 2833 1938 2883 autem
1970 2836 2018 2880 in
2039 2832 2250 2896 opposito
2274 2828 2400 2876 sensuv

399 2918 621 2980 fignificat
643 2917 774 2973 mala,
811 2915 882 2962 seu
906 2913 1032 2978 quod
1058 2913 1181 2959 idem
1216 2911 1294 2967 est,
1332 2908 1493 2964 malos,
1529 2906 1587 2953 de
1619 2921 1725 2968 qua,
1765 2919 1825 2950 n:
1871 2915 2011 2964 1159,
2070 2903 2211 2960 1258,
2255 2911 2399 2958 1259,

408 2981 546 3033 1260.
567 2984 742 3030 Servire
763 2995 933 3038 autem,
957 2980 1028 3027 seu
1053 2979 1271 3032 Servitus,
1290 2975 1512 3038 fignificat
1527 2973 1878 3035 oppressionem,
1892 2979 1945 3014 ut
1962 2968 2006 3014 in
2024 2964 2150 3012 vers:
2175 2978 2297 3027 praec
2317 2981 2327 3009 :

475 3054 614 3110 1850.
651 3047 877 3108 Judicabo
910 3047 1036 3110 Ego,
1071 3043 1198 3109 quod
1239 3041 1460 3106 significet
1489 3039 1791 3086 visitationem
1833 3036 1882 3080 &
1923 3032 2177 3094 iudicium,
2199 3028 2398 3075 constare

400 3114 550 3181 potest
588 3113 752 3176 absque
791 3112 1102 3175 explicatione.
1172 3111 1258 3158 Per
1289 3107 1492 3172 judicare
1515 3104 1587 3152 seu
1613 3102 1861 3168 judicium,
1894 3116 1985 3146 non
2011 3098 2286 3159 significatur
2321 3094 2399 3138 ali„

404 3182 532 3246 quod
555 3182 772 3227 ultimum
783 3176 1031 3241 judicium,
1068 3177 1180 3223 ficut
1202 3175 1370 3238 vulgus
1395 3175 1621 3237 opinatur,
1647 3184 1811 3232 nempe
1833 3166 1957 3229 quod
1977 3164 2165 3209 Coelum
2193 3163 2239 3206 &
2259 3160 2410 3205 Terra

403 3250 614 3316 peritura,
651 3247 700 3296 &
742 3244 799 3294 sic
823 3243 951 3309 quod
979 3257 1155 3292 novum
1180 3242 1370 3292 Coelum
1397 3242 1446 3289 &
1470 3254 1591 3288 nova
1604 3238 1750 3287 Terra
1772 3231 1975 3288 creanda,
2013 3229 2069 3276 de
2093 3226 2258 3291 quibus
2282 3223 2409 3338 akpudss

2336 3304 2414 3337 ro»-
