2788 3736
419 212 455 272 8
828 184 1935 276 .G³ENESJS.

398 371 451 393 ·“
487 365 543 413 ad
562 365 820 430 vesperam,
846 380 953 413 cum
975 364 1025 410 fit
1045 365 1201 421 Mane,
1226 365 1293 412 bis
1314 365 1437 412 mille
1455 366 1503 414 δε
1522 367 1768 422 trecenta,”
1795 382 1860 413 ix.
1893 381 1968 425 14·
1985 365 2063 416 26.
2097 367 2312 418 Similiter
2333 364 2451 420 acci-

416 433 539 496 pitur
560 434 697 479 Mane
722 449 804 494 pro
826 432 952 478 omni
973 431 1194 478 Adventu
1213 432 1422 488 Domini,
1447 433 1491 478 in
1507 431 1679 487 Verbo,
1704 433 1764 478 ita
1779 432 1843 479 est
1863 448 1958 480 vox
1977 449 2110 481 novae
2132 438 2382 484 creationis.

485 513 511 546 2
521 515 561 560 3.
600 499 743 558 Quod
766 499 873 544 Dies
898 512 980 560 pro
1003 496 1097 560 ipso
1119 499 1350 561 Tempore
1374 498 1631 559 accipiatur,
1669 497 1777 544 nihil
1810 501 2100 546 communius
2122 499 2186 546 est
2207 501 2251 548 in
2275 503 2448 560 Verbo,
2477 513 2481 518 ”

416 578 467 611 ut
505 565 621 626 apud
664 563 856 618 Esaiam,
895 569 928 590 “
965 564 1255 626 Propinquus
1289 563 1353 610 est
1387 566 1496 610 Dies
1521 563 1726 623 Jehovae.
1797 563 1917 610 Ecce
1941 565 2050 612 Dies
2073 566 2265 626 Jehovae
2301 571 2446 618 venit.

417 637 451 658 “
484 629 675 675 Coelum
702 628 1027 690 commovebo,
1064 630 1113 676 δε
1136 628 1449 677 contremiscet
1473 643 1587 676 terra
1609 645 1632 675 e
1656 629 1759 676 loco
1799 628 1894 685 su0,
1930 629 1975 675 in
2001 631 2088 676 Die
2126 634 2449 682 excandescen-

418 701 451 722 “
489 696 563 740 tiae
604 695 682 741 irae
720 712 847 743 meae.
919 696 1233 759 Propinquum
1274 696 1328 743 ad
1356 695 1628 743 veniendum
1658 695 1719 742 est
1745 707 1926 758 tempus
1948 695 2102 758 ipfiuS,
2138 697 2187 743 δε
2213 699 2321 747 Dies
2353 700 2449 764 ejus

416 767 451 787 ‘⁶
487 777 576 807 non
603 762 968 823 protrahentur,”
1002 777 1122 808 xm.
1151 761 1196 817 6,
1223 778 1270 825 9,
1303 777 1378 823 13,
1406 778 1481 810 22.
1531 762 1594 808 Et
1625 761 1744 824 apud
1770 761 1966 808 eundem
1993 762 2288 825 Prophetam,
2325 771 2359 793 “
2395 767 2448 814 In

416 832 450 854 ‘⁶
485 826 656 873 Diebus
682 828 953 891 antiquitatis
977 828 1215 889 antiquitas
1237 824 1347 890 ejus.
1419 828 1518 874 Fiet
1544 827 1587 872 in
1611 828 1699 873 Die
1733 827 1809 874 illo
1833 827 2052 873 oblivioni
2076 829 2274 876 tradetur
2296 832 2450 891 Tyrus

415 898 450 920 “
485 891 761 955 septuaginta
784 895 926 948 anniS,
945 891 1075 956 juxta
1095 894 1201 940 Dies
1227 894 1343 956 regis
1367 894 1550 948 unius,'’
1575 909 1728 940 xxiii.
1755 909 1792 954 7.
1824 893 1895 941 16.
1932 894 2058 951 Quia
2075 895 2184 941 Dies
2202 911 2286 958 pro
2303 896 2448 944 Tem·
2488 926 2490 929 -

375 1002 379 1006 .
415 975 538 1021 pore,
574 960 707 1005 etiam
749 975 832 1022 pro
872 960 997 1005 Statu
1040 959 1164 1005 istius
1206 960 1419 1022 temporis
1460 961 1695 1022 accipitur,
1738 971 1790 1005 ut
1825 959 1943 1021 apud
1980 960 2243 1019 Jeremiam,
2293 966 2328 990 ‘⁶
2362 965 2452 1012 Vae

414 1031 450 1053 “
485 1025 630 1081 nobiS,
666 1026 771 1088 quia
793 1024 1034 1071 declinavit
1057 1025 1170 1080 dies,
1205 1026 1310 1087 quia
1332 1026 1628 1071 extenderunt
1670 1026 1710 1070 se
1745 1024 1922 1072 umbrae
1945 1024 2195 1088 vesperae,'’
2216 1042 2287 1074 vr.
2314 1044 2361 1086 4.
2398 1031 2448 1077 &

412 1091 534 1153 apud
575 1091 767 1138 eundem
807 1090 1094 1153 prophetam,
1147 1095 1181 1118 “
1221 1092 1267 1136 Si
1306 1091 1482 1137 irritum
1526 1091 1804 1137 reddideritis
1848 1089 2002 1138 foedus
2044 1106 2198 1139 meum
2238 1093 2345 1150 diei,
2397 1096 2447 1142 &

412 1162 447 1183 “
483 1155 635 1203 foedus
660 1173 814 1203 meum
842 1156 1000 1211 noffis,
1037 1168 1088 1201 ut
1114 1171 1203 1202 non
1229 1155 1280 1202 sit
1313 1156 1550 1212 diurnum,
1588 1157 1637 1203 δε
1667 1171 1757 1202 nox
1795 1157 1839 1203 in
1880 1169 2085 1219 tempore
2110 1157 2238 1214 suo,'’
2262 1174 2446 1208 xxxin.

414 1238 493 1278 20,
522 1239 543 1271 2
554 1239 597 1284 5-
637 1225 783 1271 Tum.
821 1228 854 1249 ·‘
883 1225 1071 1269 Renova
1093 1221 1186 1267 dies
1211 1221 1397 1278 nostros,
1436 1222 1873 1285 ficut‘antiquitus,”
1908 1222 2081 1270 Thren.
2103 1239 2148 1270 v.
2172 1240 2248 1272 21.

480 1304 554 1346 24.
591 1287 714 1335 Vers.
742 1289 788 1335 6.
843 1290 904 1334 Et
939 1287 1051 1334 dixit
1078 1289 1210 1349 Deus,
1230 1287 1296 1346 fit
1332 1291 1576 1348 Expansum
1617 1290 1662 1334 in
1700 1290 1830 1335 medio
1864 1304 2088 1351 aquarum,
2125 1290 2180 1338 Es?
2197 1289 2262 1351 sit
2300 1291 2449 1352 distin·
2479 1343 2481 1345 ,

402 1370 535 1416 guens
557 1355 670 1400 inter
692 1356 981 1417 aquasaquis.
1052 1353 1298 1416 Postquam
1323 1355 1515 1418 Spiritus
1540 1355 1644 1410 Dei,
1681 1353 1751 1400 seu
1780 1353 2088 1401 Misericordia
2108 1355 2303 1404 Domini
2340 1365 2446 1421 pro-

409 1420 542 1466 duxit
578 1420 621 1466 in
658 1420 779 1466 diem
820 1419 1116 1481 Cognitiones
1156 1421 1250 1466 veri
1287 1421 1332 1467 δι
1375 1419 1499 1476 boni,
1534 1421 1582 1467 &
1617 1419 1744 1466 dedit
1768 1420 1961 1482 primam
1987 1421 2150 1476 lucem,
2186 1420 2312 1485 quod
2348 1425 2448 1470 Do·

411 1487 560 1536 minus
583 1485 653 1539 sit,
689 1485 737 1531 δε
761 1486 883 1548 quod
910 1486 1137 1532 Dominus
1162 1485 1214 1532 fit
1238 1485 1384 1547 ipsum
1413 1486 1604 1542 bonum,
1645 1488 1693 1532 δε
1717 1485 1863 1549 ipsum
1888 1501 2081 1541 verum,
2117 1488 2167 1534 &
2190 1489 2318 1550 quod
2342 1490 2445 1536 nul-

410 1551 506 1598 lum
528 1551 700 1597 bonum
725 1552 773 1597 &
801 1566 957 1597 verum
982 1550 1061 1597 nifi
1085 1567 1108 1596 a
1134 1552 1356 1608 Domino,
1394 1564 1504 1598 tunc
1527 1551 1764 1614 distinguit
1787 1553 1900 1598 inter
1925 1553 2182 1600 Hominem
2210 1554 2444 1606 Internum
2466 1570 2469 1572 ’

373 1670 382 1674 ,
409 1620 458 1664 δε
483 1617 755 1672 Externum,
791 1619 851 1664 ita
874 1617 1323 1678 interCognitiones,
1363 1633 1468 1680 quae
1486 1616 1587 1664 sunt
1609 1618 1727 1680 apud
1753 1618 1982 1664 hominem
2010 1618 2255 1676 internum,
2292 1622 2340 1668 δε
2366 1620 2445 1668 sci-

409 1683 604 1738 entifica,
639 1699 744 1746 quae
786 1682 886 1730 sunt
921 1683 1116 1729 hominis
1147 1684 1346 1731 externi:
1383 1685 1550 1731 Homo
1585 1684 1782 1730 internus
1805 1696 1994 1732 vocatur
2015 1684 2296 1746 expansum;
2333 1703 2444 1749 cog-

407 1749 620 1804 nitioneS,
643 1764 749 1812 quae
773 1748 893 1812 apud
918 1748 1148 1796 hominem
1175 1751 1425 1805 internum,
1461 1749 1744 1812 appellantur
1766 1764 1896 1812 aquae
1921 1748 2050 1812 supra
2072 1749 2319 1813 expansum
2341 1774 2355 1807 ·,
2394 1755 2444 1800 &

408 1813 645 1861 scientifica
693 1815 891 1861 hominis
930 1814 1119 1869 externi,
1154 1828 1376 1861 vocantur
1411 1829 1552 1876 aquae*
1579 1812 1660 1860 sub
1695 1817 1904 1877 expanso.
1975 1814 2157 1872 Homo,
2204 1829 2443 1880 antequam

406 1893 704 1942 regeneratur,
741 1896 796 1927 ne
834 1879 1024 1943 quidem
1062 1880 1191 1926 novit
1212 1880 1338 1943 quod
1362 1881 1567 1927 Internus
1591 1879 1732 1927 homo
1764 1880 1913 1940 detur,
1949 1879 2115 1935 minus,
2153 1882 2265 1944 quid
2301 1884 2445 1931 Inter·

405 1961 510 2001 nuS,
547 1959 710 2009 putans
734 1961 824 1992 non
849 1943 1080 1991 diffinitos
1102 1945 1205 2000 effe,
1240 1946 1346 2008 quia
1381 1943 1618 1992 immersus
1652 1946 1878 2008 corporeis
1913 1947 1962 1992 δε
1997 1945 2253 2003 mundanis,
2287 1949 2442 2005 etiam,

404 2027 512 2074 quae
540 2013 704 2058 lnterni
733 2010 927 2057 hominis
950 2010 1066 2064 sunt,
1103 2011 1322 2058 immersit
1360 2010 1533 2068 iisdem,
1568 2011 1618 2057 δε
1657 2025 1713 2057 ex
1748 2009 1984 2066 distinctis,
2017 2026 2162 2058 unum
2201 2012 2442 2070 confusum

400 2076 643 2125 obscurum
668 2076 803 2124 fecit:
843 2076 943 2123 ideo
987 2076 1188 2139 primum
1227 2077 1411 2133 dicitur,
1458 2089 1510 2124 ut
1549 2076 1603 2124 fit
1636 2074 1886 2139 *expansum
1927 2077 1971 2122 in
2011 2077 2163 2124 medio
2202 2094 2439 2142 aquarum,

404 2155 504 2191 tum
547 2156 598 2191 ut
633 2142 685 2189 fit
721 2142 998 2206 distinguens
1035 2143 1161 2205 aquis
1202 2144 1315 2190 inter
1350 2158 1502 2206 aquas,
1538 2158 1629 2190 non
1669 2155 1818 2190 autem
1842 2142 2119 2205 distinguens
2151 2160 2287 2209 aquas
2328 2147 2442 2194 inter

402 2226 554 2273 aquas.
625 2209 749 2256 Mox
772 2224 874 2255 vera
900 2209 975 2264 ita,
1010 2207 1119 2255 vers.
1149 2224 1193 2275 7.
1221 2211 1265 2256 8.
1334 2211 1397 2256 Et
1425 2208 1535 2266 fecit
1566 2210 1685 2256 Deus
1721 2208 1966 2270 Expansttm
2000 2208 2123 2265 illud,
2158 2211 2213 2259 δέ
2250 2211 2441 2271 distinxit

402 2280 514 2324 inter
547 2280 822 2338 aquas,‘quae
852 2275 1157 2337 sub,expanso,
1195 2276 1250 2326 ἐξ
1282 2276 1398 2322 inter
1433 2290 1586 2339 aquas,
1622 2291 1714 2338 quae
1741 2276 1881 2338 supra
1916 2276 2157 2338 expansum,
2193 2277 2248 2324 &
2267 2281 2441 2338 fabium

404 2344 503 2397 ita,
538 2341 593 2389 ἐξ
629 2344 808 2398 vocavi}
843 2343 955 2388 Deus
982 2341 1242 2404 Expansum,
1279 2341 1441 2388 Ca‘lum.
1514 2341 1726 2387 Alterum
1763 2343 1932 2404 itaque,
1964 2341 2090 2404 quod
2130 2341 2288 2399 homo,
2324 2345 2439 2392 dum

403 2419 703 2471 regeneratur,
737 2407 1069 2462 animadvertit,
1104 2408 1183 2462 est,
1218 2406 1345 2469 quod
1387 2406 1492 2471 scire
1527 2406 1728 2469 incipiat,
1763 2407 1858 2454 dari
1898 2408 2131 2454 Internum
2168 2407 2398 2458 hominem
2423 2420 2448 2468 ς

403 2487 494 2530 aut,
530 2472 672 2536 quod,
709 2467 949 2535 quae⁴sunt
986 2471 1105 2534 apud
1135 2473 1366 2519 Internum
1406 2471 1655 2528 hominem,
1692 2473 1776 2520 fint
1799 2473 1917 2520 bona
1940 2473 2135 2533 &lvera5
2167 2490 2273 2537 quae
2307 2475 2440 2524 so'liu's

403 2541 629 2590 Domini:
666 2538 715 2584 ὅτ
738 2538 845 2601 q'u'ia
867 2539 1032 2585 Homo
1055 2538 1296 2595 Externus,
1331 2554 1438 2585 cum
1462 2552 1760 2600 regeneratur,
1802 2539 1899 2586 talis
1934 2537 2013 2595 est,
2048 2551 2099 2586 ut
2125 2539 2261 2603 usque
2295 2554 2440 2605 putet,

406 2606 539 2663 bona,
579 2621 684 2667 quae
708 2606 819 2667 agit,
855 2619 910 2650 ex
942 2604 979 2650 se
1014 2619 1161 2667 agere,
1198 2605 1246 2651 &
1282 2621 1399 2661 vera,
1436 2620 1542 2668 quae
1566 2604 1698 2667 dicit,
1730 2621 1786 2651 ex
1823 2605 1865 2652 se
1887 2605 2090 2661 'dicere·‚
2124 2606 2174 2653 δι
2196 2608 2302 2668 quia
2320 2608 2440 2664 talis,

404 2688 484 2736 per
523 2687 590 2726 ea,
627 2670 737 2717 ficut
776 2686 855 2733 per
896 2672 1092 2733 propria,
1145 2670 1328 2718 ducitur
1367 2688 1392 2717 a
1432 2672 1656 2726 Domino,
1691 2671 1744 2718 ad
1782 2670 1967 2718 -bonum
2009 2671 2256 2733 agendum,
2292 2673 2343 2720 ὅτ
2383 2675 2440 2721 ad

402 2754 562 2787 verum
605 2737 903 2799 loquendum,
940 2736 1043 2783 ideo
1082 2737 1299 2800 praecedit
1335 2736 1573 2784 distinctio,
1600 2736 1655 2782 ab
1693 2737 1746 2783 iis
1777 2752 1882 2799 quae
1907 2735 2000 2782 sub
2038 2735 2250 2799 expanso,
2280 2739 2345 2785 a&
2378 2739 2441 2787 se-

402 2806 561 2868 quitur
583 2803 640 2848 de
677 2803 728 2849 iis
750 2817 855 2866 quae
885 2801 1012 2864 supra
1034 2802 1300 2865 expansum.
1370 2806 1605 2850 Arcanum
1629 2804 1763 2848 etiam
1796 2800 1978 2849 coeleste
2010 2800 2088 2856 est,
2125 2804 2249 2864 quod
2274 2804 2442 2853 Homo

403 2886 483 2934 per
506 2869 700 2934 propria,
737 2880 828 2914 tam
854 2883 934 2930 per
958 2868 1152 2915 fallacias
1175 2867 1399 2931 sensuum,
1433 2883 1570 2930 quam
1597 2883 1674 2930 per
1697 2867 1984 2929 cupiditates,
2019 2867 2227 2922 ducatur,
2248 2869 2310 2916 >δε
2334 2871 2441 2920 flec-
2478 2881 2489 2891 ⁴

401 2949 521 2991 tatur
574 2951 601 2982 a
637 2935 842 2982 Domino
875 2934 930 2980 ad
969 2934 1059 2990 illa,
1094 2950 1201 2997 quae
1242 2933 1343 2980 sunt
1367 2949 1469 2988 vera
1505 2933 1556 2981 δε
1580 2933 1711 2989 bona,
1750 2934 1799 2980 δε
1839 2933 1898 2980 fic
1933 2933 2057 2995 quod
2087 2937 2241 2981 omnia
2275 2935 2324 2983 δε
2356 2937 2463 2985 ἷξεν

404 3003 512 3067 gula
537 3013 769 3047 momenta
795 3001 1162 3062 Regenerationis
1188 2999 1432 3063 procedant
1469 3015 1495 3046 a
1530 2998 1715 3063 vespera
1746 2999 1801 3046 ad
1843 3014 1992 3064 mane,
2027 2998 2142 3046 ficut
2175 2999 2234 3047 ab
2254 3009 2486 3067 externo*

401 3069 586 3118 homine
623 3067 678 3113 ad
705 3067 948 3122 internum,
984 3065 1055 3114 sen
1091 3082 1115 3112 a
1149 3078 1263 3113 terra
1301 3065 1357 3113 ad
1396 3064 1605 3123 coelum,
1640 3081 1780 3130 quare
1802 3068 1925 3114 nunc
1947 3065 2231 3129 Expansum,
2266 3067 2340 3116 seu
2364 3070 2438 3117 ln·
2475 3084 2486 3110 ¹-

402 3147 553 3184 ternus
576 3133 718 3183 homo
739 3132 988 3198 appellatur
1011 3131 1218 3184 eoelum.
1423 3159 1428 3178 .-
2210 3175 2212 3177 ,
2306 3153 2311 3158 ·
2362 3140 2426 3249 ὲ·

1215 3221 1219 3223 *
2217 3212 2338 3264 ,³25·2
2406 3219 2440 3253 x
2475 3237 2483 3248 .
