2788 3736
438 255 593 320 554,
1009 211 1979 285 GENESJS.

442 358 674 426 quousque
699 355 738 402 se
756 351 975 407 extendit,
1011 348 1286 412 significatur
1308 362 1389 411 per
1412 345 1608 410 Elparan
1640 344 1771 409 super
1793 345 1839 393 in
1863 344 2100 398 desertum.
2173 345 2261 398 Cui
2285 368 2453 406 arcana*

443 426 639 476 coelestia
661 437 751 471 non
777 418 883 466 scire
898 418 1074 473 datum,
1112 417 1148 462 is
1171 427 1328 479 putare
1351 413 1515 478 potest,
1550 413 1675 475 quod
1701 428 1794 460 non
1818 427 1935 476 opus
1955 410 2103 462 fuiffet
2117 415 2315 466 adventu
2337 422 2440 470 Do·

445 494 557 541 mini
599 491 643 535 in
681 485 911 534 mundum
952 483 1011 530 ad
1054 481 1356 545 pugnandum
1381 495 1489 527 cum
1527 477 1726 536 infernis,
1763 479 1812 526 &
1837 494 1919 544 per
1941 481 2206 529 tentationes
2228 485 2276 531 in
2297 485 2338 532 se
2362 488 2442 535 ad-

445 558 589 605 miffas
614 554 689 601 illa
721 551 937 599 debellare
953 550 1018 597 ὅτ
1036 550 1234 605 vincere,
1271 562 1379 594 curn
1404 545 1544 609 usque
1566 561 1623 610 ex
1645 546 1997 610 omnipotentia
2019 548 2191 595 Divina
2202 552 2454 614 potuifient·

446 616 688 685 subjugari,
725 619 834 666 &in
851 615 1032 664 infernis
1047 614 1133 662 suis
1147 614 1320 661 includi
1341 635 1355 669 ς
1392 611 1464 660 sed
1482 611 1622 676 usque
1637 612 1765 676 quod
1789 614 1850 660 ita
1872 611 1913 660 se
1937 628 2004 660 res
2034 613 2211 672 habeat,
2241 617 2454 668 constans,

447 688 510 735 est
528 688 725 742 veritas·,
761 683 854 748 ipsa
875 697 1031 730 arcana
1068 681 1276 728 evolvere
1313 679 1456 726 solum
1481 679 1633 742 quoad
1656 680 2038 738 communiffima,
2074 680 2190 728 foret
2213 687 2445 745 integrum

448 764 582 818 opuS,
618 766 719 799 tum
743 766 926 814 quoque
949 746 1067 797 foret
1087 748 1192 794 dare
1209 746 1455 794 occasiones
1473 745 1527 792 ad
1549 745 1778 794 ratiocinia
1794 750 1850 795 de
1885 747 2105 808 mysteriis
2123 748 2322 806 Divinis,
2341 756 2455 813 qua}

451 832 625 868 mentes
647 819 878 879 humanae,
912 827 1143 878 utcunque
1160 813 1496 869 evolverentur,
1533 830 1625 861 non
1648 827 1874 878 caperent,
1899 815 1948 869 &
1973 808 2178 878 plenique
2196 832 2289 862 non
2313 835 2446 886 cape-

440 902 498 934 re
521 885 690 932 vellent
710 902 720 931 :
757 898 895 946 quare
918 880 1017 927 satis
1032 880 1110 936 est,
1158 892 1209 927 ut
1234 879 1387 936 sciant,
1423 880 1472 926 δε
1496 882 1604 943 quia
1627 882 1689 927 ita
1703 880 1783 938 est,
1819 893 1871 928 ut
1888 882 2088 938 credant,
2125 883 2249 945 quod
2285 890 2450 938 veritas

452 963 618 999 'aeterna
639 950 709 1006 fit,
745 948 826 997 nifi
848 947 1076 994 Dominus
1092 946 1276 1010 veniffet
1293 947 1339 992 in
1364 945 1611 1002 mundum,
1647 948 1696 994 &
1721 963 1803 1011 per
1818 948 2084 995 tentationes
2102 949 2149 994 in
2176 949 2217 995 se
2240 952 2446 1003 admiffas

407 1038 417 1046 ·
454 1016 761 1081 subjugaverit
784 1016 831 1062 ὅτ,
868 1014 1050 1060 evicerit
1065 1010 1251 1068 inferna,
1299 1012 1425 1075 quod
1449 1013 1642 1074 periiffet
1671 1029 1813 1075 genus
1838 1014 2111 1071 humanum,
2138 1016 2188 1063 δε
2212 1019 2338 1078 quod
2355 1036 2462 1069 non⁴

456 1084 610 1130 salvari
627 1082 750 1129 aliter
765 1080 1022 1144 potuissent,
1062 1079 1196 1125 etiam
1213 1079 1293 1142 qui
1318 1081 1366 1125 in
1379 1077 1535 1125 tellure
1551 1078 1633 1125 hac
1647 1076 1830 1125 fuerunt
1846 1095 1871 1125 a
1886 1093 2092 1143 tempore
2106 1084 2450 1147 Antiquiffimae

454 1148 681 1197 Ecclefiae.
721 1195 726 1197 Α
1778 1150 1790 1159 ’

532 1212 668 1277 1677.
694 1208 816 1258 Vers
826 1229 836 1259 :
875 1226 917 1273 7.
956 1210 1019 1256 Et
1042 1207 1201 1263 reversi
1210 1209 1317 1271 sunt
1340 1208 1396 1256 Es?
1412 1218 1621 1256 venerunt
1643 1209 1704 1256 ad
1729 1211 1800 1257 En
1818 1212 2092 1273 M‘schpath,
2128 1213 2217 1262 haec
2239 1216 2454 1282 Kadesch‚'

458 1281 513 1331 ἐφ’)
523 1274 808 1343 p'ercufferunt
832 1292 989 1324 omnem
1013 1291 1163 1337 agrum
1187 1275 1543 1323 Amalekitarum.
1580 1274 1635 1323 ἑά
1659 1275 1787 1322 etiam
1811 1278 2074 1325 Emorraeum
2107 1280 2371 1332 habitantem
2407 1288 2467 1332 inae

459 1347 689 1395 Chazezon
705 1343 911 1401 Thamar.
983 1339 1168 1388 Reverfi
1186 1340 1288 1387 sunt
1309 1341 1359 1388 &
1383 1353 1603 1387 venerunt
1620 1341 1677 1387 ad
1694 1341 1770 1389 En
1788 1341 2066 1406 Mischpath,
2108 1343 2206 1395 haec
2230 1347 2464 1407 Kadesch„

459 1412 679 1476 fignificat
714 1409 1101 1456 continuationem
1122 1424 1133 1453 :
1185 1407 1236 1454 δε
1286 1407 1593 1470 percusserunt
1631 1423 1819 1454 omnem
1857 1424 2022 1471 agrum
2062 1409 2467 1472 Amalekitamm„

459 1477 680 1540 fignificat
703 1490 866 1538 genera
880 1472 1092 1520 falsorum
1113 1491 1124 1520 :
1160 1472 1210 1518 ὅτ
1233 1475 1371 1519 etiam
1389 1473 1684 1519 Emorraeum
1698 1472 1973 1520 habitantem
1993 1475 2040 1521 in
2055 1476 2301 1526 Chazezon
2324 1479 2458 1538 Tha-3

420 1596 422 1598 μ
458 1557 575 1600 mar,
612 1541 832 1605 fignificat
855 1554 1019 1604 genera
1041 1537 1288 1593 malorum,
1323 1553 1430 1601 quae
1448 1537 1568 1585 inde.

531 1628 549 1657 1
561 1606 669 1671 678.
688 1606 872 1654 Reverfi
885 1605 987 1652 sunt
1002 1605 1051 1651 ὅτ
1067 1615 1289 1650 venerunt
1305 1604 1351 1649 in
1363 1603 1438 1650 En
1453 1602 1733 1668 Mischpath,
1745 1603 2077 1663 haecKadefch,
2087 1607 2214 1670 quod
2231 1608 2465 1676 fignificet:

460 1674 861 1728 continuationem,
897 1670 1069 1718 constat
1097 1669 1153 1716 ab
1186 1668 1271 1716 illis
1309 1684 1415 1732 quae
1438 1670 1722 1733 praecedunt,
1758 1672 1808 1718 &
1832 1671 1887 1719 ab
1910 1671 1996 1720 illis
2035 1688 2141 1736 quae
2166 1673 2446 1738 sequuntur;

459 1742 609 1804 agitur
651 1739 723 1786 hic
761 1753 882 1785 nunc
905 1737 961 1784 de
984 1734 1099 1783 falfis
1138 1735 1188 1783 ὅτ
1213 1735 1343 1783 malis
1371 1737 1508 1791 inde;
1544 1733 1648 1785 falsa
1669 1737 1979 1800 significantur
2008 1753 2096 1802 per
2118 1741 2450 1801 Amalekitam,

459 1809 511 1855 &
536 1805 651 1854 mala
674 1805 778 1851 inde
802 1819 882 1867 per
922 1803 1214 1852 Emorraeurn
1251 1803 1298 1849 in
1323 1801 1568 1855 Chazezon
1599 1803 1829 1852 Thamar:
1864 1819 1946 1867 per
1968 1803 2174 1855 Kadesch
2193 1805 2453 1870 significan-

459 1884 534 1919 tur
550 1887 670 1929 vera,
705 1883 806 1919 turn
823 1869 1336 1933 quoquecontentiones
1368 1869 1426 1916 de
1448 1871 1600 1926 veris3
1637 1870 1711 1917 hic
1733 1872 1840 1934 quia
1862 1870 1920 1917 de
1958 1869 2093 1930 falsis,
2127 1871 2178 1919 ὅτ
2220 1873 2277 1921 de
2321 1874 2464 1935 malis:

461 1939 584 1992 inde,
620 1939 786 2001 agitur,
821 1952 926 1999 quae
962 1936 1102 1982 evicit
1124 1935 1356 1982 Dominus
1394 1936 1442 1982 in
1462 1935 1630 1999 'prima
1670 1935 1745 1984 sua
1765 1951 1940 2001 pugna,
1973 1935 2046 1984 hic
2092 1938 2355 1988 nominatur
2379 1941 2464 1988 En.

462 2003 741 2066 Mischpath,
779 2003 875 2049 haec
899 2000 1121 2057 Kadesch,
1156 2002 1262 2064 quia
1279 2004 1511 2050 contentio
1534 2000 1623 2049 fuit
1640 2003 1696 2050 de
1719 2005 1850 2050 veris.
1905 2002 2053 2067 Qod
2084 2002 2291 2054 Kadesch
2312 2006 2451 2070 figni-

463 2069 568 2116 ficet
584 2085 688 2116 vera
710 2069 767 2116 de
789 2068 954 2132 quibus
977 2067 1279 2124 contenditur,
1300 2067 1470 2115 constat
1494 2068 1616 2132 apud
1639 2069 1948 2126 Ezechielem,
1983 2067 2061 2117 ubi
2085 2072 2268 2118 termini
2287 2072 2459 2127 Terra}

463 2135 638 2183 Sanstae
658 2134 985 2190 describuntur,
1026 2138 1057 2160 “
1083 2133 1298 2196 Angulus
1320 2132 1524 2181 meridiei
1545 2135 1696 2182 versus
1736 2134 1953 2188 austrum,
1987 2135 2072 2181 a‘T
2065 2134 2220 2181 hamar
2233 2133 2372 2199 usque
2395 2137 2462 2196 ad

462 2206 498 2229 “
532 2218 665 2264 aquas
674 2200 911 2248 Meriboth
933 2203 967 2258 (z
981 2201 1325 2247 contentionum
1337 2208 1372 2258 ε’)
1387 2198 1985 2264 Καᾱψὶνιιηι,ξὴωτεάἰῑειῑεω
2001 2197 2057 2248 ad
2072 2214 2194 2261 mare
2209 2215 2257 2246 m
2319 2218 2467 2262 num„

457 2267 513 2314 δε
540 2268 759 2331 angulum
776 2266 908 2313 austri
931 2265 1082 2313 versus
1106 2266 1394 2322 meridiem?
1419 2281 1594 2313 var-r:
1638 2284 1709 2330 ¹9·
1746 2265 1877 2327 Cap:
1903 2278 2069 2311 xtvm
2098 2282 2117 2312 :.
2146 2269 2226 2314 28.
2256 2277 2293 2313 u
2326 2265 2466 2329 ime--

465 2332 598 2379 ridies
623 2348 706 2393 pro
730 2333 830 2379 luce
852 2332 1066 2385 veritatis,
1102 2331 1320 2378 terminus
1335 2329 1431 2393 ejus
1447 2347 1543 2394 quo
1565 2330 1842 2394 significatur
1864 2331 2094 2377 contentio
2116 2330 2175 2377 de
2213 2333 2346 2389 veris,
2381 2334 2458 2380 di·

464 2398 585 2444 citur
603 2397 821 2444 Kadesch.
891 2395 1079 2458 Kadejsch
1095 2411 1279 2458 quoque
1300 2394 1404 2453 fuit,
1441 2397 1519 2443 ubi
1543 2397 1696 2443 Moses
1718 2397 1932 2459 percuffit·
1946 2405 2139 2458 petram,
2174 2412 2200 2442 e
2231 2413 2320 2461 qua
2357 2400 2457 2446 exi-

466 2475 628 2510 verunt
651 2479 799 2526 aquae,
837 2477 942 2524 quae
958 2477 1088 2524 aquae
1111 2473 1290 2508 vocatae
1308 2461 1410 2509 sunt
1432 2461 1644 2509 Meribah
1660 2478 1718 2509 ex
1741 2462 2044 2519 contentione,
2067 2462 2200 2509 Num
2220 2480 2232 2510 :
2268 2479 2362 2512 xx:
2406 2483 2451 2528 1,

468 2546 514 2585 2,
560 2547 634 2586 11,
678 2547 748 2592 13.
774 2545 854 2590 per
890 2539 1080 2590 petram,
1116 2539 1168 2574 ut
1190 2538 1372 2584 notum,
1408 2527 1687 2593 fignificatur
1708 2528 1959 2584 Dominus,
1994 2543 2075 2590 per
2097 2544 2232 2592 aquas
2254 2529 2302 2575 in
2324 2528 2463 2590 sensu:

462 2596 640 2641 interno
662 2594 821 2650 Verbi,
858 2593 1116 2656 spiritualia,
1152 2609 1257 2656 quae
1281 2592 1383 2641 sunt
1420 2610 1550 2651 vera,
1575 2610 1706 2657 aquae
1747 2593 1958 2641 Meribah
1982 2594 2118 2642 dietae
2140 2596 2247 2657 quia
2270 2595 2326 2642 de
2362 2595 2466 2654 illis-

465 2661 696 2707 contentio
722 2678 734 2708 τ
770 2660 897 2723 quod
910 2661 1046 2707 etiam
1064 2659 1198 2706 diekae
1223 2675 1355 2724 aquae
1379 2661 1678 2708 contentionis
1700 2659 1920 2716 Kadesch,
1940 2659 2244 2723 constat-apud
2261 2658 2460 2719 Mosen„

466 2730 499 2751 “
534 2725 794 2772 Rebellastis
827 2726 894 2773 ori
919 2741 1022 2772 meo
1046 2725 1092 2772 in
1114 2724 1287 2773 deserto
1311 2726 1418 2782 Zin,
1454 2727 1501 2781 in
1526 2727 1814 2774 contentione
1845 2727 2099 2786 concionis,
2127 2736 2180 2771 ut
2204 2724 2452 2773 sanctifica.-

462 2793 502 2816 “
535 2792 637 2836 retis
661 2793 745 2837 Me
768 2807 846 2853 per
869 2807 1003 2854 aquas
1040 2791 1086 2838 in
1108 2791 1253 2838 oculis
1288 2807 1465 2848 eorum,
1499 2791 1573 2840 hae
1593 2808 1725 2856 aquae
1770 2793 2039 2839 contentionis
2061 2789 2250 2851 Kadesch
2268 2811 2271 2812 ⁷
2291 2790 2461 2851 desertiv

467 2858 502 2880 “
537 2855 676 2910 Zin,''
699 2857 859 2903 Num:
885 2872 1059 2903 xxvu:
1104 2874 1175 2921 14.
1211 2858 1368 2904 Deut:
1403 2872 1580 2905 xxxn:
1631 2875 1708 2920 5¹·
1779 2856 1999 2904 Similiter:
2028 2853 2121 2901 fuit·
2155 2856 2201 2901 in
2241 2856 2462 2919 Kadesclr„

463 2934 559 2981 quo
582 2921 739 2966 reversi
763 2921 1062 2983 exploratores
1085 2938 1109 2968 e
1144 2934 1260 2970 terra
1292 2923 1514 2979 Canaane,
1548 2924 1600 2970 δε
1629 2923 1716 2970 ιὼί.
1746 2932 2085 2967 murmurarunt
2130 2921 2180 2968 &
2208 2920 2454 2969 Contende-

463 2995 585 3040 runt,
622 3000 715 3031 non
753 2985 955 3032 volentes
1001 2988 1164 3034 intrare
1203 2989 1250 3036 in
1295 3000 1485 3042 terram,
1511 2988 1675 3034 Num:
1699 3002 1839 3032 XIII:
1888 2987 1962 3034 26.
2032 2986 2118 3033 Eis:⁴
2146 2986 2236 3033 his⁴
2260 2986 2461 3049 constat,
2516 3048 2518 3050 v

462 3049 587 3112 quod
611 3050 692 3097 En
713 3049 967 3111 Mischpath
1002 3050 1075 3099 seu
1099 3050 1199 3098 fons
1222 3052 1397 3115 judicii*
1431 3063 1510 3099 aut
1553 3049 1654 3098 fons
1679 3051 1939 3114 Mischpath
1982 3051 2185 3113 Kadesch
2224 3050 2451 3114 fignificet':

463 3117 805 3162 contentionem·
835 3114 891 3160 de
915 3115 1047 3170 ver-13,
1081 3117 1131 3162 δε
1155 3117 1215 3163 fic
1253 3117 1647 3163 continuationem.
1723 3118 1846 3181 Qia
1877 3117 1950 3164 hic
1974 3117 2183 3166 historica
2204 3115 2451 3176 vera'sunt',

458 3195 508 3230 ac
532 3181 598 3231 ita,
624 3178 819 3239 sachun,
848 3195 1057 3246 apparere
1085 3181 1249 3245 potest,
1285 3182 1399 3229 ficut
1434 3182 1664 3231 nontalia.
1680 3181 1987 3248 repraesentata
2009 3183 2099 3231 sint·
2128 3184 2175 3232 &
2201 3178 2452 3248 figmficata

2372 3259 2464 3316 EC?
2531 3289 2535 3292 .
