2788 3736
397 301 538 387 ,75
943 289 1063 362 -G
1134 287 1195 353 E
1287 287 1376 380 Ν
1428 253 1525 354 ΓΕ
1615 289 1691 358 s
1756 292 1816 373 ι’
1887 290 1955 359 s.

401 434 582 482 tremis:
607 447 664 479 ex
676 428 743 478 his
761 425 899 477 causis
914 425 1124 491 ignorant
1137 440 1340 490 quoque,
1359 424 1486 489 quod
1503 425 1688 474 interius
1708 426 1963 490 quoddam,
1981 428 2031 480 δε
2051 430 2200 481 adhuc
2219 431 2425 492 interius,

403 502 505 550 imo
525 499 742 547 intimum
760 495 893 543 detur
915 493 1039 558 apud
1062 493 1420 556 unumquemvis
1437 491 1675 541 hominem
1696 514 1711 549 ;
1747 493 1797 541 &
1821 494 1949 557 quod
1971 510 2243 561 corporeum
2261 498 2356 564 ejus
2373 501 2423 548 ὅτ

406 565 596 615 sensuale
609 564 667 612 fit
685 574 980 618 extremum,
1016 560 1287 624 cupiditates
1306 560 1354 607 δε
1374 575 1442 608 res
1467 561 1706 607 memoriae
1720 558 1806 608 sint
1823 560 2030 613 interiora
2049 585 2064 620 ·,
2099 563 2354 615 affeeiiones
2373 566 2424 616 δε

406 630 639 680 rationalia
654 628 743 678 sint
771 627 917 677 adhuc
942 627 1184 683 interiora3
1221 626 1271 674 ὅτ
1295 626 1507 674 voluntas
1530 626 1640 674 boni
1670 643 1721 674 ac
1740 626 1988 676 intellec‘ms
2003 628 2100 677 veri
2121 630 2207 679 sint
2229 632 2423 689 intima;

409 700 459 746 &
477 698 576 746 haec
593 698 655 744 ita
674 694 882 744 distincta
898 696 1013 741 inter
1030 692 1086 751 se,
1113 706 1166 741 ut
1190 692 1301 741 nihil
1326 692 1516 757 usquam
1541 692 1822 749 distinffius;
1850 710 2093 759 corporeus
2107 695 2250 755 homo
2273 701 2429 748 omnia

410 765 509 813 haec
528 778 674 812 unum
699 759 824 820 facit,
849 762 898 810 δε
923 758 1197 816 confundit,
1233 775 1340 822 quae
1364 758 1490 807 causa
1512 759 1592 816 est,
1627 759 1756 824 quod
1779 761 1947 819 credat,
1973 778 2084 810 cum
2108 765 2303 813 moritur
2325 783 2423 816 cor-

407 847 602 897 poreum
625 828 735 895 erS,
772 829 908 876 etiam
929 829 1085 876 omnia
1109 826 1328 874 moritura
1350 826 1450 883 effe,
1492 841 1603 873 cum
1636 837 1789 878 tamen
1811 840 1922 875 tunc
1945 830 2151 892 primum
2175 828 2335 905 incipit
2356 835 2426 881 vi.-

408 915 534 956 vere,
568 898 618 945 &
654 895 844 961 quidem
882 911 962 959 per
1002 894 1212 941 interiora
1251 891 1327 940 sua
1352 893 1520 940 ‘ordine
1555 891 1865 942 succedentia:
1903 895 2218 954 nisixinteri‘ora
2250 915 2344 962 ejus
2367 900 2429 948 ita

409 964 618 1012 distinc'ta
631 963 783 1020 effent,
805 962 851 1009 δε
871 960 952 1010 sibi
970 959 1274 1016 succederent,
1300 957 1519 1022 nusquam
1543 959 1785 1023 potuissent
1801 959 2009 1009 homines
2026 963 2074 1010 in
2090 963 2225 1012 altera
2239 966 2335 1013 vita
2347 966 2430 1015 effe

411 1031 611 1096 spiritus,
646 1029 730 1077 effe
751 1028 927 1093 spiritus
946 1026 1153 1091 angelici,
1189 1027 1271 1074 efle
1289 1026 1454 1089 angeli,
1490 1027 1571 1090 qui
1596 1025 1939 1089 distinguuntur
1960 1028 2023 1076 ita
2042 1027 2291 1079 secundum
2315 1033 2429 1080 inte-

411 1100 563 1155 riora;
599 1097 704 1146 inde
727 1109 815 1143 tres
832 1095 957 1143 Coeli
981 1096 1096 1142 inter
1118 1092 1159 1143 se
1183 1092 1513 1141 distinetiffimi.
1584 1092 1660 1141 Ex
1683 1092 1751 1140 his
1774 1110 1896 1142 nunc
1921 1094 2206 1160 aliquantum
2231 1098 2451 1147 constare·

411 1164 580 1231 potest,
616 1163 729 1228 quid
755 1161 1006 1210 intellectus
1028 1161 1124 1209 veri
1157 1160 1208 1208 ὅτ
1232 1160 1443 1208 voluntas
1467 1159 1579 1207 boni
1600 1161 1647 1207 in
1671 1161 1858 1225 proprio
1882 1159 2021 1220 sen-su,
2058 1164 2108 1211 &
2131 1165 2260 1229 quod
2282 1164 2432 1214 solum

408 1231 649 1299 praedicari
674 1242 839 1295 queant
862 1229 918 1276 de
943 1228 1127 1276 homine
1149 1227 1343 1285 coelesti„
1374 1227 1449 1275 seu
1484 1226 1542 1275 de
1566 1226 1759 1292 Angelis
1781 1228 1900 1276 tertii
1922 1229 2061 1277 Coeli.
2256 1229 2263 1235 ’

436 1355 445 1360 ,
481 1299 592 1362 635.
630 1297 777 1362 Qod
801 1297 847 1344 in
873 1296 961 1343 fine
984 1295 1162 1343 dierum
1181 1294 1396 1344 Ecclesiae
1421 1293 1770 1342 antediluvianae
1793 1295 1975 1357 perierit
2003 1298 2154 1345 omnis
2177 1298 2432 1349 intelleffiis

411 1368 511 1413 veri
539 1366 588 1413 &
614 1364 825 1412 voluntas
849 1363 975 1421 boni,
1001 1362 1279 1426 significatur
1295 1377 1376 1427 per
1399 1361 1488 1420 illa,
1514 1377 1621 1426 quae
1643 1361 1761 1408 dieta
1784 1359 1886 1410 sunt
1908 1362 1954 1409 in
1978 1361 2107 1411 versu
2124 1365 2279 1427 priori,
2307 1367 2357 1414 &
2382 1367 2433 1415 in

416 1433 533 1489 hoc,
558 1431 682 1496 apud
703 1429 1062 1478 antediluvianos
1083 1431 1165 1493 qui
1195 1429 1303 1476 diris
1325 1427 1677 1493 persuasionibus
1693 1428 1743 1476 &
1763 1425 1896 1476 faedis
1918 1430 2240 1493 cupiditatibus
2263 1432 2434 1482 imbuti

411 1511 553 1558 erant,
591 1501 669 1555 ita,
705 1509 760 1545 ut
782 1513 839 1546 ne
859 1496 1047 1561 quidem
1073 1495 1258 1560 aliquod
1282 1494 1526 1558 vestigium
1544 1507 1808 1560 appareret3
1842 1494 1916 1543 sed
1939 1496 2061 1560 apud
2084 1497 2183 1555 hos,
2210 1501 2290 1562 qui
2304 1500 2434 1548 Noa-

415 1566 529 1614 chus
552 1563 853 1630 appellantur,
877 1561 1214 1627 permanserunt
1231 1561 1474 1627 Reliquiae,
1500 1578 1607 1626 quae
1633 1574 1892 1614 tamennon
1916 1574 2164 1627 potuerunt
2186 1565 2330 1614 sistere
2352 1567 2432 1615 ali-

414 1632 541 1697 quod
569 1631 820 1680 intellectus
851 1646 902 1677 ac
923 1629 1186 1686 voluntatis,
1222 1628 1296 1676 sed
1329 1629 1472 1677 modo
1495 1629 1706 1678 rationale
1728 1645 1919 1686 verum,
1940 1630 2205 1679 &naturale
2221 1631 2394 1682 bonum
2414 1657 2437 1692 ·,

418 1715 527 1747 nam
549 1697 696 1763 qualis
732 1697 894 1754 homo,
929 1696 1026 1743 talis
1067 1696 1382 1759 Reliquiarum
1419 1697 1649 1760 operati0;
1702 1711 1784 1759 per
1818 1695 2026 1759 reliquias
2069 1710 2319 1762 potuerunt
2363 1701 2433 1749 illi

411 1765 680 1829 regenerari,
715 1779 797 1811 nec
821 1761 1117 1827 persuasiones
1141 1761 1374 1810 obstabant
1396 1762 1446 1810 &
1471 1761 1762 1810 absorbebant
1797 1763 2107 1826 operationem
2130 1765 2325 1814 Domini
2349 1783 2431 1831 per

416 1833 652 1896 reliquias:
690 1829 990 1895 persuasiones
1013 1828 1086 1876 seu
1108 1829 1336 1892 principia
1362 1827 1456 1875 falfi
1496 1828 1706 1886 radicata,
1743 1828 2001 1892 impediunt
2047 1846 2235 1878 omnem
2274 1848 2432 1898 opera-

413 1899 604 1956 tionem,
640 1913 748 1961 quae
781 1896 862 1945 nisi
901 1898 1027 1960 prius
1065 1894 1381 1959 exstirpentur,
1419 1894 1637 1959 nusquam
1675 1894 1823 1959 potest
1862 1894 2004 1945 homo
2042 1899 2288 1961 regenerari
2308 1922 2324 1957 3
2374 1900 2438 1950 dev

417 1966 599 2029 quibus,
635 1980 691 2012 ex
712 1964 888 2011 Divina
909 1963 1104 2032 Dlomini
1131 1961 1461 2018 Misericordia,
1498 1963 1545 2009 in
1569 1961 1868 2026 sequentibus,

487 2032 598 2094 636.
636 2029 782 2093 Qod
806 2029 993 2092 perdam
1017 2044 1091 2075 eos
1117 2044 1227 2075 cum
1251 2040 1380 2085 terra,
1416 2028 1656 2092 significet,
1691 2029 1820 2092 quod
1843 2029 1999 2076 Genus
2038 2028 2291 2078 humanum
2320 2047 2434 2080 cum.

419 2097 620 2147 Ecclesia
644 2097 826 2160 periret,
864 2094 1036 2142 constat
1058 2111 1114 2141 ex
1138 2111 1209 2151 eo,
1248 2095 1376 2157 quod
1418 2094 1492 2143 hic
1514 2095 1694 2143 dicatur
1732 2111 1841 2142 cum
1882 2107 2028 2151 terra;
2066 2108 2178 2144 terra
2221 2100 2344 2147 enim
2382 2100 2430 2146 in

408 2165 510 2218 lato
556 2163 677 2211 sensu
709 2162 932 2225 significat
955 2163 1199 2218 Amorem,
1243 2173 1295 2208 ut
1333 2160 1459 2225 prius
1493 2161 1688 2217 disium,
1731 2162 1792 2209 ita
1831 2161 2028 2209 coelestia
2058 2162 2275 2213 Ecclesiae
2295 2187 2309 2221 3
2351 2165 2429 2214 hic

421 2232 528 2297 quia
550 2230 701 2278 nullus
726 2245 870 2286 amor,
906 2244 988 2275 nec
1011 2229 1259 2291 quicquam
1283 2226 1479 2284 coeleste,
1516 2228 1742 2286 remansit,
1777 2227 2002 2291 significat
2023 2245 2227 2279 amorem
2263 2231 2344 2289 sui,
2379 2233 2430 2280 ὅτ

419 2296 848 2362 quodcontrarium
873 2294 1045 2342 coelesti
1066 2294 1281 2342 Ecclesiae
1315 2293 1408 2349 est;
1462 2293 1533 2341 sed
1576 2293 1716 2358 usque
1757 2295 1900 2342 horno
1935 2295 2149 2360 Ecc-Iesiae
2187 2295 2290 2354 fuit,
2326 2300 2439 2362 quia

421 2364 682 2414 dodfflnalia
705 2362 810 2410 fidei
834 2361 1017 2409 habuit:
1056 2378 1178 2417 nam,
1213 2360 1326 2407 sicut
1351 2359 1543 2419 dietum,
1580 2373 1694 2408 terra
1717 2361 1781 2408 est
1803 2362 2036 2409 continens
2075 2362 2239 2420 humis
2257 2365 2307 2412 &
2347 2364 2433 2412 hu-

421 2448 524 2479 mus
548 2432 779 2479 continens
804 2431 915 2497 agri,
954 2428 1067 2475 sicut
1090 2443 1219 2476 amor
1240 2426 1303 2475 est
1326 2428 1563 2475 continens,
1595 2427 1721 2486 fidei,
1757 2429 1806 2476 δε
1839 2428 1951 2475 fides
1992 2431 2224 2478 continens
2271 2433 2434 2495 cogni·

423 2500 604 2546 tlonum
622 2498 742 2545 fidei.
1088 2554 1090 2557 v
2257 2503 2260 2505 '

442 2622 446 2624 ,
491 2567 519 2612 6
526 2582 599 2629 37.
638 2565 783 2624 Quod
807 2563 995 2628 perdam
1018 2579 1094 2611 eos
1112 2578 1219 2610 cum
1244 2574 1374 2619 terra,
1410 2562 1648 2626 significet,
1683 2562 1809 2627 quod
1826 2579 1972 2626 genus
1993 2562 2246 2622 humanum
2270 2564 2440 2628 periret.

426 2648 534 2680 curn
548 2631 762 2688 Ecclesia,
783 2647 849 2678 res
866 2630 906 2678 se
920 2632 982 2678 ita
998 2630 1145 2687 habet,
1165 2631 1196 2677 si
1214 2630 1614 2689 EcclesiaDomini
1631 2629 1810 2693 prorsus
1827 2630 2179 2693 exstingueretur
2196 2632 2240 2678 in
2257 2630 2438 2688 tellure,

427 2714 569 2762 genus
593 2698 847 2744 humanum
873 2713 1160 2760 nequaquam
1186 2696 1399 2761 potuisset
1422 2697 1523 2753 effe,
1560 2696 1818 2745 sedomnes
1859 2713 1967 2742 cum
1992 2697 2177 2759 singulis
2200 2697 2393 2759 perirent
2413 2719 2435 2752 ·,
2471 2700 2477 2706 '

424 2765 464 2812 se
488 2765 619 2811 habet
637 2764 838 2811 Ecclesia
855 2764 967 2810 sicut
985 2765 1098 2820 Cor,
1121 2777 1173 2810 ut
1196 2765 1322 2827 prius
1343 2763 1540 2819 dictum,
1557 2763 1778 2826 quamdiu
1795 2764 1888 2809 Cor
1909 2763 2044 2818 vivit,
2070 2759 2440 2826 circumjacentia

425 2830 589 2876 viscera
620 2831 669 2877 &c
705 2830 913 2877 membra
943 2830 1123 2892 possunt
1144 2832 1330 2887 vivere;
1367 2842 1413 2876 at
1433 2842 1491 2876 ut
1509 2831 1716 2893 primum
1739 2843 1821 2874 corv
1847 2829 2056 2883 moritur,
2095 2829 2249 2874 omnia
2270 2829 2320 2876 &
2343 2829 2431 2877 sin-

426 2896 533 2959 gula
556 2912 738 2959 quoque
763 2898 1047 2957 moriuntur:
1086 2897 1285 2943 Ecclesia
1307 2897 1499 2943 Domini
1532 2896 1579 2940 in
1602 2894 1761 2940 tellure
1798 2892 1859 2939 est
1883 2892 1997 2939 sicut
2027 2909 2121 2950 cor,
2157 2894 2262 2941 inde
2287 2912 2438 2958 genus

426 2964 695 3018 humanum,
732 2965 865 3009 etiam
891 2962 1003 3014 illud
1028 2964 1154 3025 quod
1178 2975 1302 3009 extra
1317 2960 1566 3008 Ecclesiam
1587 2958 1665 3015 est,
1691 2960 1834 3005 vitam
1863 2958 2028 3005 habent
2046 2982 2062 3015 ·,,
2097 2959 2221 3006 causa
2243 2962 2434 3023 ignotis.

426 3029 536 3076 sima
568 3028 792 3074 unicuivis
822 3028 914 3083 est,
952 3027 1026 3074 sed
1060 3041 1113 3074 ut
1144 3027 1316 3090 aliquid
1346 3025 1524 3082 sciatur,
1557 3024 1599 3071 se
1631 3023 1763 3071 habet
1796 3024 2058 3072 universum
2090 3042 2232 3089 genus
2271 3029 2429 3076 huma,-

429 3111 542 3142 num
577 3095 621 3140 in
646 3093 820 3150 tellure,
855 3094 968 3139 ficut
1003 3110 1167 3156 corpus
1200 3109 1308 3139 cum
1346 3090 1441 3155 ejus
1479 3090 1699 3155 partibus,
1737 3092 1784 3138 in
1823 3107 1917 3154 quo
1956 3092 2157 3140 Ecclesia
2195 3092 2258 3140 est
2298 3093 2431 3143 instar

427 3161 593 3217 cordiS,
627 3158 676 3207 δε
702 3160 780 3206 nisi
804 3159 1003 3206 Ecclesia
1036 3158 1170 3215 foret,
1207 3175 1316 3208 cum
1356 3174 1466 3222 qua,
1499 3157 1615 3204 sicut
1649 3173 1759 3204 cum
1797 3157 1998 3221 quodam
2041 3159 2200 3218 corde,
2229 3161 2433 3208 uniretur

429 3228 659 3274 Dominus
690 3242 773 3289 per
799 3225 989 3272 Coelum
1036 3225 1086 3272 &
1131 3225 1361 3271 mundum
1394 3224 1649 3288 spirituum,
1684 3222 1800 3271 foret
1830 3221 2095 3286 disjunffi'o,
2126 3221 2185 3274 &3
2209 3227 2317 3273 cum
2341 3224 2429 3273 dis-

425 3293 602 3360 junctio
641 3293 825 3341 humani
859 3292 1033 3357 generis
1054 3307 1079 3339 a
1099 3291 1325 3348 Domino,
1359 3289 1482 3340 illico
1510 3291 1700 3354 periret:
1737 3306 1843 3355 quae
1868 3290 1994 3339 causa
2016 3290 2098 3350 est,
2129 3290 2260 3358 quod
2289 3307 2314 3340 a
2337 3292 2436 3358 pri-
