<?xml version="1.0" encoding="UTF-8"?>
<!DOCTYPE html PUBLIC "-//W3C//DTD XHTML 1.0 Transitional//EN"
    "http://www.w3.org/TR/xhtml1/DTD/xhtml1-transitional.dtd">
<html xmlns="http://www.w3.org/1999/xhtml" xml:lang="en" lang="en">
 <head>
  <title>
</title>
<meta http-equiv="Content-Type" content="text/html;charset=utf-8" />
  <meta name='ocr-system' content='tesseract 3.04.00' />
  <meta name='ocr-capabilities' content='ocr_page ocr_carea ocr_par ocr_line ocrx_word'/>
</head>
<body>
  <div class='ocr_page' id='page_1' title='image "arcanacaelestiaq01sweduoft_0080.png"; bbox 0 0 2788 3736; ppageno 0'>
   <div class='ocr_carea' id='block_1_1' title="bbox 336 254 1860 349">
    <p class='ocr_par' dir='ltr' id='par_1_1' title="bbox 336 254 1860 349">
     <span class='ocr_line' id='line_1_1' title="bbox 336 254 1860 349; baseline -0.004 -23"><span class='ocrx_word' id='word_1_1' title='bbox 336 286 419 349; x_wconf 86' lang='lat'>70</span> <span class='ocrx_word' id='word_1_2' title='bbox 882 254 1860 323; x_wconf 72' lang='lat' dir='ltr'><em>GE-NESIS.</em></span> 
     </span>
    </p>
   </div>
   <div class='ocr_carea' id='block_1_2' title="bbox 330 384 2369 3273">
    <p class='ocr_par' dir='ltr' id='par_1_2' title="bbox 330 384 2368 1638">
     <span class='ocr_line' id='line_1_2' title="bbox 330 384 2344 455; baseline -0.002 -10"><span class='ocrx_word' id='word_1_3' title='bbox 330 400 376 446; x_wconf 89' lang='lat' dir='ltr'>in</span> <span class='ocrx_word' id='word_1_4' title='bbox 402 394 585 443; x_wconf 87' lang='lat' dir='ltr'>homine</span> <span class='ocrx_word' id='word_1_5' title='bbox 602 416 619 449; x_wconf 93' lang='lat'>·,</span> <span class='ocrx_word' id='word_1_6' title='bbox 656 388 863 439; x_wconf 86' lang='lat' dir='ltr'>Coelestia</span> <span class='ocrx_word' id='word_1_7' title='bbox 879 389 928 434; x_wconf 88' lang='lat'>&amp;</span> <span class='ocrx_word' id='word_1_8' title='bbox 947 386 1200 450; x_wconf 87' lang='lat' dir='ltr'>Spiritualia</span> <span class='ocrx_word' id='word_1_9' title='bbox 1216 385 1310 450; x_wconf 87' lang='lat' dir='ltr'>ejus</span> <span class='ocrx_word' id='word_1_10' title='bbox 1333 384 1580 434; x_wconf 82' lang='lat' dir='ltr'><strong>referebant</strong></span> <span class='ocrx_word' id='word_1_11' title='bbox 1604 388 1661 435; x_wconf 89' lang='lat' dir='ltr'>ad</span> <span class='ocrx_word' id='word_1_12' title='bbox 1685 390 1834 452; x_wconf 82' lang='lat' dir='ltr'>Caput</span> <span class='ocrx_word' id='word_1_13' title='bbox 1856 390 1906 438; x_wconf 87' lang='lat'>&amp;</span> <span class='ocrx_word' id='word_1_14' title='bbox 1923 391 1962 439; x_wconf 93' lang='lat' dir='ltr'>F</span> <span class='ocrx_word' id='word_1_15' title='bbox 1964 391 2135 447; x_wconf 70' lang='lat' dir='ltr'>aciem,</span> <span class='ocrx_word' id='word_1_16' title='bbox 2161 408 2268 455; x_wconf 86' lang='lat' dir='ltr'>quae</span> <span class='ocrx_word' id='word_1_17' title='bbox 2288 409 2344 440; x_wconf 87' lang='lat' dir='ltr'>ex</span> 
     </span>
     <span class='ocr_line' id='line_1_3' title="bbox 334 452 2348 513; baseline -0.002 -4"><span class='ocrx_word' id='word_1_18' title='bbox 334 463 420 509; x_wconf 89' lang='lat' dir='ltr'>illis</span> <span class='ocrx_word' id='word_1_19' title='bbox 437 460 694 513; x_wconf 84' lang='lat' dir='ltr'>existebant,</span> <span class='ocrx_word' id='word_1_20' title='bbox 709 469 762 503; x_wconf 91' lang='lat' dir='ltr'>ut</span> <span class='ocrx_word' id='word_1_21' title='bbox 776 454 975 503; x_wconf 82' lang='lat' dir='ltr'>Charitas</span> <span class='ocrx_word' id='word_1_22' title='bbox 991 454 1040 500; x_wconf 73' lang='grc' dir='ltr'>δε</span> <span class='ocrx_word' id='word_1_23' title='bbox 1050 452 1375 510; x_wconf 84' lang='lat' dir='ltr'>Misericordia,</span> <span class='ocrx_word' id='word_1_24' title='bbox 1394 452 1451 500; x_wconf 92' lang='lat' dir='ltr'>ad</span> <span class='ocrx_word' id='word_1_25' title='bbox 1461 454 1650 509; x_wconf 73' lang='lat' dir='ltr'>Peclus3</span> <span class='ocrx_word' id='word_1_26' title='bbox 1668 454 1902 502; x_wconf 83' lang='lat' dir='ltr'>Naturalia</span> <span class='ocrx_word' id='word_1_27' title='bbox 1915 468 2066 504; x_wconf 88' lang='lat' dir='ltr'>autem</span> <span class='ocrx_word' id='word_1_28' title='bbox 2081 457 2136 504; x_wconf 90' lang='lat' dir='ltr'>ad</span> <span class='ocrx_word' id='word_1_29' title='bbox 2148 458 2322 506; x_wconf 90' lang='lat' dir='ltr'>Pedem</span> <span class='ocrx_word' id='word_1_30' title='bbox 2335 480 2348 513; x_wconf 65' lang='grc' dir='ltr'>ς</span> 
     </span>
     <span class='ocr_line' id='line_1_4' title="bbox 336 518 2343 583; baseline -0.002 -9"><span class='ocrx_word' id='word_1_31' title='bbox 336 526 542 576; x_wconf 75' lang='lat' dir='ltr'>inferiora</span> <span class='ocrx_word' id='word_1_32' title='bbox 554 521 766 571; x_wconf 86' lang='lat' dir='ltr'>naturalia</span> <span class='ocrx_word' id='word_1_33' title='bbox 781 521 836 568; x_wconf 86' lang='lat' dir='ltr'>ad</span> <span class='ocrx_word' id='word_1_34' title='bbox 855 519 1060 567; x_wconf 90' lang='lat' dir='ltr'>Plantam</span> <span class='ocrx_word' id='word_1_35' title='bbox 1076 541 1090 574; x_wconf 87' lang='lat'>;</span> <span class='ocrx_word' id='word_1_36' title='bbox 1131 520 1289 579; x_wconf 77' lang='lat' dir='ltr'>infima</span> <span class='ocrx_word' id='word_1_37' title='bbox 1305 518 1517 568; x_wconf 89' lang='lat' dir='ltr'>naturalia</span> <span class='ocrx_word' id='word_1_38' title='bbox 1531 519 1581 566; x_wconf 89' lang='lat'>&amp;</span> <span class='ocrx_word' id='word_1_39' title='bbox 1613 534 1826 581; x_wconf 87' lang='lat' dir='ltr'>corporea</span> <span class='ocrx_word' id='word_1_40' title='bbox 1840 520 1898 567; x_wconf 89' lang='lat' dir='ltr'>ad</span> <span class='ocrx_word' id='word_1_41' title='bbox 1915 521 2190 583; x_wconf 82' lang='lat' dir='ltr'>Calcaneum</span> <span class='ocrx_word' id='word_1_42' title='bbox 2213 546 2228 578; x_wconf 93' lang='lat'>·,</span> <span class='ocrx_word' id='word_1_43' title='bbox 2262 539 2343 570; x_wconf 87' lang='lat' dir='ltr'>nec</span> 
     </span>
     <span class='ocr_line' id='line_1_5' title="bbox 334 583 2346 642; baseline -0.002 -2"><span class='ocrx_word' id='word_1_44' title='bbox 334 593 479 640; x_wconf 54' lang='lat' dir='ltr'>silum</span> <span class='ocrx_word' id='word_1_45' title='bbox 503 588 746 637; x_wconf 82' lang='lat' dir='ltr'>referebant</span> <span class='ocrx_word' id='word_1_46' title='bbox 763 587 820 634; x_wconf 91' lang='lat' dir='ltr'>ad</span> <span class='ocrx_word' id='word_1_47' title='bbox 843 601 909 642; x_wconf 87' lang='lat' dir='ltr'>ea,</span> <span class='ocrx_word' id='word_1_48' title='bbox 944 583 1016 631; x_wconf 68' lang='lat' dir='ltr'>fied</span> <span class='ocrx_word' id='word_1_49' title='bbox 1052 586 1188 631; x_wconf 83' lang='lat' dir='ltr'>etiam</span> <span class='ocrx_word' id='word_1_50' title='bbox 1212 586 1274 632; x_wconf 88' lang='lat' dir='ltr'>ita</span> <span class='ocrx_word' id='word_1_51' title='bbox 1294 584 1530 631; x_wconf 87' lang='lat' dir='ltr'>vocabant.</span> <span class='ocrx_word' id='word_1_52' title='bbox 1617 585 1784 632; x_wconf 87' lang='lat' dir='ltr'>Infima</span> <span class='ocrx_word' id='word_1_53' title='bbox 1804 586 1985 632; x_wconf 88' lang='lat' dir='ltr'>rationis</span> <span class='ocrx_word' id='word_1_54' title='bbox 2008 586 2083 634; x_wconf 89' lang='lat' dir='ltr'>seu</span> <span class='ocrx_word' id='word_1_55' title='bbox 2105 587 2346 636; x_wconf 89' lang='lat' dir='ltr'>scientifica</span> 
     </span>
     <span class='ocr_line' id='line_1_6' title="bbox 334 649 2343 720; baseline -0.001 -16"><span class='ocrx_word' id='word_1_56' title='bbox 334 673 518 720; x_wconf 90' lang='lat' dir='ltr'>quoque</span> <span class='ocrx_word' id='word_1_57' title='bbox 535 653 758 702; x_wconf 71' lang='lat' dir='ltr'>intellecta</span> <span class='ocrx_word' id='word_1_58' title='bbox 772 651 889 707; x_wconf 84' lang='lat' dir='ltr'>sunt,</span> <span class='ocrx_word' id='word_1_59' title='bbox 924 666 1030 714; x_wconf 86' lang='lat' dir='ltr'>quae</span> <span class='ocrx_word' id='word_1_60' title='bbox 1047 649 1103 698; x_wconf 91' lang='lat' dir='ltr'>de</span> <span class='ocrx_word' id='word_1_61' title='bbox 1118 651 1247 698; x_wconf 86' lang='lat' dir='ltr'>Dane</span> <span class='ocrx_word' id='word_1_62' title='bbox 1269 650 1555 714; x_wconf 85' lang='lat' dir='ltr'>prophetavit</span> <span class='ocrx_word' id='word_1_63' title='bbox 1569 650 1730 711; x_wconf 88' lang='lat' dir='ltr'>Jacob,</span> <span class='ocrx_word' id='word_1_64' title='bbox 1767 655 1802 677; x_wconf 90' lang='lat'><strong>“</strong></span> <span class='ocrx_word' id='word_1_65' title='bbox 1819 650 1922 698; x_wconf 87' lang='lat' dir='ltr'>Erit</span> <span class='ocrx_word' id='word_1_66' title='bbox 1945 652 2050 699; x_wconf 90' lang='lat' dir='ltr'>Dan</span> <span class='ocrx_word' id='word_1_67' title='bbox 2072 651 2250 717; x_wconf 89' lang='lat' dir='ltr'>serpens</span> <span class='ocrx_word' id='word_1_68' title='bbox 2274 652 2343 701; x_wconf 81' lang='lat' dir='ltr'>su-</span> 
     </span>
     <span class='ocr_line' id='line_1_7' title="bbox 338 715 2347 786; baseline -0.001 -18"><span class='ocrx_word' id='word_1_69' title='bbox 338 729 371 750; x_wconf 83' lang='lat'><strong>“</strong></span> <span class='ocrx_word' id='word_1_70' title='bbox 406 737 485 786; x_wconf 88' lang='lat' dir='ltr'>per</span> <span class='ocrx_word' id='word_1_71' title='bbox 500 723 589 776; x_wconf 91' lang='lat' dir='ltr'>via,</span> <span class='ocrx_word' id='word_1_72' title='bbox 613 719 723 782; x_wconf 88' lang='lat' dir='ltr'>aspis</span> <span class='ocrx_word' id='word_1_73' title='bbox 741 717 870 781; x_wconf 88' lang='lat' dir='ltr'>super</span> <span class='ocrx_word' id='word_1_74' title='bbox 888 716 1056 772; x_wconf 89' lang='lat' dir='ltr'>semita,</span> <span class='ocrx_word' id='word_1_75' title='bbox 1083 715 1294 764; x_wconf 89' lang='lat' dir='ltr'>mordens</span> <span class='ocrx_word' id='word_1_76' title='bbox 1312 717 1520 764; x_wconf 84' lang='lat' dir='ltr'>calcaneos</span> <span class='ocrx_word' id='word_1_77' title='bbox 1539 716 1661 779; x_wconf 89' lang='lat' dir='ltr'>equi,</span> <span class='ocrx_word' id='word_1_78' title='bbox 1698 716 1891 763; x_wconf 83' lang='lat' dir='ltr'>&amp;cadit</span> <span class='ocrx_word' id='word_1_79' title='bbox 1908 732 2042 780; x_wconf 84' lang='lat' dir='ltr'>eques</span> <span class='ocrx_word' id='word_1_80' title='bbox 2065 715 2158 780; x_wconf 85' lang='lat' dir='ltr'>ejus</span> <span class='ocrx_word' id='word_1_81' title='bbox 2183 731 2347 766; x_wconf 79' lang='lat' dir='ltr'>retror-</span> 
     </span>
     <span class='ocr_line' id='line_1_8' title="bbox 338 781 2346 845; baseline -0.001 -10"><span class='ocrx_word' id='word_1_82' title='bbox 338 794 373 816; x_wconf 92' lang='lat'><strong>“</strong></span> <span class='ocrx_word' id='word_1_83' title='bbox 408 788 507 835; x_wconf 88' lang='lat' dir='ltr'>sum</span> <span class='ocrx_word' id='word_1_84' title='bbox 524 787 553 809; x_wconf 88' lang='lat'>&#39;’</span> <span class='ocrx_word' id='word_1_85' title='bbox 589 783 765 833; x_wconf 88' lang='lat' dir='ltr'>Genes:</span> <span class='ocrx_word' id='word_1_86' title='bbox 801 799 940 830; x_wconf 76' lang='lat' dir='ltr'>xmx:</span> <span class='ocrx_word' id='word_1_87' title='bbox 975 798 1045 845; x_wconf 89' lang='lat'>17.</span> <span class='ocrx_word' id='word_1_88' title='bbox 1075 783 1124 829; x_wconf 88' lang='lat'>&amp;</span> <span class='ocrx_word' id='word_1_89' title='bbox 1159 798 1265 845; x_wconf 86' lang='lat' dir='ltr'>quae</span> <span class='ocrx_word' id='word_1_90' title='bbox 1297 781 1418 845; x_wconf 87' lang='lat' dir='ltr'>apud</span> <span class='ocrx_word' id='word_1_91' title='bbox 1440 782 1690 837; x_wconf 86' lang='lat' dir='ltr'>Davidem,</span> <span class='ocrx_word' id='word_1_92' title='bbox 1745 786 1779 809; x_wconf 89' lang='lat'><strong>“</strong></span> <span class='ocrx_word' id='word_1_93' title='bbox 1803 782 2020 844; x_wconf 88' lang='lat' dir='ltr'>Iniquitas</span> <span class='ocrx_word' id='word_1_94' title='bbox 2062 783 2346 836; x_wconf 76' lang='lat' dir='ltr'>calcaneorum</span> 
     </span>
     <span class='ocr_line' id='line_1_9' title="bbox 338 846 2344 910; baseline -0.002 -9"><span class='ocrx_word' id='word_1_95' title='bbox 338 859 371 888; x_wconf 53' lang='lat'>2‘</span> <span class='ocrx_word' id='word_1_96' title='bbox 407 865 616 901; x_wconf 87' lang='lat' dir='ltr'>meorum</span> <span class='ocrx_word' id='word_1_97' title='bbox 634 848 934 897; x_wconf 87' lang='lat' dir='ltr'>circumdedit</span> <span class='ocrx_word' id='word_1_98' title='bbox 947 863 1040 904; x_wconf 89' lang='lat' dir='ltr'>me,</span> <span class='ocrx_word' id='word_1_99' title='bbox 1066 848 1095 868; x_wconf 88' lang='lat'>&#39;&#39;</span> <span class='ocrx_word' id='word_1_100' title='bbox 1129 847 1306 896; x_wconf 88' lang='lat' dir='ltr'>Psalm:</span> <span class='ocrx_word' id='word_1_101' title='bbox 1332 863 1474 894; x_wconf 78' lang='lat' dir='ltr'>xmx:</span> <span class='ocrx_word' id='word_1_102' title='bbox 1501 847 1544 894; x_wconf 91' lang='lat'>6.</span> <span class='ocrx_word' id='word_1_103' title='bbox 1581 846 1797 894; x_wconf 87' lang='lat' dir='ltr'>Similiter</span> <span class='ocrx_word' id='word_1_104' title='bbox 1813 847 1938 910; x_wconf 87' lang='lat' dir='ltr'>quod</span> <span class='ocrx_word' id='word_1_105' title='bbox 1949 847 2005 893; x_wconf 90' lang='lat' dir='ltr'>de</span> <span class='ocrx_word' id='word_1_106' title='bbox 2015 848 2190 909; x_wconf 77' lang='lat' dir='ltr'>jacobo</span> <span class='ocrx_word' id='word_1_107' title='bbox 2212 847 2344 896; x_wconf 82' lang='lat' dir='ltr'>refer-</span> 
     </span>
     <span class='ocr_line' id='line_1_10' title="bbox 337 910 2346 978; baseline -0.002 -12"><span class='ocrx_word' id='word_1_108' title='bbox 337 925 370 947; x_wconf 79' lang='lat'>“</span> <span class='ocrx_word' id='word_1_109' title='bbox 407 931 496 975; x_wconf 85' lang='lat' dir='ltr'>tur,</span> <span class='ocrx_word' id='word_1_110' title='bbox 513 932 620 975; x_wconf 86' lang='lat' dir='ltr'>curn</span> <span class='ocrx_word' id='word_1_111' title='bbox 635 916 792 972; x_wconf 84' lang='lat' dir='ltr'>exivit,</span> <span class='ocrx_word' id='word_1_112' title='bbox 811 913 938 977; x_wconf 91' lang='lat' dir='ltr'>quod</span> <span class='ocrx_word' id='word_1_113' title='bbox 953 929 1110 960; x_wconf 88' lang='lat' dir='ltr'>manus</span> <span class='ocrx_word' id='word_1_114' title='bbox 1133 910 1228 978; x_wconf 89' lang='lat' dir='ltr'>ejus</span> <span class='ocrx_word' id='word_1_115' title='bbox 1244 912 1528 976; x_wconf 85' lang='lat' dir='ltr'>prehenderit</span> <span class='ocrx_word' id='word_1_116' title='bbox 1544 913 1779 968; x_wconf 80' lang='lat' dir='ltr'>calcaneum</span> <span class='ocrx_word' id='word_1_117' title='bbox 1796 911 1947 969; x_wconf 88' lang='lat' dir='ltr'>Esavi,</span> <span class='ocrx_word' id='word_1_118' title='bbox 1971 914 2020 960; x_wconf 76' lang='grc' dir='ltr'>ὅτ,</span> <span class='ocrx_word' id='word_1_119' title='bbox 2040 913 2142 961; x_wconf 87' lang='lat' dir='ltr'>inde</span> <span class='ocrx_word' id='word_1_120' title='bbox 2160 927 2346 962; x_wconf 86' lang='lat' dir='ltr'>vocatus</span> 
     </span>
     <span class='ocr_line' id='line_1_11' title="bbox 339 973 2347 1045; baseline -0.001 -14"><span class='ocrx_word' id='word_1_121' title='bbox 339 991 375 1013; x_wconf 89' lang='lat'><strong>“</strong></span> <span class='ocrx_word' id='word_1_122' title='bbox 409 984 553 1045; x_wconf 91' lang='lat' dir='ltr'>Jacob</span> <span class='ocrx_word' id='word_1_123' title='bbox 568 985 596 1004; x_wconf 78' lang='lat'>’⁸</span> <span class='ocrx_word' id='word_1_124' title='bbox 632 983 756 1029; x_wconf 86' lang='lat' dir='ltr'>Gen:</span> <span class='ocrx_word' id='word_1_125' title='bbox 783 995 904 1028; x_wconf 87' lang='lat' dir='ltr'>xxv:</span> <span class='ocrx_word' id='word_1_126' title='bbox 944 979 1022 1036; x_wconf 88' lang='lat'>26,</span> <span class='ocrx_word' id='word_1_127' title='bbox 1058 994 1227 1026; x_wconf 88' lang='lat' dir='ltr'>nornen</span> <span class='ocrx_word' id='word_1_128' title='bbox 1249 978 1408 1040; x_wconf 89' lang='lat' dir='ltr'>Jacobi</span> <span class='ocrx_word' id='word_1_129' title='bbox 1438 973 1508 1025; x_wconf 82' lang='lat' dir='ltr'>est&#39;</span> <span class='ocrx_word' id='word_1_130' title='bbox 1540 993 1599 1024; x_wconf 85' lang='lat' dir='ltr'>ex</span> <span class='ocrx_word' id='word_1_131' title='bbox 1625 977 1862 1035; x_wconf 89' lang='lat' dir='ltr'>Calcaneo,</span> <span class='ocrx_word' id='word_1_132' title='bbox 1897 979 2239 1042; x_wconf 84' lang='lat' dir='ltr'>quiaEcclesia</span> <span class='ocrx_word' id='word_1_133' title='bbox 2261 981 2347 1041; x_wconf 82' lang='lat' dir='ltr'>Ju-</span> 
     </span>
     <span class='ocr_line' id='line_1_12' title="bbox 335 1044 2346 1113; baseline -0.002 -15"><span class='ocrx_word' id='word_1_134' title='bbox 335 1051 462 1098; x_wconf 83' lang='lat' dir='ltr'>daica</span> <span class='ocrx_word' id='word_1_135' title='bbox 483 1065 563 1113; x_wconf 89' lang='lat' dir='ltr'>per</span> <span class='ocrx_word' id='word_1_136' title='bbox 588 1046 815 1109; x_wconf 76' lang='lat' dir='ltr'>jacobum</span> <span class='ocrx_word' id='word_1_137' title='bbox 833 1045 1094 1109; x_wconf 86' lang='lat' dir='ltr'>fignificata,</span> <span class='ocrx_word' id='word_1_138' title='bbox 1119 1045 1303 1092; x_wconf 85' lang='lat' dir='ltr'>laederet</span> <span class='ocrx_word' id='word_1_139' title='bbox 1319 1044 1592 1092; x_wconf 88' lang='lat' dir='ltr'>calcaneum.</span> <span class='ocrx_word' id='word_1_140' title='bbox 1640 1044 1828 1107; x_wconf 89' lang='lat' dir='ltr'>Serpens</span> <span class='ocrx_word' id='word_1_141' title='bbox 1853 1045 1996 1091; x_wconf 86' lang='lat' dir='ltr'>modo</span> <span class='ocrx_word' id='word_1_142' title='bbox 2019 1044 2183 1092; x_wconf 87' lang='lat' dir='ltr'>laedere</span> <span class='ocrx_word' id='word_1_143' title='bbox 2199 1047 2346 1109; x_wconf 89' lang='lat' dir='ltr'>potest</span> 
     </span>
     <span class='ocr_line' id='line_1_13' title="bbox 339 1109 2345 1173; baseline -0.002 -10"><span class='ocrx_word' id='word_1_144' title='bbox 339 1116 551 1163; x_wconf 88' lang='lat' dir='ltr'>naturalia</span> <span class='ocrx_word' id='word_1_145' title='bbox 568 1114 741 1170; x_wconf 85' lang='lat' dir='ltr'>infima,</span> <span class='ocrx_word' id='word_1_146' title='bbox 760 1128 850 1159; x_wconf 90' lang='lat' dir='ltr'>non</span> <span class='ocrx_word' id='word_1_147' title='bbox 862 1123 1029 1167; x_wconf 90' lang='lat' dir='ltr'>autem,</span> <span class='ocrx_word' id='word_1_148' title='bbox 1049 1110 1130 1157; x_wconf 80' lang='lat' dir='ltr'>nisi</span> <span class='ocrx_word' id='word_1_149' title='bbox 1146 1110 1231 1157; x_wconf 89' lang='lat' dir='ltr'>fint</span> <span class='ocrx_word' id='word_1_150' title='bbox 1248 1109 1409 1173; x_wconf 91' lang='lat' dir='ltr'>species</span> <span class='ocrx_word' id='word_1_151' title='bbox 1426 1111 1627 1172; x_wconf 83' lang='lat' dir='ltr'>Viperae,</span> <span class='ocrx_word' id='word_1_152' title='bbox 1644 1109 1854 1157; x_wconf 88' lang='lat' dir='ltr'>naturalia</span> <span class='ocrx_word' id='word_1_153' title='bbox 1870 1111 2077 1157; x_wconf 85' lang='lat' dir='ltr'>interiora</span> <span class='ocrx_word' id='word_1_154' title='bbox 2090 1111 2136 1157; x_wconf 90' lang='lat' dir='ltr'>in</span> <span class='ocrx_word' id='word_1_155' title='bbox 2145 1111 2345 1169; x_wconf 90' lang='lat' dir='ltr'>homine,</span> 
     </span>
     <span class='ocr_line' id='line_1_14' title="bbox 341 1174 2347 1241; baseline -0.003 -12"><span class='ocrx_word' id='word_1_156' title='bbox 341 1184 492 1228; x_wconf 85' lang='lat' dir='ltr'>minus</span> <span class='ocrx_word' id='word_1_157' title='bbox 515 1180 661 1228; x_wconf 86' lang='lat' dir='ltr'>adhuc</span> <span class='ocrx_word' id='word_1_158' title='bbox 686 1177 941 1241; x_wconf 87' lang='lat' dir='ltr'>spiritualia,</span> <span class='ocrx_word' id='word_1_159' title='bbox 965 1177 1015 1223; x_wconf 74' lang='grc' dir='ltr'>δι</span> <span class='ocrx_word' id='word_1_160' title='bbox 1038 1175 1227 1223; x_wconf 89' lang='lat' dir='ltr'>minime</span> <span class='ocrx_word' id='word_1_161' title='bbox 1248 1175 1459 1230; x_wconf 89' lang='lat' dir='ltr'>coelestia,</span> <span class='ocrx_word' id='word_1_162' title='bbox 1485 1175 1558 1222; x_wconf 91' lang='lat' dir='ltr'>illa</span> <span class='ocrx_word' id='word_1_163' title='bbox 1573 1176 1803 1222; x_wconf 87' lang='lat' dir='ltr'>Dominus</span> <span class='ocrx_word' id='word_1_164' title='bbox 1827 1174 2074 1232; x_wconf 86' lang='lat' dir='ltr'>conservat,</span> <span class='ocrx_word' id='word_1_165' title='bbox 2097 1177 2147 1224; x_wconf 75' lang='grc' dir='ltr'>δε</span> <span class='ocrx_word' id='word_1_166' title='bbox 2165 1176 2347 1224; x_wconf 88' lang='lat' dir='ltr'>homine</span> 
     </span>
     <span class='ocr_line' id='line_1_15' title="bbox 330 1241 2346 1306; baseline -0.002 -12"><span class='ocrx_word' id='word_1_167' title='bbox 330 1246 555 1294; x_wconf 77' lang='lat' dir='ltr'>nesciente</span> <span class='ocrx_word' id='word_1_168' title='bbox 580 1244 783 1292; x_wconf 88' lang='lat' dir='ltr'>recondit</span> <span class='ocrx_word' id='word_1_169' title='bbox 803 1265 817 1299; x_wconf 63' lang='grc' dir='ltr'>ς</span> <span class='ocrx_word' id='word_1_170' title='bbox 842 1258 947 1306; x_wconf 88' lang='lat' dir='ltr'>quae</span> <span class='ocrx_word' id='word_1_171' title='bbox 960 1243 1191 1290; x_wconf 87' lang='lat' dir='ltr'>Dominus</span> <span class='ocrx_word' id='word_1_172' title='bbox 1219 1241 1439 1297; x_wconf 89' lang='lat' dir='ltr'>recondit,</span> <span class='ocrx_word' id='word_1_173' title='bbox 1466 1253 1685 1293; x_wconf 85' lang='lat' dir='ltr'>vocantur</span> <span class='ocrx_word' id='word_1_174' title='bbox 1701 1242 1746 1288; x_wconf 91' lang='lat' dir='ltr'>in</span> <span class='ocrx_word' id='word_1_175' title='bbox 1761 1241 1915 1289; x_wconf 91' lang='lat' dir='ltr'>Verbo</span> <span class='ocrx_word' id='word_1_176' title='bbox 1938 1242 2150 1305; x_wconf 73' lang='lat' dir='ltr'>reliquiae.</span> <span class='ocrx_word' id='word_1_177' title='bbox 2212 1243 2346 1305; x_wconf 77' lang='lat' dir='ltr'>Qo—</span> 
     </span>
     <span class='ocr_line' id='line_1_16' title="bbox 342 1305 2347 1372; baseline -0.002 -13"><span class='ocrx_word' id='word_1_178' title='bbox 342 1312 485 1359; x_wconf 91' lang='lat' dir='ltr'>modo</span> <span class='ocrx_word' id='word_1_179' title='bbox 507 1305 854 1372; x_wconf 62' lang='lat' dir='ltr'>autem&#39;serpens</span> <span class='ocrx_word' id='word_1_180' title='bbox 879 1307 1144 1355; x_wconf 86' lang='lat' dir='ltr'>destruxerit</span> <span class='ocrx_word' id='word_1_181' title='bbox 1167 1307 1326 1354; x_wconf 85' lang='lat' dir='ltr'>infima</span> <span class='ocrx_word' id='word_1_182' title='bbox 1347 1306 1425 1354; x_wconf 87' lang='lat' dir='ltr'>ista</span> <span class='ocrx_word' id='word_1_183' title='bbox 1441 1306 1560 1370; x_wconf 91' lang='lat' dir='ltr'>apud</span> <span class='ocrx_word' id='word_1_184' title='bbox 1587 1306 1983 1363; x_wconf 64' lang='lat' dir='ltr'>Antediluvianos,</span> <span class='ocrx_word' id='word_1_185' title='bbox 2002 1322 2083 1369; x_wconf 79' lang='lat' dir='ltr'>per</span> <span class='ocrx_word' id='word_1_186' title='bbox 2099 1306 2347 1355; x_wconf 85' lang='lat' dir='ltr'>sensuale&amp;</span> 
     </span>
     <span class='ocr_line' id='line_1_17' title="bbox 337 1371 2346 1438; baseline -0.001 -14"><span class='ocrx_word' id='word_1_187' title='bbox 337 1393 540 1425; x_wconf 87' lang='lat' dir='ltr'>amorem</span> <span class='ocrx_word' id='word_1_188' title='bbox 565 1376 627 1423; x_wconf 93' lang='lat' dir='ltr'>sui</span> <span class='ocrx_word' id='word_1_189' title='bbox 649 1398 663 1432; x_wconf 93' lang='grc'>·,</span> <span class='ocrx_word' id='word_1_190' title='bbox 688 1376 738 1423; x_wconf 87' lang='lat'>&amp;</span> <span class='ocrx_word' id='word_1_191' title='bbox 760 1374 998 1438; x_wconf 90' lang='lat' dir='ltr'>quomodo</span> <span class='ocrx_word' id='word_1_192' title='bbox 1021 1372 1285 1420; x_wconf 87' lang='lat' dir='ltr'>destruxerit</span> <span class='ocrx_word' id='word_1_193' title='bbox 1301 1372 1422 1436; x_wconf 86' lang='lat' dir='ltr'>apud</span> <span class='ocrx_word' id='word_1_194' title='bbox 1445 1372 1634 1433; x_wconf 88' lang='lat' dir='ltr'>Judaeos</span> <span class='ocrx_word' id='word_1_195' title='bbox 1660 1388 1740 1434; x_wconf 89' lang='lat' dir='ltr'>per</span> <span class='ocrx_word' id='word_1_196' title='bbox 1755 1371 1977 1429; x_wconf 83' lang='lat' dir='ltr'>sensualia,</span> <span class='ocrx_word' id='word_1_197' title='bbox 2015 1373 2274 1420; x_wconf 88' lang='lat' dir='ltr'>traditiones</span> <span class='ocrx_word' id='word_1_198' title='bbox 2297 1375 2346 1422; x_wconf 86' lang='lat'>&amp;</span> 
     </span>
     <span class='ocr_line' id='line_1_18' title="bbox 338 1436 2344 1508; baseline -0.002 -17"><span class='ocrx_word' id='word_1_199' title='bbox 338 1460 498 1508; x_wconf 85' lang='lat' dir='ltr'>nugas,</span> <span class='ocrx_word' id='word_1_200' title='bbox 558 1439 691 1506; x_wconf 77' lang='lat' dir='ltr'>erque</span> <span class='ocrx_word' id='word_1_201' title='bbox 715 1457 917 1488; x_wconf 89' lang='lat' dir='ltr'>amorem</span> <span class='ocrx_word' id='word_1_202' title='bbox 951 1438 1014 1485; x_wconf 90' lang='lat' dir='ltr'>sui</span> <span class='ocrx_word' id='word_1_203' title='bbox 1031 1439 1081 1486; x_wconf 74' lang='grc' dir='ltr'>δε</span> <span class='ocrx_word' id='word_1_204' title='bbox 1099 1439 1260 1486; x_wconf 89' lang='lat' dir='ltr'>mundi</span> <span class='ocrx_word' id='word_1_205' title='bbox 1279 1461 1294 1494; x_wconf 90' lang='lat'>·,</span> <span class='ocrx_word' id='word_1_206' title='bbox 1329 1439 1380 1485; x_wconf 87' lang='lat'>&amp;</span> <span class='ocrx_word' id='word_1_207' title='bbox 1396 1438 1634 1502; x_wconf 89' lang='lat' dir='ltr'>quomodo</span> <span class='ocrx_word' id='word_1_208' title='bbox 1655 1437 1790 1486; x_wconf 87' lang='lat' dir='ltr'>hodie</span> <span class='ocrx_word' id='word_1_209' title='bbox 1813 1436 2014 1495; x_wconf 84' lang='lat' dir='ltr'>destruit,</span> <span class='ocrx_word' id='word_1_210' title='bbox 2041 1439 2088 1485; x_wconf 89' lang='lat'>&amp;</span> <span class='ocrx_word' id='word_1_211' title='bbox 2114 1438 2344 1495; x_wconf 76' lang='lat' dir='ltr'>destruxit,</span> 
     </span>
     <span class='ocr_line' id='line_1_19' title="bbox 339 1459 2368 1573; baseline -0.001 -17"><span class='ocrx_word' id='word_1_212' title='bbox 339 1525 421 1573; x_wconf 87' lang='lat' dir='ltr'>per</span> <span class='ocrx_word' id='word_1_213' title='bbox 444 1459 665 1564; x_wconf 56' lang='lat' dir='ltr'>sensualia,</span> <span class='ocrx_word' id='word_1_214' title='bbox 704 1506 941 1554; x_wconf 87' lang='lat' dir='ltr'>scientifica</span> <span class='ocrx_word' id='word_1_215' title='bbox 979 1505 1029 1552; x_wconf 77' lang='grc' dir='ltr'>ὅτ</span> <span class='ocrx_word' id='word_1_216' title='bbox 1052 1504 1373 1568; x_wconf 91' lang='lat' dir='ltr'>philosophica,</span> <span class='ocrx_word' id='word_1_217' title='bbox 1409 1505 1460 1551; x_wconf 85' lang='lat'>&amp;</span> <span class='ocrx_word' id='word_1_218' title='bbox 1489 1503 1622 1551; x_wconf 84' lang='lat' dir='ltr'>simul</span> <span class='ocrx_word' id='word_1_219' title='bbox 1657 1519 1737 1566; x_wconf 87' lang='lat' dir='ltr'>per</span> <span class='ocrx_word' id='word_1_220' title='bbox 1759 1503 1937 1550; x_wconf 89' lang='lat' dir='ltr'>eosdem</span> <span class='ocrx_word' id='word_1_221' title='bbox 1973 1519 2162 1560; x_wconf 86' lang='lat' dir='ltr'>amores,</span> <span class='ocrx_word' id='word_1_222' title='bbox 2198 1505 2245 1552; x_wconf 87' lang='lat' dir='ltr'>in</span> <span class='ocrx_word' id='word_1_223' title='bbox 2284 1503 2368 1554; x_wconf 73' lang='lat' dir='ltr'>se-.</span> 
     </span>
     <span class='ocr_line' id='line_1_20' title="bbox 345 1569 1795 1638; baseline -0.003 -16"><span class='ocrx_word' id='word_1_224' title='bbox 345 1574 604 1638; x_wconf 87' lang='lat' dir='ltr'>quentibus,</span> <span class='ocrx_word' id='word_1_225' title='bbox 636 1588 697 1620; x_wconf 87' lang='lat' dir='ltr'>ex</span> <span class='ocrx_word' id='word_1_226' title='bbox 713 1572 885 1619; x_wconf 87' lang='lat' dir='ltr'>Divina</span> <span class='ocrx_word' id='word_1_227' title='bbox 898 1571 1092 1618; x_wconf 88' lang='lat' dir='ltr'>Domini</span> <span class='ocrx_word' id='word_1_228' title='bbox 1109 1569 1432 1626; x_wconf 88' lang='lat' dir='ltr'>Misericordia,</span> <span class='ocrx_word' id='word_1_229' title='bbox 1458 1569 1705 1617; x_wconf 86' lang='lat' dir='ltr'>dicendum</span> <span class='ocrx_word' id='word_1_230' title='bbox 1719 1569 1795 1618; x_wconf 87' lang='lat' dir='ltr'>est.</span> 
     </span>
    </p>

    <p class='ocr_par' dir='ltr' id='par_1_3' title="bbox 341 1633 2354 1764">
     <span class='ocr_line' id='line_1_21' title="bbox 413 1633 2354 1700; baseline -0.002 -12"><span class='ocrx_word' id='word_1_231' title='bbox 413 1641 520 1689; x_wconf 87' lang='lat'><strong>260.</strong></span> <span class='ocrx_word' id='word_1_232' title='bbox 558 1640 632 1687; x_wconf 88' lang='lat' dir='ltr'>Ex</span> <span class='ocrx_word' id='word_1_233' title='bbox 665 1639 733 1685; x_wconf 86' lang='lat' dir='ltr'>his</span> <span class='ocrx_word' id='word_1_234' title='bbox 760 1637 945 1693; x_wconf 91' lang='lat' dir='ltr'>constat,</span> <span class='ocrx_word' id='word_1_235' title='bbox 979 1635 1105 1699; x_wconf 89' lang='lat' dir='ltr'>quod</span> <span class='ocrx_word' id='word_1_236' title='bbox 1144 1635 1390 1683; x_wconf 89' lang='lat' dir='ltr'>revelatum</span> <span class='ocrx_word' id='word_1_237' title='bbox 1422 1635 1636 1683; x_wconf 82' lang='lat' dir='ltr'>Ecclesiae</span> <span class='ocrx_word' id='word_1_238' title='bbox 1672 1633 1794 1682; x_wconf 89' lang='lat' dir='ltr'>istius</span> <span class='ocrx_word' id='word_1_239' title='bbox 1830 1635 2063 1699; x_wconf 88' lang='lat' dir='ltr'>temporis,</span> <span class='ocrx_word' id='word_1_240' title='bbox 2099 1636 2225 1700; x_wconf 88' lang='lat' dir='ltr'>quod</span> <span class='ocrx_word' id='word_1_241' title='bbox 2248 1638 2354 1685; x_wconf 61' lang='lat' dir='ltr'>Do·-</span> 
     </span>
     <span class='ocr_line' id='line_1_22' title="bbox 341 1701 1509 1764; baseline -0.004 -11"><span class='ocrx_word' id='word_1_242' title='bbox 341 1707 491 1752; x_wconf 89' lang='lat' dir='ltr'>minus</span> <span class='ocrx_word' id='word_1_243' title='bbox 515 1717 731 1752; x_wconf 86' lang='lat' dir='ltr'>venturus</span> <span class='ocrx_word' id='word_1_244' title='bbox 756 1705 801 1749; x_wconf 87' lang='lat' dir='ltr'>in</span> <span class='ocrx_word' id='word_1_245' title='bbox 827 1702 1072 1758; x_wconf 90' lang='lat' dir='ltr'>mundum,</span> <span class='ocrx_word' id='word_1_246' title='bbox 1107 1702 1188 1764; x_wconf 90' lang='lat' dir='ltr'>qui</span> <span class='ocrx_word' id='word_1_247' title='bbox 1215 1701 1397 1749; x_wconf 89' lang='lat' dir='ltr'>salvaret</span> <span class='ocrx_word' id='word_1_248' title='bbox 1419 1717 1509 1748; x_wconf 90' lang='lat' dir='ltr'>eos.</span> 
     </span>
    </p>

    <p class='ocr_par' dir='ltr' id='par_1_4' title="bbox 340 1766 2369 2225">
     <span class='ocr_line' id='line_1_23' title="bbox 410 1766 2346 1829; baseline -0.002 -9"><span class='ocrx_word' id='word_1_249' title='bbox 410 1772 517 1820; x_wconf 86' lang='lat'><strong>261.</strong></span> <span class='ocrx_word' id='word_1_250' title='bbox 554 1769 677 1817; x_wconf 89' lang='lat' dir='ltr'>Vers.</span> <span class='ocrx_word' id='word_1_251' title='bbox 702 1770 771 1817; x_wconf 93' lang='lat'>16.</span> <span class='ocrx_word' id='word_1_252' title='bbox 809 1771 873 1817; x_wconf 87' lang='lat' dir='ltr'>Et</span> <span class='ocrx_word' id='word_1_253' title='bbox 893 1768 954 1815; x_wconf 90' lang='lat' dir='ltr'>ad</span> <span class='ocrx_word' id='word_1_254' title='bbox 970 1767 1198 1815; x_wconf 78' lang='lat' dir='ltr'>Mulierem</span> <span class='ocrx_word' id='word_1_255' title='bbox 1220 1766 1349 1822; x_wconf 84' lang='lat' dir='ltr'>dixit,</span> <span class='ocrx_word' id='word_1_256' title='bbox 1373 1766 1686 1828; x_wconf 85' lang='lat' dir='ltr'>multiplicando</span> <span class='ocrx_word' id='word_1_257' title='bbox 1704 1767 1988 1829; x_wconf 77' lang='lat' dir='ltr'>multiplicabo</span> <span class='ocrx_word' id='word_1_258' title='bbox 2010 1767 2185 1816; x_wconf 83' lang='lat' dir='ltr'>dolorem</span> <span class='ocrx_word' id='word_1_259' title='bbox 2208 1779 2346 1826; x_wconf 86' lang='lat' dir='ltr'>tuum,</span> 
     </span>
     <span class='ocr_line' id='line_1_24' title="bbox 340 1831 2348 1898; baseline -0.001 -13"><span class='ocrx_word' id='word_1_260' title='bbox 340 1834 396 1886; x_wconf 60' lang='grc' dir='ltr'>δέ)</span> <span class='ocrx_word' id='word_1_261' title='bbox 417 1846 652 1898; x_wconf 83' lang='lat' dir='ltr'>conceptum</span> <span class='ocrx_word' id='word_1_262' title='bbox 691 1845 828 1891; x_wconf 74' lang='lat' dir='ltr'>tuum,</span> <span class='ocrx_word' id='word_1_263' title='bbox 861 1837 907 1882; x_wconf 92' lang='lat' dir='ltr'>in</span> <span class='ocrx_word' id='word_1_264' title='bbox 941 1832 1078 1880; x_wconf 89' lang='lat' dir='ltr'>dolore</span> <span class='ocrx_word' id='word_1_265' title='bbox 1092 1834 1238 1894; x_wconf 83' lang='lat' dir='ltr'>parics</span> <span class='ocrx_word' id='word_1_266' title='bbox 1264 1831 1397 1891; x_wconf 88' lang='lat' dir='ltr'>filios,</span> <span class='ocrx_word' id='word_1_267' title='bbox 1421 1831 1477 1881; x_wconf 61' lang='grc' dir='ltr'>ΕΒ</span> <span class='ocrx_word' id='word_1_268' title='bbox 1501 1831 1562 1879; x_wconf 90' lang='lat' dir='ltr'>ad</span> <span class='ocrx_word' id='word_1_269' title='bbox 1590 1834 1734 1879; x_wconf 88' lang='lat' dir='ltr'>virum</span> <span class='ocrx_word' id='word_1_270' title='bbox 1765 1841 1884 1881; x_wconf 85' lang='lat' dir='ltr'>tuum</span> <span class='ocrx_word' id='word_1_271' title='bbox 1907 1831 2140 1881; x_wconf 84' lang='lat' dir='ltr'>obedientia</span> <span class='ocrx_word' id='word_1_272' title='bbox 2162 1844 2259 1891; x_wconf 76' lang='lat' dir='ltr'>tua,</span> <span class='ocrx_word' id='word_1_273' title='bbox 2293 1834 2348 1883; x_wconf 64' lang='grc' dir='ltr'>ἔθ’</span> 
     </span>
     <span class='ocr_line' id='line_1_25' title="bbox 340 1897 2350 1963; baseline -0.001 -14"><span class='ocrx_word' id='word_1_274' title='bbox 340 1903 410 1949; x_wconf 91' lang='lat' dir='ltr'>hic</span> <span class='ocrx_word' id='word_1_275' title='bbox 432 1902 718 1949; x_wconf 88' lang='lat' dir='ltr'>dominabitur</span> <span class='ocrx_word' id='word_1_276' title='bbox 747 1901 841 1947; x_wconf 87' lang='lat' dir='ltr'>tibi.</span> <span class='ocrx_word' id='word_1_277' title='bbox 913 1900 1001 1946; x_wconf 86' lang='lat' dir='ltr'>Per</span> <span class='ocrx_word' id='word_1_278' title='bbox 1039 1898 1277 1951; x_wconf 76' lang='lat' dir='ltr'>mulierem</span> <span class='ocrx_word' id='word_1_279' title='bbox 1313 1913 1435 1944; x_wconf 88' lang='lat' dir='ltr'>nunc</span> <span class='ocrx_word' id='word_1_280' title='bbox 1475 1897 1751 1959; x_wconf 76' lang='lat' dir='ltr'>significatur</span> <span class='ocrx_word' id='word_1_281' title='bbox 1788 1897 2004 1954; x_wconf 83' lang='lat' dir='ltr'>Ecclesia,</span> <span class='ocrx_word' id='word_1_282' title='bbox 2049 1914 2110 1946; x_wconf 86' lang='lat' dir='ltr'>ex</span> <span class='ocrx_word' id='word_1_283' title='bbox 2148 1901 2350 1963; x_wconf 90' lang='lat' dir='ltr'>proprio,</span> 
     </span>
     <span class='ocr_line' id='line_1_26' title="bbox 340 1961 2369 2031; baseline -0 -17"><span class='ocrx_word' id='word_1_284' title='bbox 340 1967 471 2031; x_wconf 89' lang='lat' dir='ltr'>quod</span> <span class='ocrx_word' id='word_1_285' title='bbox 500 1968 697 2013; x_wconf 90' lang='lat' dir='ltr'>amavit:</span> <span class='ocrx_word' id='word_1_286' title='bbox 734 1982 815 2028; x_wconf 93' lang='lat' dir='ltr'>per</span> <span class='ocrx_word' id='word_1_287' title='bbox 837 1963 1182 2026; x_wconf 87' lang='lat' dir='ltr'>multiplicando</span> <span class='ocrx_word' id='word_1_288' title='bbox 1206 1962 1506 2025; x_wconf 89' lang='lat' dir='ltr'>multiplicare</span> <span class='ocrx_word' id='word_1_289' title='bbox 1537 1961 1764 2026; x_wconf 50' lang='lat' dir='ltr'>dolorenh</span> <span class='ocrx_word' id='word_1_290' title='bbox 1795 1962 2071 2025; x_wconf 81' lang='lat' dir='ltr'>significatur</span> <span class='ocrx_word' id='word_1_291' title='bbox 2094 1979 2264 2026; x_wconf 82' lang='lat' dir='ltr'>pugna,</span> <span class='ocrx_word' id='word_1_292' title='bbox 2298 1967 2369 2013; x_wconf 72' lang='grc' dir='ltr'>δε,</span> 
     </span>
     <span class='ocr_line' id='line_1_27' title="bbox 346 2027 2350 2095; baseline -0 -17"><span class='ocrx_word' id='word_1_293' title='bbox 346 2048 407 2079; x_wconf 87' lang='lat' dir='ltr'>ex</span> <span class='ocrx_word' id='word_1_294' title='bbox 428 2048 584 2095; x_wconf 87' lang='lat' dir='ltr'>pugna</span> <span class='ocrx_word' id='word_1_295' title='bbox 607 2033 823 2078; x_wconf 87' lang='lat' dir='ltr'>anxietas:</span> <span class='ocrx_word' id='word_1_296' title='bbox 860 2045 942 2093; x_wconf 89' lang='lat' dir='ltr'>per</span> <span class='ocrx_word' id='word_1_297' title='bbox 965 2040 1241 2083; x_wconf 81' lang='lat' dir='ltr'>conceptum</span> <span class='ocrx_word' id='word_1_298' title='bbox 1266 2029 1415 2074; x_wconf 89' lang='lat' dir='ltr'>omnis</span> <span class='ocrx_word' id='word_1_299' title='bbox 1438 2028 1677 2090; x_wconf 86' lang='lat' dir='ltr'>cogitatio:</span> <span class='ocrx_word' id='word_1_300' title='bbox 1715 2042 1795 2090; x_wconf 89' lang='lat' dir='ltr'>per</span> <span class='ocrx_word' id='word_1_301' title='bbox 1819 2027 1934 2074; x_wconf 84' lang='lat' dir='ltr'>filios</span> <span class='ocrx_word' id='word_1_302' title='bbox 1968 2044 2082 2091; x_wconf 91' lang='lat' dir='ltr'>quos</span> <span class='ocrx_word' id='word_1_303' title='bbox 2122 2030 2168 2076; x_wconf 88' lang='lat' dir='ltr'>in</span> <span class='ocrx_word' id='word_1_304' title='bbox 2193 2030 2350 2078; x_wconf 89' lang='lat' dir='ltr'>dolore</span> 
     </span>
     <span class='ocr_line' id='line_1_28' title="bbox 353 2092 2349 2161; baseline 0 -17"><span class='ocrx_word' id='word_1_305' title='bbox 353 2110 543 2161; x_wconf 87' lang='lat' dir='ltr'>pareret,</span> <span class='ocrx_word' id='word_1_306' title='bbox 578 2113 684 2143; x_wconf 90' lang='lat' dir='ltr'>vera</span> <span class='ocrx_word' id='word_1_307' title='bbox 720 2111 826 2159; x_wconf 88' lang='lat' dir='ltr'>quae</span> <span class='ocrx_word' id='word_1_308' title='bbox 864 2095 924 2142; x_wconf 88' lang='lat' dir='ltr'>fic</span> <span class='ocrx_word' id='word_1_309' title='bbox 946 2094 1250 2158; x_wconf 73' lang='lat' dir='ltr'>produceret,</span> <span class='ocrx_word' id='word_1_310' title='bbox 1285 2109 1366 2157; x_wconf 89' lang='lat' dir='ltr'>per</span> <span class='ocrx_word' id='word_1_311' title='bbox 1401 2095 1556 2140; x_wconf 85' lang='lat' dir='ltr'>virum</span> <span class='ocrx_word' id='word_1_312' title='bbox 1579 2092 1652 2140; x_wconf 93' lang='lat' dir='ltr'>hic</span> <span class='ocrx_word' id='word_1_313' title='bbox 1685 2104 1737 2139; x_wconf 90' lang='lat' dir='ltr'>ut</span> <span class='ocrx_word' id='word_1_314' title='bbox 1761 2093 1902 2157; x_wconf 90' lang='lat' dir='ltr'>prius,</span> <span class='ocrx_word' id='word_1_315' title='bbox 1938 2093 2166 2151; x_wconf 86' lang='lat' dir='ltr'>rationale,</span> <span class='ocrx_word' id='word_1_316' title='bbox 2201 2097 2276 2143; x_wconf 88' lang='lat' dir='ltr'>cui</span> <span class='ocrx_word' id='word_1_317' title='bbox 2299 2112 2349 2144; x_wconf 86' lang='lat' dir='ltr'>o-</span> 
     </span>
     <span class='ocr_line' id='line_1_29' title="bbox 347 2161 1096 2225; baseline -0.005 -15"><span class='ocrx_word' id='word_1_318' title='bbox 347 2163 514 2219; x_wconf 87' lang='lat' dir='ltr'>bediet,</span> <span class='ocrx_word' id='word_1_319' title='bbox 549 2162 600 2209; x_wconf 88' lang='lat'>&amp;</span> <span class='ocrx_word' id='word_1_320' title='bbox 624 2162 750 2225; x_wconf 90' lang='lat' dir='ltr'>quod</span> <span class='ocrx_word' id='word_1_321' title='bbox 775 2161 1096 2208; x_wconf 86' lang='lat' dir='ltr'>dominabitur.</span> 
     </span>
    </p>

    <p class='ocr_par' dir='ltr' id='par_1_5' title="bbox 346 2223 2350 2421">
     <span class='ocr_line' id='line_1_30' title="bbox 415 2223 2350 2291; baseline 0 -14"><span class='ocrx_word' id='word_1_322' title='bbox 415 2230 523 2277; x_wconf 85' lang='lat'><strong>262.</strong></span> <span class='ocrx_word' id='word_1_323' title='bbox 561 2227 707 2291; x_wconf 84' lang='lat' dir='ltr'>Qod</span> <span class='ocrx_word' id='word_1_324' title='bbox 747 2242 827 2290; x_wconf 89' lang='lat' dir='ltr'>per</span> <span class='ocrx_word' id='word_1_325' title='bbox 856 2226 1101 2273; x_wconf 87' lang='lat' dir='ltr'>Mulierem</span> <span class='ocrx_word' id='word_1_326' title='bbox 1127 2224 1403 2288; x_wconf 82' lang='lat' dir='ltr'>significetur</span> <span class='ocrx_word' id='word_1_327' title='bbox 1423 2224 1636 2281; x_wconf 83' lang='lat' dir='ltr'>Ecclesia,</span> <span class='ocrx_word' id='word_1_328' title='bbox 1671 2225 1797 2287; x_wconf 88' lang='lat' dir='ltr'>prius</span> <span class='ocrx_word' id='word_1_329' title='bbox 1820 2223 2012 2282; x_wconf 67' lang='lat' dir='ltr'>dictum,</span> <span class='ocrx_word' id='word_1_330' title='bbox 2055 2226 2128 2274; x_wconf 90' lang='lat' dir='ltr'>hic</span> <span class='ocrx_word' id='word_1_331' title='bbox 2152 2227 2350 2278; x_wconf 78' lang='lat' dir='ltr'>Ecclesia</span> 
     </span>
     <span class='ocr_line' id='line_1_31' title="bbox 348 2289 2349 2364; baseline 0 -23"><span class='ocrx_word' id='word_1_332' title='bbox 348 2292 567 2357; x_wconf 89' lang='lat' dir='ltr'>perversa,</span> <span class='ocrx_word' id='word_1_333' title='bbox 601 2309 658 2340; x_wconf 85' lang='lat' dir='ltr'>ex</span> <span class='ocrx_word' id='word_1_334' title='bbox 682 2294 881 2356; x_wconf 85' lang='lat' dir='ltr'>proprio,</span> <span class='ocrx_word' id='word_1_335' title='bbox 903 2292 1030 2355; x_wconf 92' lang='lat' dir='ltr'>quod</span> <span class='ocrx_word' id='word_1_336' title='bbox 1050 2292 1173 2355; x_wconf 86' lang='lat' dir='ltr'>prius</span> <span class='ocrx_word' id='word_1_337' title='bbox 1196 2307 1277 2354; x_wconf 88' lang='lat' dir='ltr'>per</span> <span class='ocrx_word' id='word_1_338' title='bbox 1300 2290 1536 2338; x_wconf 88' lang='lat' dir='ltr'>mulierem</span> <span class='ocrx_word' id='word_1_339' title='bbox 1558 2289 1860 2353; x_wconf 82' lang='lat' dir='ltr'>fignificatum</span> <span class='ocrx_word' id='word_1_340' title='bbox 1884 2291 1963 2349; x_wconf 88' lang='lat' dir='ltr'>est,</span> <span class='ocrx_word' id='word_1_341' title='bbox 1995 2293 2101 2355; x_wconf 89' lang='lat' dir='ltr'>quia</span> <span class='ocrx_word' id='word_1_342' title='bbox 2121 2292 2178 2341; x_wconf 88' lang='lat' dir='ltr'>de</span> <span class='ocrx_word' id='word_1_343' title='bbox 2198 2292 2349 2364; x_wconf 82' lang='lat' dir='ltr'>poste·</span> 
     </span>
     <span class='ocr_line' id='line_1_32' title="bbox 346 2354 1774 2421; baseline -0.001 -17"><span class='ocrx_word' id='word_1_344' title='bbox 346 2361 475 2406; x_wconf 87' lang='lat' dir='ltr'>ritate</span> <span class='ocrx_word' id='word_1_345' title='bbox 495 2358 709 2406; x_wconf 84' lang='lat' dir='ltr'>Ecclefiae</span> <span class='ocrx_word' id='word_1_346' title='bbox 729 2359 1060 2421; x_wconf 84' lang='lat' dir='ltr'>antiquiffimae,</span> <span class='ocrx_word' id='word_1_347' title='bbox 1095 2372 1201 2419; x_wconf 86' lang='lat' dir='ltr'>quae</span> <span class='ocrx_word' id='word_1_348' title='bbox 1222 2355 1427 2419; x_wconf 86' lang='lat' dir='ltr'>perversa</span> <span class='ocrx_word' id='word_1_349' title='bbox 1448 2354 1576 2413; x_wconf 66' lang='lat' dir='ltr'>facta,</span> <span class='ocrx_word' id='word_1_350' title='bbox 1611 2356 1774 2418; x_wconf 84' lang='lat' dir='ltr'>agitur.</span> 
     </span>
    </p>

    <p class='ocr_par' dir='ltr' id='par_1_6' title="bbox 347 2421 2350 2748">
     <span class='ocr_line' id='line_1_33' title="bbox 416 2421 2350 2489; baseline 0.001 -17"><span class='ocrx_word' id='word_1_351' title='bbox 416 2425 525 2488; x_wconf 88' lang='lat'><strong>263.</strong></span> <span class='ocrx_word' id='word_1_352' title='bbox 562 2425 685 2470; x_wconf 90' lang='lat' dir='ltr'>Cum</span> <span class='ocrx_word' id='word_1_353' title='bbox 709 2425 858 2486; x_wconf 88' lang='lat' dir='ltr'>itaque</span> <span class='ocrx_word' id='word_1_354' title='bbox 876 2421 1068 2469; x_wconf 87' lang='lat' dir='ltr'>&#39;sensuale</span> <span class='ocrx_word' id='word_1_355' title='bbox 1091 2421 1132 2468; x_wconf 83' lang='lat' dir='ltr'>se</span> <span class='ocrx_word' id='word_1_356' title='bbox 1150 2424 1325 2479; x_wconf 89' lang='lat' dir='ltr'>avertit,</span> <span class='ocrx_word' id='word_1_357' title='bbox 1359 2434 1435 2469; x_wconf 88' lang='lat' dir='ltr'>aut</span> <span class='ocrx_word' id='word_1_358' title='bbox 1455 2421 1533 2469; x_wconf 88' lang='lat' dir='ltr'>fibi</span> <span class='ocrx_word' id='word_1_359' title='bbox 1561 2421 1803 2478; x_wconf 87' lang='lat' dir='ltr'>maledicit,</span> <span class='ocrx_word' id='word_1_360' title='bbox 1829 2421 2044 2486; x_wconf 86' lang='lat' dir='ltr'>sequitur,</span> <span class='ocrx_word' id='word_1_361' title='bbox 2079 2424 2206 2487; x_wconf 91' lang='lat' dir='ltr'>quod</span> <span class='ocrx_word' id='word_1_362' title='bbox 2228 2438 2350 2489; x_wconf 84' lang='lat' dir='ltr'>pug-</span> 
     </span>
     <span class='ocr_line' id='line_1_34' title="bbox 347 2486 2349 2552; baseline 0.001 -16"><span class='ocrx_word' id='word_1_363' title='bbox 347 2506 448 2548; x_wconf 80' lang='lat' dir='ltr'>nare</span> <span class='ocrx_word' id='word_1_364' title='bbox 481 2489 655 2537; x_wconf 86' lang='lat' dir='ltr'>fortiter</span> <span class='ocrx_word' id='word_1_365' title='bbox 694 2490 908 2552; x_wconf 88' lang='lat' dir='ltr'>incipiant</span> <span class='ocrx_word' id='word_1_366' title='bbox 942 2487 1049 2535; x_wconf 88' lang='lat' dir='ltr'>mali</span> <span class='ocrx_word' id='word_1_367' title='bbox 1077 2486 1271 2550; x_wconf 88' lang='lat' dir='ltr'>spiritus,</span> <span class='ocrx_word' id='word_1_368' title='bbox 1311 2490 1362 2534; x_wconf 85' lang='lat'>&amp;</span> <span class='ocrx_word' id='word_1_369' title='bbox 1398 2487 1592 2534; x_wconf 84' lang='lat' dir='ltr'>laborare</span> <span class='ocrx_word' id='word_1_370' title='bbox 1636 2487 1783 2550; x_wconf 89' lang='lat' dir='ltr'>angeli</span> <span class='ocrx_word' id='word_1_371' title='bbox 1823 2490 1904 2551; x_wconf 93' lang='lat' dir='ltr'>qui</span> <span class='ocrx_word' id='word_1_372' title='bbox 1932 2489 2064 2551; x_wconf 20' lang='lat' dir='ltr'>*apud</span> <span class='ocrx_word' id='word_1_373' title='bbox 2096 2490 2349 2548; x_wconf 89' lang='lat' dir='ltr'>hominem,</span> 
     </span>
     <span class='ocr_line' id='line_1_35' title="bbox 347 2552 2349 2619; baseline 0 -17"><span class='ocrx_word' id='word_1_374' title='bbox 347 2570 483 2618; x_wconf 88' lang='lat' dir='ltr'>quare</span> <span class='ocrx_word' id='word_1_375' title='bbox 519 2570 675 2618; x_wconf 88' lang='lat' dir='ltr'>pugna</span> <span class='ocrx_word' id='word_1_376' title='bbox 713 2556 774 2601; x_wconf 85' lang='lat' dir='ltr'>ita</span> <span class='ocrx_word' id='word_1_377' title='bbox 803 2552 1064 2600; x_wconf 89' lang='lat' dir='ltr'>describitur</span> <span class='ocrx_word' id='word_1_378' title='bbox 1101 2569 1182 2616; x_wconf 88' lang='lat' dir='ltr'>per</span> <span class='ocrx_word' id='word_1_379' title='bbox 1216 2553 1564 2616; x_wconf 88' lang='lat' dir='ltr'>multiplicando</span> <span class='ocrx_word' id='word_1_380' title='bbox 1604 2553 1903 2617; x_wconf 87' lang='lat' dir='ltr'>multiplicare</span> <span class='ocrx_word' id='word_1_381' title='bbox 1942 2554 2165 2612; x_wconf 88' lang='lat' dir='ltr'>dolorem,</span> <span class='ocrx_word' id='word_1_382' title='bbox 2200 2557 2349 2619; x_wconf 84' lang='lat' dir='ltr'>quoad</span> 
     </span>
     <span class='ocr_line' id='line_1_36' title="bbox 348 2618 2349 2690; baseline 0 -21"><span class='ocrx_word' id='word_1_383' title='bbox 348 2634 622 2685; x_wconf 89' lang='lat' dir='ltr'>conceptum</span> <span class='ocrx_word' id='word_1_384' title='bbox 646 2620 697 2667; x_wconf 77' lang='grc' dir='ltr'>ὅτ</span> <span class='ocrx_word' id='word_1_385' title='bbox 719 2620 872 2683; x_wconf 88' lang='lat' dir='ltr'>quoad</span> <span class='ocrx_word' id='word_1_386' title='bbox 894 2630 1076 2682; x_wconf 88' lang='lat' dir='ltr'>partum</span> <span class='ocrx_word' id='word_1_387' title='bbox 1098 2618 1317 2676; x_wconf 88' lang='lat' dir='ltr'>filiorum,</span> <span class='ocrx_word' id='word_1_388' title='bbox 1356 2619 1444 2666; x_wconf 91' lang='lat' dir='ltr'>hoc</span> <span class='ocrx_word' id='word_1_389' title='bbox 1463 2618 1546 2676; x_wconf 86' lang='lat' dir='ltr'>est,</span> <span class='ocrx_word' id='word_1_390' title='bbox 1581 2618 1730 2681; x_wconf 89' lang='lat' dir='ltr'>quoad</span> <span class='ocrx_word' id='word_1_391' title='bbox 1755 2619 2049 2682; x_wconf 86' lang='lat' dir='ltr'>cogitationes</span> <span class='ocrx_word' id='word_1_392' title='bbox 2080 2622 2130 2669; x_wconf 78' lang='grc' dir='ltr'>δε</span> <span class='ocrx_word' id='word_1_393' title='bbox 2149 2622 2349 2690; x_wconf 85' lang='lat' dir='ltr'>produc—</span> 
     </span>
     <span class='ocr_line' id='line_1_37' title="bbox 352 2699 2299 2748; baseline 0.001 -16"><span class='ocrx_word' id='word_1_394' title='bbox 352 2699 494 2733; x_wconf 75' lang='lat' dir='ltr'>tiones</span> <span class='ocrx_word' id='word_1_395' title='bbox 517 2702 624 2733; x_wconf 84' lang='lat' dir='ltr'>veri.</span> <span class='ocrx_word' id='word_1_396' title='bbox 2280 2736 2299 2748; x_wconf 35' lang='grc' dir='ltr'><em>ο</em></span> 
     </span>
    </p>

    <p class='ocr_par' dir='ltr' id='par_1_7' title="bbox 352 2747 2351 3214">
     <span class='ocr_line' id='line_1_38' title="bbox 421 2747 2349 2816; baseline 0.001 -17"><span class='ocrx_word' id='word_1_397' title='bbox 421 2753 530 2812; x_wconf 75' lang='grc'><strong>264.</strong></span> <span class='ocrx_word' id='word_1_398' title='bbox 569 2752 715 2815; x_wconf 76' lang='lat' dir='ltr'>Quod</span> <span class='ocrx_word' id='word_1_399' title='bbox 748 2763 991 2813; x_wconf 89' lang='lat' dir='ltr'>conceptus</span> <span class='ocrx_word' id='word_1_400' title='bbox 1026 2752 1076 2798; x_wconf 76' lang='grc' dir='ltr'>δε</span> <span class='ocrx_word' id='word_1_401' title='bbox 1108 2764 1260 2814; x_wconf 85' lang='lat' dir='ltr'>partus</span> <span class='ocrx_word' id='word_1_402' title='bbox 1293 2747 1512 2808; x_wconf 83' lang='lat' dir='ltr'>filiorum,</span> <span class='ocrx_word' id='word_1_403' title='bbox 1548 2751 1597 2797; x_wconf 83' lang='lat' dir='ltr'>in</span> <span class='ocrx_word' id='word_1_404' title='bbox 1635 2749 1808 2807; x_wconf 90' lang='lat' dir='ltr'>Verbo,</span> <span class='ocrx_word' id='word_1_405' title='bbox 1843 2767 1924 2798; x_wconf 88' lang='lat' dir='ltr'>nec</span> <span class='ocrx_word' id='word_1_406' title='bbox 1964 2751 2091 2798; x_wconf 88' lang='lat' dir='ltr'>aliter</span> <span class='ocrx_word' id='word_1_407' title='bbox 2127 2753 2349 2816; x_wconf 84' lang='lat' dir='ltr'>accipian-</span> 
     </span>
     <span class='ocr_line' id='line_1_39' title="bbox 358 2816 2351 2881; baseline 0.002 -18"><span class='ocrx_word' id='word_1_408' title='bbox 358 2829 452 2873; x_wconf 88' lang='lat' dir='ltr'>tur,</span> <span class='ocrx_word' id='word_1_409' title='bbox 486 2833 624 2880; x_wconf 90' lang='lat' dir='ltr'>quam</span> <span class='ocrx_word' id='word_1_410' title='bbox 650 2819 694 2862; x_wconf 88' lang='lat' dir='ltr'>in</span> <span class='ocrx_word' id='word_1_411' title='bbox 728 2816 846 2863; x_wconf 90' lang='lat' dir='ltr'>sensu</span> <span class='ocrx_word' id='word_1_412' title='bbox 870 2816 1098 2879; x_wconf 87' lang='lat' dir='ltr'>spirituali,</span> <span class='ocrx_word' id='word_1_413' title='bbox 1134 2833 1300 2881; x_wconf 89' lang='lat' dir='ltr'>nempe</span> <span class='ocrx_word' id='word_1_414' title='bbox 1343 2828 1586 2879; x_wconf 88' lang='lat' dir='ltr'>conceptus</span> <span class='ocrx_word' id='word_1_415' title='bbox 1618 2832 1704 2879; x_wconf 91' lang='lat' dir='ltr'>pro</span> <span class='ocrx_word' id='word_1_416' title='bbox 1744 2818 2015 2878; x_wconf 84' lang='lat' dir='ltr'>cogitatione</span> <span class='ocrx_word' id='word_1_417' title='bbox 2053 2818 2103 2864; x_wconf 88' lang='lat'>&amp;</span> <span class='ocrx_word' id='word_1_418' title='bbox 2126 2818 2351 2880; x_wconf 87' lang='lat' dir='ltr'>figmento</span> 
     </span>
     <span class='ocr_line' id='line_1_40' title="bbox 360 2881 2348 2946; baseline 0.001 -17"><span class='ocrx_word' id='word_1_419' title='bbox 360 2882 526 2938; x_wconf 90' lang='lat' dir='ltr'>cordis,</span> <span class='ocrx_word' id='word_1_420' title='bbox 552 2883 601 2929; x_wconf 74' lang='grc' dir='ltr'>δε</span> <span class='ocrx_word' id='word_1_421' title='bbox 619 2882 699 2928; x_wconf 85' lang='lat' dir='ltr'>filii</span> <span class='ocrx_word' id='word_1_422' title='bbox 717 2898 800 2944; x_wconf 88' lang='lat' dir='ltr'>pro</span> <span class='ocrx_word' id='word_1_423' title='bbox 817 2884 948 2939; x_wconf 88' lang='lat' dir='ltr'>veris,</span> <span class='ocrx_word' id='word_1_424' title='bbox 989 2882 1184 2929; x_wconf 88' lang='lat' dir='ltr'>constare</span> <span class='ocrx_word' id='word_1_425' title='bbox 1201 2881 1346 2945; x_wconf 90' lang='lat' dir='ltr'>potest</span> <span class='ocrx_word' id='word_1_426' title='bbox 1368 2898 1424 2928; x_wconf 86' lang='lat' dir='ltr'>ex</span> <span class='ocrx_word' id='word_1_427' title='bbox 1438 2882 1524 2939; x_wconf 88' lang='lat' dir='ltr'>his,</span> <span class='ocrx_word' id='word_1_428' title='bbox 1558 2897 1664 2945; x_wconf 87' lang='lat' dir='ltr'>quae</span> <span class='ocrx_word' id='word_1_429' title='bbox 1680 2883 1801 2944; x_wconf 88' lang='lat' dir='ltr'>apud</span> <span class='ocrx_word' id='word_1_430' title='bbox 1823 2881 2035 2938; x_wconf 80' lang='lat' dir='ltr'>Hoseam,</span> <span class='ocrx_word' id='word_1_431' title='bbox 2054 2884 2084 2903; x_wconf 90' lang='lat'>’&#39;</span> <span class='ocrx_word' id='word_1_432' title='bbox 2108 2883 2348 2946; x_wconf 89' lang='lat' dir='ltr'>Ephraim,</span> 
     </span>
     <span class='ocr_line' id='line_1_41' title="bbox 360 2947 2348 3010; baseline 0.002 -16"><span class='ocrx_word' id='word_1_433' title='bbox 360 2953 395 2975; x_wconf 86' lang='lat'><strong><em>“</em></strong></span> <span class='ocrx_word' id='word_1_434' title='bbox 430 2947 544 2994; x_wconf 88' lang='lat' dir='ltr'>ficut</span> <span class='ocrx_word' id='word_1_435' title='bbox 566 2949 658 2993; x_wconf 88' lang='lat' dir='ltr'>avis</span> <span class='ocrx_word' id='word_1_436' title='bbox 696 2947 887 2994; x_wconf 88' lang='lat' dir='ltr'>avolabit</span> <span class='ocrx_word' id='word_1_437' title='bbox 921 2948 1063 3010; x_wconf 85' lang='lat' dir='ltr'>gloria</span> <span class='ocrx_word' id='word_1_438' title='bbox 1080 2958 1082 2960; x_wconf 79' lang='grc'>’</span> <span class='ocrx_word' id='word_1_439' title='bbox 1100 2962 1276 3004; x_wconf 89' lang='lat' dir='ltr'>eorum,</span> <span class='ocrx_word' id='word_1_440' title='bbox 1311 2964 1337 2994; x_wconf 93' lang='lat' dir='ltr'>a</span> <span class='ocrx_word' id='word_1_441' title='bbox 1363 2958 1518 3008; x_wconf 85' lang='lat' dir='ltr'>partu,</span> <span class='ocrx_word' id='word_1_442' title='bbox 1553 2948 1604 2995; x_wconf 76' lang='grc' dir='ltr'>δε</span> <span class='ocrx_word' id='word_1_443' title='bbox 1650 2947 1706 2994; x_wconf 86' lang='lat' dir='ltr'>ab</span> <span class='ocrx_word' id='word_1_444' title='bbox 1749 2957 1899 3004; x_wconf 82' lang='lat' dir='ltr'>utero„</span> <span class='ocrx_word' id='word_1_445' title='bbox 1920 2949 1969 2994; x_wconf 72' lang='grc' dir='ltr'>δι</span> <span class='ocrx_word' id='word_1_446' title='bbox 2008 2964 2034 2994; x_wconf 89' lang='lat' dir='ltr'>a</span> <span class='ocrx_word' id='word_1_447' title='bbox 2076 2952 2348 3010; x_wconf 81' lang='lat' dir='ltr'>conceptione,</span> 
     </span>
     <span class='ocr_line' id='line_1_42' title="bbox 352 3012 2349 3079; baseline 0.002 -20"><span class='ocrx_word' id='word_1_448' title='bbox 352 3018 387 3042; x_wconf 79' lang='lat'>‘-‘</span> <span class='ocrx_word' id='word_1_449' title='bbox 419 3012 589 3059; x_wconf 88' lang='lat' dir='ltr'>etiamfi</span> <span class='ocrx_word' id='word_1_450' title='bbox 627 3013 912 3059; x_wconf 87' lang='lat' dir='ltr'>educaverint</span> <span class='ocrx_word' id='word_1_451' title='bbox 951 3013 1067 3059; x_wconf 86' lang='lat' dir='ltr'>filios</span> <span class='ocrx_word' id='word_1_452' title='bbox 1101 3012 1218 3069; x_wconf 92' lang='lat' dir='ltr'>suos,</span> <span class='ocrx_word' id='word_1_453' title='bbox 1267 3013 1317 3061; x_wconf 84' lang='lat'>&amp;</span> <span class='ocrx_word' id='word_1_454' title='bbox 1357 3013 1527 3061; x_wconf 90' lang='lat' dir='ltr'>orbabo</span> <span class='ocrx_word' id='word_1_455' title='bbox 1560 3028 1652 3069; x_wconf 90' lang='lat' dir='ltr'>eos,</span> <span class='ocrx_word' id='word_1_456' title='bbox 1703 3024 1755 3059; x_wconf 89' lang='lat' dir='ltr'>ut</span> <span class='ocrx_word' id='word_1_457' title='bbox 1778 3029 1890 3065; x_wconf 56' lang='lat' dir='ltr'>,non</span> <span class='ocrx_word' id='word_1_458' title='bbox 1937 3013 2022 3061; x_wconf 90' lang='lat' dir='ltr'>fint</span> <span class='ocrx_word' id='word_1_459' title='bbox 2053 3014 2187 3070; x_wconf 86' lang='lat' dir='ltr'>hom&#39;0‚</span> <span class='ocrx_word' id='word_1_460' title='bbox 2238 3017 2349 3079; x_wconf 86' lang='lat' dir='ltr'>quin</span> 
     </span>
     <span class='ocr_line' id='line_1_43' title="bbox 354 3077 2349 3144; baseline 0.004 -20"><span class='ocrx_word' id='word_1_461' title='bbox 354 3083 389 3105; x_wconf 87' lang='lat'><strong>“</strong></span> <span class='ocrx_word' id='word_1_462' title='bbox 423 3080 555 3125; x_wconf 88' lang='lat' dir='ltr'>etiam</span> <span class='ocrx_word' id='word_1_463' title='bbox 580 3093 653 3124; x_wconf 86' lang='lat' dir='ltr'>vae</span> <span class='ocrx_word' id='word_1_464' title='bbox 676 3079 745 3133; x_wconf 92' lang='lat' dir='ltr'>iis,</span> <span class='ocrx_word' id='word_1_465' title='bbox 781 3077 907 3140; x_wconf 91' lang='lat' dir='ltr'>quod</span> <span class='ocrx_word' id='word_1_466' title='bbox 939 3078 1145 3125; x_wconf 84' lang='lat' dir='ltr'>receffero</span> <span class='ocrx_word' id='word_1_467' title='bbox 1184 3077 1240 3124; x_wconf 91' lang='lat' dir='ltr'>ab</span> <span class='ocrx_word' id='word_1_468' title='bbox 1272 3079 1325 3124; x_wconf 89' lang='lat' dir='ltr'>iis</span> <span class='ocrx_word' id='word_1_469' title='bbox 1342 3080 1371 3099; x_wconf 90' lang='lat'>’&#39;</span> <span class='ocrx_word' id='word_1_470' title='bbox 1413 3095 1496 3127; x_wconf 85' lang='lat' dir='ltr'>1x:</span> <span class='ocrx_word' id='word_1_471' title='bbox 1552 3097 1623 3127; x_wconf 87' lang='lat'>11.</span> <span class='ocrx_word' id='word_1_472' title='bbox 1654 3095 1727 3135; x_wconf 88' lang='lat'>12,</span> <span class='ocrx_word' id='word_1_473' title='bbox 1762 3077 1841 3125; x_wconf 89' lang='lat' dir='ltr'>ubi</span> <span class='ocrx_word' id='word_1_474' title='bbox 1875 3078 2097 3142; x_wconf 80' lang='lat' dir='ltr'>Ephraim</span> <span class='ocrx_word' id='word_1_475' title='bbox 2129 3079 2349 3144; x_wconf 85' lang='lat' dir='ltr'>fignificat</span> 
     </span>
     <span class='ocr_line' id='line_1_44' title="bbox 355 3140 2346 3214; baseline -0.001 -22"><span class='ocrx_word' id='word_1_476' title='bbox 355 3143 665 3214; x_wconf 74' lang='lat' dir='ltr'>intelligentCS‚</span> <span class='ocrx_word' id='word_1_477' title='bbox 703 3142 774 3190; x_wconf 84' lang='lat' dir='ltr'>seu</span> <span class='ocrx_word' id='word_1_478' title='bbox 811 3142 1151 3208; x_wconf 83' lang='lat' dir='ltr'>intelligentiam</span> <span class='ocrx_word' id='word_1_479' title='bbox 1182 3145 1294 3199; x_wconf 90' lang='lat' dir='ltr'>veri,</span> <span class='ocrx_word' id='word_1_480' title='bbox 1328 3145 1378 3192; x_wconf 78' lang='grc' dir='ltr'>ὅτ</span> <span class='ocrx_word' id='word_1_481' title='bbox 1412 3144 1494 3191; x_wconf 81' lang='lat' dir='ltr'>filii</span> <span class='ocrx_word' id='word_1_482' title='bbox 1534 3143 1626 3206; x_wconf 87' lang='lat' dir='ltr'>ipsa</span> <span class='ocrx_word' id='word_1_483' title='bbox 1647 3160 1764 3192; x_wconf 89' lang='lat' dir='ltr'>vera.</span> <span class='ocrx_word' id='word_1_484' title='bbox 1798 3151 1805 3156; x_wconf 69' lang='grc'>“’</span> <span class='ocrx_word' id='word_1_485' title='bbox 1833 3140 2046 3194; x_wconf 73' lang='lat' dir='ltr'>Similiter</span> <span class='ocrx_word' id='word_1_486' title='bbox 2081 3145 2184 3194; x_wconf 87' lang='lat' dir='ltr'>alibi</span> <span class='ocrx_word' id='word_1_487' title='bbox 2204 3145 2262 3192; x_wconf 86' lang='lat' dir='ltr'>de</span> <span class='ocrx_word' id='word_1_488' title='bbox 2283 3145 2346 3192; x_wconf 93' lang='lat' dir='ltr'>E-</span> 
     </span>
    </p>

    <p class='ocr_par' dir='ltr' id='par_1_8' title="bbox 2144 3210 2349 3273">
     <span class='ocr_line' id='line_1_45' title="bbox 2144 3210 2349 3273; baseline -0.015 -13"><span class='ocrx_word' id='word_1_489' title='bbox 2144 3210 2349 3273; x_wconf 83' lang='lat' dir='ltr'>phraimo</span> 
     </span>
    </p>
   </div>
  </div>
 </body>
</html>
