2788 3736
803 266 1285 331 CAPUT
1377 236 1916 337 NOQNUM.
2267 304 2401 369 357

395 419 487 458 'non
524 404 671 472 potest
693 405 818 455 aliter
834 407 935 464 effe,
970 405 1110 472 quam
1126 406 1328 456 Ecclesia
1350 404 1562 472 corrupta
1587 427 1598 457 :
1634 409 1787 474 quales
1800 410 1935 470 fiunt,
1970 410 2076 460 inde
2093 412 2294 463 constare
2313 431 2400 480 po-

387 475 487 535 test,
500 474 639 540 -quod
663 473 883 538 nusquam
897 472 1095 539 aliquam
1114 474 1428 522 conscientiam
1445 473 1604 523 habere
1625 479 1791 539 poflint
1810 501 1825 534 3
1850 477 2120 528 conscientia
2133 481 2274 539 enim,
2289 499 2399 546 quae

389 542 674 600 conscientia,
711 540 933 604 nusquam
970 541 1104 588 datur
1142 540 1225 588 nist
1247 556 1306 588 ex
1327 540 1559 598 charitate,
1593 542 1782 591 charitas
1815 544 1881 592 est
1903 562 2011 609 quae
2034 545 2143 595 facit
2164 547 2398 598 conscien-

390 612 519 668 tiam,
555 609 643 657 hoc
665 607 745 665 est,
780 609 1012 671 Dominus
1040 622 1123 672 per
1154 606 1452 664 charitatem3
1487 607 1601 671 quid
1638 609 1942 659 conscientia?
1979 629 2117 677 quam
2141 630 2237 662 non
2259 615 2396 665 alicui

393 677 564 744 malum
581 674 733 723 'facere
754 689 1030 739 quocunque
1053 672 1214 731 modo,
1249 672 1325 720 seu
1346 673 1564 722 omnibus
1603 673 1716 723 bene
1751 673 1896 725 facere
1919 694 2194 745 quocunque
2229 683 2392 741 modo,

389 746 451 792 ita
468 742 736 806 conscientia
756 741 821 789 est
852 741 1091 798 chax-itane,
1127 739 1351 804 nusquam
1376 740 1483 789 fidei
1506 739 1716 806 separatae
1756 758 1782 790 a
1817 743 2065 802 charitate;
2103 748 2134 793 fi
2170 747 2321 812 aliqua
2340 751 2396 798 iis

389 810 675 866 conscientia,
710 809 775 856 est
803 805 1070 857 conscientia
1090 804 1210 864 falsa,
1246 806 1305 855 de
1342 824 1436 872 qua
1459 807 1668 868 videatur
1698 810 1861 872 prius·,
1898 811 1948 858 &
1970 812 2077 874 quia
2099 812 2261 877 absque
2284 831 2393 864 con-

391 877 590 934 scientia,
627 879 674 924 in
695 886 834 924 omne
850 872 973 922 nefas
997 886 1151 931 ruunt,
1187 886 1412 938 quantum
1435 875 1620 923 vincula
1641 887 1826 924 externa
1847 877 1901 923 iis
1933 879 2259 928 remittuntur:
2297 883 2395 930 imo

391 961 473 992 nec
499 943 644 991 sciunt
665 941 781 1007 quid
803 941 1011 998 charitas,
1046 940 1193 990 solum
1217 940 1346 1005 quod
1378 941 1435 988 fit
1456 956 1556 990 vox
1581 941 1835 1006 significans
1851 943 2024 1007 aliquid
2045 966 2061 1000 ·,
2095 945 2147 992 &
2170 947 2280 1010 quia
2294 947 2391 995 abs-

387 1027 477 1075 que
500 1010 710 1058 charitate
733 1009 850 1067 sunt,
874 1025 956 1056 nec
971 1007 1124 1055 sciunt
1137 1008 1253 1071 quid
1276 1005 1390 1055 fides
1409 1030 1424 1064 ;
1459 1023 1569 1055 cum
1587 1009 1937 1074 interrogantur,
1957 1027 2048 1058 non
2066 1011 2249 1075 poffunt
2265 1013 2392 1063 aliter

390 1077 672 1142 respondere,
707 1091 848 1141 quam
871 1074 1014 1138 *quod
1037 1074 1093 1133 fit
1121 1074 1340 1138 cogitatio
1362 1074 1597 1138 quaedam,
1633 1076 1824 1140 quidam
1846 1078 1974 1142 quod
2009 1078 2064 1125 fit
2091 1079 2386 1138 confidentia,

387 1144 597 1209 aliiquod
605 1143 691 1190 fint
706 1142 988 1205 cognitiones
997 1139 1119 1199 fidei,
1129 1141 1262 1205 pauci
1274 1141 1402 1206 quod
1417 1141 1572 1190 fitvita
1579 1140 1828 1190 secundum
1839 1145 2140 1208 cognitioneS‚
2153 1146 2204 1193 &
2221 1148 2302 1194 vix
2311 1149 2393 1196 ulli

387 1212 516 1275 quod
559 1209 613 1257 fit
635 1211 731 1256 vita
752 1208 978 1256 charitatis
1001 1206 1074 1255 seu
1098 1209 1264 1256 amoris
1301 1211 1451 1256 mutui
1481 1231 1495 1265 ;
1528 1206 1652 1272 sique
1692 1210 1779 1258 hoc
1804 1212 1856 1258 iis
1891 1212 2076 1268 dicitur,
2111 1211 2161 1259 &
2178 1212 2311 1262 datur
2335 1217 2390 1263 iis

387 1279 518 1342 copia
532 1275 806 1333 reflectendi,
842 1291 934 1322 non
951 1273 1076 1322 aliter
1099 1274 1386 1340 respondent,
1421 1291 1562 1339 quam
1587 1276 1713 1339 quod
1743 1280 1893 1326 omnis
1925 1294 2056 1326 amor
2078 1279 2264 1343 incipiat
2284 1297 2310 1329 a
2332 1281 2392 1340 se,

387 1345 439 1392 &
463 1343 590 1408 quod
624 1340 753 1407 pejor
783 1341 965 1390 ethnico
1003 1341 1058 1388 fit
1080 1342 1161 1406 qui
1182 1341 1263 1389 fibi
1287 1343 1337 1389 δε
1367 1341 1454 1389 suis
1478 1357 1570 1391 non
1595 1341 1804 1402 consulit,
1839 1361 1977 1409 quare
2009 1345 2121 1392 nihil
2145 1346 2226 1393 nisi
2249 1363 2392 1411 quam

391 1410 475 1458 fibi
510 1410 695 1457 student
717 1425 768 1457 ac
801 1408 984 1472 mundo
1009 1430 1024 1464 ;
1061 1409 1166 1456 inde
1205 1408 1276 1466 fit,
1308 1408 1436 1473 quod
1466 1410 1514 1457 in
1536 1411 1726 1474 proprio
1769 1413 1929 1459 vivant
1953 1433 1968 1468 ;
2003 1412 2131 1475 quod
2154 1413 2286 1476 quale
2308 1414 2390 1472 est,

387 1476 780 1543 prius'aliquoties‘
789 1474 1065 1539 descriptum
1083 1474 1181 1532 est3
1217 1475 1266 1522 hi
1299 1474 1401 1523 sunt
1422 1477 1505 1540 qui
1518 1489 1743 1524 vocantur
1757 1477 1921 1526 Cham.

458 1560 598 1610 1077.
635 1544 762 1609 Qia
782 1542 866 1601 illi,
886 1543 982 1607 ⁴qui
1012 1541 1227 1591 Cham&
1251 1542 1430 1591 Canaan
1453 1543 1527 1591 hic
1557 1556 1796 1602 vocantur,
1831 1545 1919 1593 hoc
1942 1545 2022 1602 est,
2090 1547 2138 1593 ui
2162 1546 2303 1595 fidem
2318 1547 2386 1596 se-

372 1623 541 1678 parant
557 1628 582 1659 a
604 1610 833 1668 charitate,
870 1611 915 1658 &
934 1610 1041 1657 inde
1065 1611 1112 1657 in
1128 1611 1325 1657 externis
1344 1608 1491 1658 solum
1509 1623 1686 1675 ponunt
1703 1611 1900 1670 cultum,
1936 1629 2030 1660 non
2054 1562 2163 1661 {ire
2189 1615 2389 1678 possunt,

385 1679 499 1743 quid
530 1679 579 1726 ὅτ
605 1678 727 1724 unde
752 1675 1037 1735 conscientia,
1073 1677 1229 1740 paucis
1259 1675 1536 1726 dicendum:
1572 1677 1857 1725 Conscientia
1896 1677 2119 1727 formatur
2168 1697 2251 1744 per
2283 1697 2391 1730 vera

385 1746 511 1802 fidei,
549 1761 654 1791 nam
677 1743 804 1807 quod
829 1743 972 1790 homo
1006 1744 1198 1800 audivit,
1234 1744 1423 1806 agnovit
1466 1744 1518 1791 &
1552 1744 1761 1800 credidit,
1797 1744 1884 1792 hoc
1925 1744 2242 1794 conscientiam
2264 1741 2388 1812 apud

383 1828 491 1859 eum
515 1809 638 1867 facit,
674 1810 779 1856 dein
802 1825 933 1872 agere
962 1821 1119 1857 contra
1141 1809 1232 1866 illa,
1266 1811 1308 1856 ei
1330 1809 1393 1856 est
1417 1825 1550 1872 agere
1588 1823 1745 1858 contra
1766 1811 2100 1869 conscientiam,
2135 1808 2264 1876 quod
2288 1814 2387 1863 satis

383 1875 613 1926 manifeste
636 1874 836 1923 constare
852 1876 1078 1923 unicuivis
1100 1875 1247 1940 potest
1266 1898 1281 1931 3
1317 1875 1424 1925 inde
1439 1875 1519 1933 est,
1554 1877 1635 1924 nifi
1657 1893 1764 1924 vera
1785 1877 1892 1925 fidei
1931 1878 2035 1936 sint,
2071 1895 2178 1942 quae
2216 1881 2385 1938 audiat,

381 1943 591 2008 agnoscat
610 1945 660 2006 &
677 1943 844 1999 credat,
862 1942 990 2006 quod
1014 1942 1235 2006 nusquam
1259 1943 1299 1989 ei
1322 1945 1456 2006 poffit
1471 1943 1554 1990 effe
1576 1943 1853 1992 conscientia
1873 1961 1979 1992 vera
2004 1968 2019 2001 3
2055 1961 2162 1992 narn
2185 1962 2266 2010 per
2281 1963 2388 1996 vera

381 2011 510 2067 fidei,
534 2022 745 2074 operante
767 2010 977 2056 Domino
1000 2010 1046 2056 in
1061 2009 1288 2067 charitate,
1325 2022 1610 2073 regenemtur
1625 2011 1785 2069 homo,
1821 2013 1883 2058 ita
1898 2027 1981 2075 per
2003 2011 2076 2059 illa
2089 2013 2254 2076 accipit
2274 2030 2385 2061 con-

380 2077 627 2133 scientiam,
663 2076 818 2140 estque
840 2075 1107 2123 conscientia
1143 2075 1234 2141 ipse
1257 2092 1403 2124 novus
1427 2076 1600 2126 homo:
1636 2078 1742 2125 inde
1765 2077 1954 2135 constat,
1988 2078 2116 2142 quod
2148 2095 2254 2127 vera
2276 2080 2384 2129 fidei

378 2145 465 2192 sint
493 2143 659 2200 media,
695 2154 748 2190 ut
771 2142 870 2199 fiat,
905 2143 992 2190 hoc
1016 2142 1096 2200 est,
1135 2157 1186 2191 ut
1217 2145 1346 2191 vivat
1385 2143 1529 2191 homo
1571 2143 1822 2192 secundum
1846 2143 1923 2192 illa
1945 2161 2053 2208 quae
2084 2145 2197 2192 fides
2227 2146 2379 2205 docet,
2411 2167 2415 2173 ·

374 2209 506 2276 cujus
529 2209 775 2275 principale
810 2209 875 2256 est
897 2225 1044 2258 amare
1066 2211 1327 2258 Dominum
1352 2209 1482 2274 supra
1505 2211 1675 2269 omnia,
1710 2212 1759 2259 ὅτ
1785 2213 2055 2276 proximum
2082 2224 2134 2259 ut
2155 2211 2321 2270 semet3
2347 2214 2381 2262 fi

378 2294 471 2325 non
495 2279 624 2324 vivat
647 2276 896 2338 secundum
919 2276 1010 2334 illa,
1045 2277 1159 2341 quid
1180 2277 1310 2337 fides,
1348 2278 1428 2326 nisi
1446 2280 1575 2325 inane
1597 2278 1730 2343 quid,
1766 2279 1816 2326 δε
1841 2293 1935 2326 vox
1953 2278 2126 2336 sonans,
2161 2293 2237 2327 aut
2259 2280 2381 2345 sepa-

380 2355 530 2405 ratum
555 2343 668 2407 quid
684 2359 710 2390 a
730 2344 824 2390 Vita
844 2343 1033 2400 coelesti,
1069 2345 1116 2391 in
1140 2359 1236 2409 quo
1252 2343 1692 2410 separato‘nusquam
1715 2345 1862 2409 aliqua
1879 2345 1990 2393 salus
2011 2368 2026 2402 ;
2062 2362 2169 2393 nam
2200 2348 2382 2395 credere

376 2422 611 2475 utcunque
634 2409 776 2456 homo
796 2410 932 2467 vivit,
955 2410 1246 2476 quod'usque
1270 2411 1428 2460 salvari
1448 2415 1599 2477 poffit,
1611 2413 1753 2460 modo
1776 2412 1931 2461 habeat
1955 2412 2188 2469 fidem,‘est
2212 2414 2378 2472 dicere,

376 2476 411 2524 fi
428 2477 501 2524 vel
527 2476 697 2523 nullam
715 2475 977 2523 charitatem
993 2477 1170 2535 habeat,
1207 2481 1256 2525 δε
1289 2479 1323 2526 fi
1352 2479 1425 2526 vel
1451 2480 1623 2529 nullam
1647 2479 1981 2536 conscientiam,
2017 2480 2141 2543 quod
2167 2479 2377 2538 salvetur,

372 2543 470 2607 hoc
487 2542 567 2602 est,
592 2543 624 2590 fi
650 2542 723 2589 vel
749 2543 793 2588 in
819 2542 953 2599 odiis,
989 2543 1036 2590 in
1058 2544 1288 2602 vindieiiS,
1314 2547 1361 2593 in
1385 2548 1566 2609 rapinis,
1603 2548 1649 2594 in
1666 2546 1910 2603 adulteriis,
1928 2545 2071 2593 verbo
2094 2548 2141 2594 in
2158 2548 2374 2595 omnibus

373 2611 606 2667 contrariis
630 2609 832 2656 charitati
852 2609 905 2656 &
929 2608 1230 2666 conscientiae,
1264 2611 1435 2674 degat,
1456 2613 1599 2660 modo
1615 2613 1759 2660 fidem
1783 2612 1954 2669 habeat,
1992 2612 2162 2660 etiamsi
2180 2612 2294 2661 foret
2327 2615 2375 2660 in

372 2678 536 2725 ultima
576 2677 734 2724 mortis
758 2675 881 2733 hora,
918 2676 1045 2739 quod
1069 2675 1222 2723 salvari
1246 2680 1380 2740 poflit
1406 2700 1420 2733 ;
1457 2679 1714 2742 expendant
1754 2695 1893 2735 nunc,
1928 2694 2038 2726 cum
2062 2679 2110 2725 in
2146 2681 2374 2743 principio

373 2757 469 2791 tam
492 2743 599 2791 falso
622 2742 740 2799 sunt,
764 2743 1000 2806 quodnam
1024 2759 1187 2789 verum
1235 2744 1342 2791 fidei
1364 2744 1435 2802 sit,
1470 2744 1598 2808 quod
1634 2743 1830 2797 formare
1868 2760 2028 2791 eorum
2054 2745 2372 2794 conscientiam

371 2812 521 2875 postit,
555 2826 721 2867 annon,
757 2809 885 2874 quod
908 2807 1069 2856 falsum
1097 2832 1110 2865 ς
1150 2811 1179 2856 fi
1204 2811 1318 2873 quid
1335 2810 1618 2870 conscientiae
1640 2810 1681 2858 se
1704 2811 1864 2858 habere
1885 2823 2064 2874 putant,
2101 2810 2202 2859 sunt
2226 2815 2373 2862 modo

367 2877 549 2924 vincula
569 2889 766 2934 externa,
801 2892 967 2939 nempe
990 2877 1131 2924 timor
1153 2877 1282 2940 legis,
1300 2877 1499 2935 honoris,
1535 2879 1666 2934 lucri,
1702 2876 1838 2925 famae
1860 2878 1922 2925 ob
1946 2877 2036 2935 illa,
2072 2894 2178 2942 quae
2198 2877 2372 2929 faciunt

363 2942 492 3006 apud
524 2958 600 2989 eos
623 2943 670 2990 id
693 2943 819 3006 quod
842 2956 1012 2991 vocant
1047 2943 1383 3001 conscientiam,
1422 2944 1665 2992 nefflscilicet
1699 2944 1871 2991 laedant
1908 2946 2193 3008 proximum,
2226 2959 2370 3011 utque

366 3012 409 3056 ei
432 3008 546 3055 bene
568 3005 757 3064 faciant3
793 3009 867 3057 sed
890 3012 1107 3074 quoniam
1132 3027 1226 3059 non
1240 3012 1305 3059 est
1321 3012 1605 3069 conscientia,
1639 3011 1746 3076 quia
1767 3027 1860 3058 non
1884 3011 2087 3070 charitas,
2112 3013 2217 3060 ideo
2239 3014 2366 3070 tales,

367 3074 566 3123 vinculis
603 3074 692 3122 illis
714 3077 898 3123 remiffis
921 3075 995 3124 seu
1020 3077 1191 3136 solutis,
1226 3080 1274 3126 in
1309 3078 1601 3126 scelestiflima
1624 3081 1674 3126 &
1697 3078 2034 3126 obscoeniffima
2052 3091 2204 3127 ruunt.
2275 3080 2366 3126 Sed

367 3141 496 3190 aliter
517 3140 694 3205 prorsus
717 3140 760 3187 se
781 3139 914 3189 habet
935 3143 1172 3202 cumillis,
1207 3147 1287 3210 qui
1320 3146 1495 3194 tametfi
1519 3146 1750 3203 dixerunt,
1785 3145 1914 3209 quod
1948 3144 2037 3193 sola
2058 3146 2171 3192 fides
2208 3144 2361 3201 salvet,

366 3209 418 3257 &
442 3206 580 3272 usque
620 3209 834 3256 vixerunt
869 3210 1012 3258 vitam
1037 3209 1292 3271 chasitatis3
1329 3229 1433 3262 narn
1457 3215 1504 3261 in
1527 3213 1713 3263 illorum
1753 3211 1846 3280 fide
1877 3212 2062 3261 charitas
2096 3210 2185 3259 fuit
2208 3227 2234 3257 a
2261 3213 2362 3256 Do-

367 3290 508 3323 mino.

2223 3345 2362 3407 1078.
