2788 3736
1301 263 1431 297 '³²75
1490 277 1539 311 ’,Ὗ

436 308 567 375 285
912 283 1038 372 ‘G
1130 279 1203 369 E'
1286 306 1370 370 N
1450 305 1516 369 >E
1610 278 1824 370 ss?
1879 284 2000 370 5·.

425 452 672 516 {spiritualia
695 450 819 508 fidei,
857 451 902 498 in
928 466 1089 515 genere
1113 451 1335 515 quicquid
1359 461 1542 514 gratum
1566 449 1671 496 inde
1692 472 1707 506 ·,
1749 460 1800 497 ut
1827 449 1948 513 apud
1971 449 2278 509 Ezechielem,
2318 459 2352 481 ‘⁶
2387 451 2446 501 In'

432 527 465 548 “
504 531 658 567 monte
683 518 919 566 sancititatis
944 533 1077 575 meae,
1114 519 1160 564 in
1187 530 1342 565 monte
1368 517 1616 564 altitudinis
1642 515 1825 574 Israeli3‚
1861 516 1924 564 ibi
1947 515 2136 566 servient
2153 520 2275 567 Mihi
2290 522 2440 568 omnis

433 592 465 614 “
501 587 669 636 domus
692 585 858 634 Israelis
882 597 978 633 tota
1011 586 1058 632 in
1090 597 1220 642 terra,
1257 585 1319 632 ibi
1344 594 1531 646 acceptos
1548 584 1711 645 <habebo
1736 582 1870 640 illos;
1907 583 1956 631 &
1981 583 2044 635 ibi
2065 600 2270 649 quaeram
2296 587 2440 635 subla«

432 658 466 680 “
501 655 647 700 tiones
672 651 851 710 vestras,
887 653 937 700 &
972 653 1193 716 primitias
1222 667 1466 699 munerum
1506 649 1760 698 vestrorum
1795 652 1842 697 in
1881 649 2095 698 omnibus
2132 650 2440 702 sanffificatio-

431 724 466 746 “
502 720 634 767 nibus
656 718 828 776 vestris,
866 735 947 783 per
971 718 1131 766 odorem
1155 721 1306 783 quietis
1328 728 1518 780 acceptos
1541 717 1698 765 habebo
1722 718 1858 774 vos,’'
1895 733 1980 764 xx:
2006 735 2089 778 40,
2115 735 2193 778 41.
2229 719 2308 766 ubi
2327 720 2443 769 odor

431 787 594 849 quietis
619 785 891 851 praedicatur
923 785 980 833 de
1016 784 1282 832 holocaustis
1306 787 1355 833 δε
1379 784 1659 842 muneribus,
1694 783 1783 832 hoc
1798 783 1877 840 est,
1915 783 1971 831 de
1996 784 2123 832 cultu
2145 801 2201 831 ex
2231 784 2442 835 charitate

433 854 482 900 δε
507 851 600 916 ejus
625 852 734 910 fide,
771 854 852 916 qui
874 868 954 916 per
978 852 1233 899 holocausta
1266 853 1315 900 &
1342 868 1529 899 munera
1551 850 1844 915 significatur,
1880 851 1930 898 δε
1969 850 2075 899 inde
2111 863 2320 916 acceptus
2360 853 2440 911 est,

433 920 562 982 quod
586 919 648 968 est
671 920 813 966 odor:
850 918 974 983 apud
998 920 1166 976 Amos,
1205 924 1238 946 “
1274 918 1390 975 Odi,
1435 918 1674 982 reprobavi
1697 915 1805 965 festa
1843 916 2004 974 vestra,
2040 918 2090 965 &
2124 934 2215 966 non
2239 919 2473 981 odorabqr-

432 990 469 1027 ‘5
505 986 758 1041 ceffati'ones
782 984 961 1043 vestras,
997 987 1104 1048 quia
1127 986 1158 1033 fi
1183 984 1434 1033 obtuleritis
1452 985 1576 1032 Mihi
1601 983 1858 1032 holocausta
1879 984 1929 1031 δε
1956 1000 2142 1032 munera
2163 983 2322 1044 vestra,
2338 1003 2441 1042 ¹non

436 1057 471 1079 “
506 1062 676 1114 accepta
701 1053 873 1108 erunt,”
909 1068 970 1099 v:
1009 1069 1087 1109 21,
1125 1067 1201 1101 22.
1240 1051 1302 1100 ibi
1350 1048 1580 1100 manifeste
1625 1051 1754 1114 quod
1786 1051 2010 1114 significet
2045 1064 2229 1114 gratum
2269 1065 2346 1100 aut
2368 1070 2440 1101 ac·-

437 1131 639 1183 ceptum.
710 1120 784 1166 De
808 1118 928 1166 Isaeo
962 1117 1262 1166 benedicente.
1281 1117 1456 1180 Jacobo
1478 1133 1563 1182 pro
1587 1116 1750 1174 Esavo‚
1786 1116 1970 1180 legitur,
2014 1122 2048 1144 “
2073 1118 2198 1165 Cum
2216 1120 2445 1168 accederet

438 1191 473 1212 “
508 1186 668 1247 Jacob,
705 1186 754 1232 δε
778 1184 948 1233 Isaacus
972 1183 1191 1232 osculatus
1215 1201 1339 1242 eum,
1377 1186 1426 1231 δε
1450 1184 1699 1231 odoraretur
1734 1183 1895 1231 odorem
1923 1182 2116 1231 vestium
2139 1182 2252 1248 ejus,
2287 1188 2337 1234 δε
2369 1186 2445 1235 be·

440 1256 474 1279 “
511 1252 681 1298 nedixit
705 1251 761 1307 ei,
799 1252 847 1297 &
873 1251 1006 1306 dixit,
1044 1251 1167 1307 vide,
1204 1250 1322 1298 Odor
1355 1250 1435 1296 filii
1471 1250 1577 1302 mei,
1614 1249 1727 1296 ficut
1750 1249 1850 1297 odor
1869 1250 1984 1312 agri,
2019 1250 2094 1297 cui
2118 1249 2348 1300 benedixit
2367 1254 2445 1315 Je-

440 1322 474 1345 “
509 1317 708 1374 hovah‚”
745 1317 880 1364 Gen:
907 1332 1081 1366 xxvu:
1121 1318 1200 1373 26,
1240 1332 1314 1382 27.
1353 1316 1467 1364 odor
1489 1314 1682 1363 vestium
1713 1314 1936 1379 fignificat
1966 1316 2161 1363 naturale
2185 1316 2359 1366 bonum
2392 1320 2442 1367 δε

438 1399 617 1441 verum,
654 1383 781 1447 quod
805 1395 989 1447 gratum
1014 1400 1070 1430 ex
1096 1384 1423 1431 concordantia
1445 1399 1554 1430 cum
1579 1381 1748 1430 coelesti
1772 1383 1823 1430 ὅτ
1857 1379 2071 1447 spirituali
2095 1381 2217 1431 bono
2240 1385 2288 1432 &
2312 1400 2440 1443 vero,

438 1447 568 1514 cujus
592 1450 824 1513 gratitudo
855 1448 1119 1496 describitur
1143 1466 1233 1514 ‘per
1261 1450 1451 1498 odorem
1481 1450 1591 1513 agri.
2446 1465 2457 1470 ·

508 1518 617 1582 926.
656 1516 802 1576 Qod
826 1516 942 1564 dixit
966 1516 1173 1578 Jehovah
1209 1518 1255 1564 in
1301 1516 1438 1564 corde
1478 1514 1574 1573 suo,
1615 1514 1839 1579 significet
1871 1514 1999 1579 quod
2037 1516 2096 1563 ita
2122 1532 2215 1564 non
2249 1517 2444 1581 amplius

441 1583 584 1640 fieret,
621 1599 677 1629 ex
701 1582 986 1646 sequentibus
1018 1582 1216 1632 constat:
1268 1582 1470 1646 quando*
1487 1581 1546 1629 de
1568 1581 1776 1643 Jehovah
1813 1581 2103 1645 praedicatur,
2138 1583 2266 1646 quod
2306 1584 2444 1642 dicat,

442 1665 535 1697 non
569 1648 688 1695 aliud
714 1648 795 1706 est,
830 1665 969 1712 quam
993 1649 1121 1711 quod
1145 1650 1206 1696 ita
1229 1649 1304 1695 vel
1336 1664 1430 1695 non
1462 1648 1523 1694 ita
1561 1647 1615 1694 sit
1639 1659 1716 1694 aut
1739 1646 1836 1704 fiat,
1871 1663 1976 1694 narn
2011 1647 2067 1694 de
2091 1649 2298 1708 Jehovah
2336 1651 2447 1699 nihil

444 1715 567 1763 aliud
608 1715 700 1762 dici
733 1715 876 1779 potest
913 1730 1052 1779 quam
1079 1713 1190 1763 Est:
1242 1730 1350 1778 quae
1384 1715 1430 1761 in
1474 1713 1630 1761 Verbo
1661 1714 1819 1778 paffim
1858 1712 2165 1775 praedicantur
2210 1714 2266 1762 de
2306 1717 2447 1777 Jeho-
2476 1718 2485 1721 ’

446 1781 550 1839 vah,
587 1798 671 1846 pro
696 1782 747 1828 iis
772 1780 890 1838 sunt,
926 1784 1005 1845 qui
1028 1780 1139 1828 nihil
1157 1796 1312 1844 capere
1335 1780 1517 1844 possunt
1540 1779 1621 1827 nisi
1644 1795 1703 1826 ex
1725 1778 1888 1826 talibus
1912 1794 2018 1843 quae
2041 1780 2163 1843 apud
2195 1780 2449 1841 hominem,

444 1864 581 1911 quare
605 1846 747 1895 sensus
772 1848 912 1895 literae
936 1848 1034 1895 talis
1058 1847 1120 1894 est
1140 1870 1153 1903 ;
1191 1847 1416 1912 simplices
1439 1846 1575 1894 corde
1599 1861 1655 1893 ex
1677 1845 1945 1910 apparentiis
1969 1845 2092 1909 apud
2121 1845 2355 1896 hominem
2379 1851 2447 1897 in-
2520 1897 2523 1900 ,

446 1913 554 1961 strui
586 1914 785 1979 possunt,
823 1930 927 1961 nam
957 1914 1075 1961 ultra
1107 1914 1387 1976 cognitiones
1413 1928 1469 1961 ex
1492 1911 1762 1960 sensualibus
1787 1912 1866 1958 vix
1899 1910 2091 1969 vadunt,
2127 1929 2264 1976 quare
2295 1914 2449 1964 secun-

448 1980 564 2027 dum
598 1992 783 2092 cpptum
806 1996 966 2028 eorum
1005 1980 1253 2044 loquuturn
1280 1980 1343 2028 est
1379 1981 1429 2026 in
1452 1978 1635 2035 Verbo;
1671 1979 1732 2027 ita
1760 1977 1833 2025 hic
1856 1978 1985 2041 quod
2008 1978 2221 2045 Jehovah)
2249 1981 2367 2029 dixit
2398 1983 2446 2030 in

450 2047 591 2094 corde
636 2063 709 2094 uo.

514 2128 625 2177 927.
660 2113 773 2160 Non
798 2112 963 2160 addam
987 2112 1251 2161 maledicere
1283 2112 1479 2177 amplius
1510 2111 1672 2169 humo,
1708 2121 1895 2175 propter
1923 2109 2176 2170 hominem,
2211 2113 2338 2176 quod
2360 2113 2449 2178 fig-

448 2178 620 2236 nificet,
656 2179 784 2242 quod
806 2178 948 2227 homo
972 2195 1064 2227 non
1089 2180 1283 2244 amplius
1302 2181 1362 2227 ita
1383 2180 1426 2226 se
1442 2189 1631 2235 avertet,
1667 2177 1781 2225 ficut
1804 2178 1945 2224 homo
1968 2193 1993 2226 e
2018 2178 2272 2242 posteritate
2289 2179 2448 2228 Eccle-

448 2244 524 2292 fiae
546 2246 904 2308 Antiquiffimae,
939 2245 1111 2293 constat
1133 2246 1188 2293 ab
1211 2246 1315 2302 illis,
1351 2261 1458 2308 quae
1494 2246 1621 2308 prius
1661 2243 1718 2291 de
1748 2244 2089 2307 Antiquiffimae
2113 2245 2330 2297 Ecclesiae
2364 2263 2448 2311 po-

447 2310 639 2359 steritate
662 2311 780 2359 dieta
802 2311 933 2368 sunt;
970 2311 1097 2375 quod
1121 2311 1388 2359 maledicere
1412 2310 1635 2374 significet
1659 2311 1708 2357 in
1729 2308 1852 2357 sensu
1876 2311 2054 2358 interno
2077 2310 2118 2357 se
2142 2311 2353 2369 avertere,
2379 2314 2448 2361 vi-

450 2377 607 2424 deatur
645 2379 788 2442 prim,
825 2395 882 2427 n:
912 2394 1023 2441 223,
1064 2394 1173 2440 245.
1245 2378 1504 2443 Qomodo
1536 2376 1635 2424 haec
1672 2378 1721 2424 δε
1762 2375 1988 2439 sequentia
2025 2376 2066 2424 se
2104 2376 2284 2435 habent,
2320 2380 2448 2443 quod

450 2459 615 2507 nempe
632 2443 776 2491 homo
798 2443 840 2491 se
862 2444 1057 2508 amplius
1078 2460 1171 2491 non
1194 2445 1256 2491 ita
1278 2455 1447 2491 avertet
1470 2443 1583 2490 ficut
1605 2443 1747 2490 homo
1771 2444 2112 2506 Antiquiffimae
2133 2444 2363 2503 Ecclefiae,
2399 2447 2449 2494 &
2518 2433 2544 2496 ‚¹

451 2510 578 2574 quod
603 2525 694 2557 non
719 2510 915 2574 amplius
948 2509 1197 2574 se‘perdere
1219 2512 1403 2574 poterit,
1444 2504 1643 2557 constare
1666 2510 1801 2557 etiam
1834 2508 1983 2572 potest
2021 2510 2219 2567 abillis,
2255 2528 2361 2574 quae
2393 2511 2451 2559 de

452 2577 793 2640 Antiquiffimae
825 2576 1037 2624 Ecclefiae
1078 2576 1279 2640 posteris,
1329 2577 1409 2640 qui
1446 2577 1689 2639 perierunt,
1735 2577 1784 2624 &
1831 2575 1889 2623 de
1929 2592 2048 2624 nova
2079 2577 2292 2634 Ecclefia,
2342 2583 2463 2640 quae’

451 2642 670 2690 Noachus
693 2654 901 2700 vocatur,
926 2645 1049 2707 prius
1074 2643 1195 2690 dista
1216 2642 1348 2698 sunt3
1384 2659 1548 2708 nempe
1570 2642 1698 2707 quod
1722 2640 2061 2706 Antiquiffimae
2079 2642 2290 2689 Ecciefiae
2308 2643 2452 2708 homo

452 2709 551 2756 talis
575 2707 726 2766 fuerit,
761 2710 888 2773 quod
904 2709 1114 2757 voluntas
1138 2710 1187 2756 ὅτ
1213 2708 1460 2757 intellectus
1495 2709 1618 2772 apud
1657 2725 1766 2756 eum
1795 2707 1933 2755 unam
1975 2719 2176 2755 mentem
2213 2708 2451 2757 constitue·

453 2775 528 2830 rit,
575 2774 647 2822 seu
671 2776 798 2838 quod
819 2775 941 2840 apud
963 2792 1071 2823 eum
1094 2791 1222 2823 amor
1242 2775 1532 2839 implantatus
1563 2773 1700 2825 fuerit
1734 2776 1780 2820 in
1819 2785 1943 2837 parte
1973 2771 2067 2835 ejus
2095 2774 2365 2832 voluntaria,
2403 2777 2453 2824 &

456 2840 517 2888 fic
542 2839 675 2887 simul
705 2842 837 2899 fides3
869 2859 974 2905 quae
1008 2842 1226 2905 implebat
1249 2842 1433 2890 alteram
1462 2843 1627 2889 mentis
1661 2837 1757 2903 ejus
1779 2845 1952 2901 partem
1977 2838 2050 2885 seu
2074 2839 2416 2888 intellectualem
2438 2865 2452 2899 3

457 2905 621 2968 posteri
649 2923 808 2955 eorum
839 2924 895 2955 ex
929 2908 1214 2956 haereditario
1253 2908 1358 2955 inde
1391 2918 1635 2961 traxerunt,
1686 2904 1814 2968 quod
1844 2903 2054 2950 voluntas
2091 2921 2250 2953 eorum
2300 2909 2348 2955 δε
2383 2909 2452 2955 in-

458 2971 659 3019 tellectus
683 2988 829 3020 unum
850 2972 1079 3029 facerent;
1115 2989 1252 3037 quare
1284 2988 1392 3019 cum
1417 2987 1544 3019 amor
1566 2971 1649 3026 sui,
1686 2972 1735 3017 ὅτ
1761 2969 1865 3016 inde
1888 2969 2062 3017 vesanae
2085 2973 2349 3036 cupiditates
2375 2990 2453 3021 oc-

461 3053 625 3101 cupare
658 3050 892 3103 caeperunt
928 3052 1101 3102 partem
1136 3054 1296 3087 eorum
1329 3036 1647 3103 voluntariam,
1683 3035 1763 3083 ubi
1802 3035 1926 3100 prius
1959 3053 2087 3083 amor
2125 3039 2170 3097 in
2194 3040 2454 3087 Dominum

462 3104 510 3150 &
545 3102 732 3151 charitas
773 3119 883 3165 ergo
921 3107 1204 3167 proximum,
1253 3115 1363 3151 tunc
1403 3119 1495 3150 non
1534 3103 1679 3150 solum
1714 3118 1816 3167 pars
1849 3102 2102 3150 voluntaria
2138 3103 2212 3152 seu
2246 3105 2454 3153 voluntas

463 3169 640 3233 prorsus
663 3169 866 3234 perversa
887 3167 1002 3217 fa&a
1022 3170 1101 3226 est,
1138 3169 1213 3218 sed
1234 3171 1368 3217 etiam
1383 3169 1516 3216 simul
1539 3185 1641 3233 pars
1659 3168 1964 3217 intellectualis
1982 3169 2054 3216 seu
2079 3170 2345 3228 intellectus,
2379 3187 2455 3217 eo-

463 3240 553 3300 qt'1e
576 3238 721 3301 magis
746 3252 854 3285 cum
878 3235 1039 3284 ultima
1059 3235 1289 3300 posteritas
1313 3235 1532 3284 immersit
1555 3234 1876 3300 cupiditatibus
1900 3233 2121 3294 falsitateS,
2159 3238 2208 3284 δε
2231 3236 2336 3283 inde
2360 3237 2457 3283 Ne-

2298 3302 2461 3366 philim
