2788 3736
927 283 1359 349 CAPUT
1451 284 1934 349 NoNUM.
2176 374 2179 377 Α
2286 314 2415 380 333

480 418 618 470 1026.
656 418 781 466 Cum
804 417 933 466 omni
952 418 1103 465 anima
1137 419 1247 467 viva
1278 434 1385 483 quae
1422 433 1533 466 cum
1572 417 1721 476 vobiS,
1755 418 1883 482 quod
1907 415 2228 482 fignificent‘in
2257 434 2422 484 genere

405 487 563 535 omnia
581 501 688 549 quae
711 484 833 549 apud
855 484 1091 532 hominem
1117 497 1372 548 regenerata
1401 481 1519 542 sunt,
1561 485 1761 533 constare
1796 483 1944 549 potest
1973 484 2031 532 ab
2053 485 2141 533 illis
2172 501 2281 550 φιτ
2303 501 2422 550 prae-

409 553 594 611 cedunt,
628 552 679 600 δε
703 552 759 599 ab
781 551 868 598 illis
890 567 998 615 quae
1020 549 1282 615 sequuntur,
1330 563 1432 598 tum
1471 567 1497 597 a
1531 550 1858 614 fignificatione
1879 554 2022 608 Vivi·,
2059 553 2222 601 vivum
2254 553 2422 601 dicitur

407 635 546 667 omne
577 618 705 682 quod
727 619 871 665 vitam
896 617 1069 681 accepit
1087 633 1114 664 a
1128 618 1336 667 Domino
1356 639 1370 672 ;
1407 617 1560 664 anima
1581 618 1704 673 viva,
1739 633 1878 664 omne
1899 618 2028 682 quod
2044 619 2167 681 apud
2184 618 2422 668 hominem

405 690 718 750 regeneratum
754 684 860 732 inde
898 684 1048 740 vivit;
1095 699 1203 731 nam
1242 682 1493 731 secundum
1533 684 1693 739 vitam,
1738 699 1877 746 quarn
1916 686 2083 747 accipit
2119 699 2419 748 regeneratus,

405 751 727 816 singulaapud
747 767 859 799 eum
882 750 1066 807 vivunt,
1102 761 1197 797 tam
1237 747 1332 814 ejus
1369 749 1624 807 rationalia,-
1650 764 1790 813 quam
1840 746 1936 812 ejus
1975 750 2267 808 affeetiones3
2311 768 2420 817 quae

404 819 499 866 vita
523 819 571 866 in
593 818 781 882 lingulis
811 814 909 880 ejus
932 817 1222 880 cogitationis
1245 817 1296 864 ὅτ
1319 815 1516 880 loquelae
1537 827 1722 881 apparet
1743 830 1899 863 coram
1923 816 2111 879 angelis,
2147 833 2240 865 non
2257 819 2418 868 ita'co·

404 900 499 934 ram
522 885 724 933 homine.
1087 935 1090 937 ,
1223 925 1237 930 „

479 969 566 1000 102
576 968 620 1012 7;
656 951 739 999 Ad
778 965 929 1007 avem,
964 948 1092 1013 quod
1123 948 1347 1012 fignificet
1383 950 1431 995 in
1475 946 1618 1011 specie
1656 946 1751 1012 ejus
1791 947 2121 1002 intellectualia,
2158 949 2333 998 constat
2364 952 2422 999 ab

402 1016 492 1065 illis
526 1033 633 1082 quae
665 1017 902 1081 aliquoties
935 1017 1062 1080 prius
1105 1015 1163 1062 de
1183 1014 1355 1062 *avibus
1397 1013 1518 1062 dicta
1543 1014 1603 1067 ,ὅτ
1655 1013 1823 1062 ostensa
1861 1013 1979 1072 sunt,
2017 1027 2070 1062 ut
2113 1031 2221 1079 quae
2261 1032 2314 1065 n:
2337 1035 2418 1078 40.

409 1085 519 1148 7⁷⁶·
860 1149 869 1158 .
924 1102 927 1103 ⁷
1255 1147 1265 1158 .
1415 1148 1424 1157 .
1606 1147 1614 1157 .
1694 1145 1705 1154 .
2160 1149 2170 1158 .

480 1155 618 1200 1028.
657 1149 741 1197 Ad
761 1146 967 1204 bestiam,
1003 1145 1130 1210 quod
1154 1145 1375 1211 significet
1412 1164 1459 1194 in
1499 1145 1643 1211 specie
1667 1164 1762 1212 ejus
1803 1163 1925 1196 nova
1945 1147 2215 1206 voluntaria,
2251 1150 2424 1200 constat

404 1218 541 1265 etiam
563 1215 621 1263 ab
653 1215 758 1272 illis,
792 1229 900 1278 quae
921 1214 1047 1278 prius
1085 1213 1144 1261 de
1180 1213 1346 1272 bestiis,
1379 1213 1431 1261 &
1460 1230 1614 1262 earum
1643 1213 1988 1279 significatione,
2023 1214 2144 1279 die'ta
2171 1216 2222 1263 &
2253 1217 2424 1266 ostensa

406 1281 524 1340 sunt,
560 1286 614 1330 ut
633 1296 740 1346 quae
763 1298 816 1329 n:
842 1297 926 1343 45,
962 1283 1046 1341 46,
1090 1297 1198 1341 142,
1241 1295 1350 1343 143,
1391 1281 1503 1340 246,
1542 1281 1651 1345 776.

477 1364 614 1414 1029.
653 1348 736 1396 Ad
759 1364 949 1396 omnem
981 1345 1123 1394 feram
1161 1358 1312 1404 terrae,
1349 1347 1476 1410 quod
1502 1346 1725 1410 fignificet
1757 1344 1852 1409 ejus
1877 1345 2087 1395 inferiora
2110 1347 2426 1407 intellectualia

400 1415 454 1463 ἃ,
477 1415 860 1478 νοΙυητειείαςυεε
880 1413 1004 1470 inde,
1043 1412 1219 1460 constat
1253 1429 1442 1476 quoque
1481 1412 1539 1460 ab
1575 1413 1662 1460 illis
1685 1429 1793 1477 quae
1831 1415 1957 1477 prius
2000 1415 2058 1461 de
2096 1414 2422 1478 significatione

402 1479 511 1530 ferae
534 1480 704 1529 ostensa
726 1483 858 1529 sunt:
895 1479 997 1528 sunt
1030 1481 1153 1527 enim
1177 1479 1299 1544 apud
1334 1481 1694 1543 unumquemvis
1734 1479 1968 1546 hominem
1994 1481 2207 1528 interiora
2227 1484 2277 1530 δε
2301 1497 2422 1532 exte·

404 1549 553 1604 riora·‚
590 1549 800 1596 interiora
821 1546 925 1594 sunt
948 1546 1193 1603 rationalia,
1229 1562 1339 1610 quae
1360 1546 1434 1593 hic
1457 1545 1707 1610 significata
1744 1546 1844 1594 sunt
1867 1563 1950 1610 per
1971 1563 2122 1604 avem,
2158 1548 2207 1596 δι
2232 1548 2334 1597 sunt
2357 1549 2422 1598 af-

402 1612 636 1678 fectiones,
671 1630 776 1678 quae
800 1613 1062 1677 fignificatae
1085 1628 1166 1676 per
1189 1612 1374 1661 bestiam
1395 1635 1410 1669 ;
1445 1614 1666 1660 exteriora
1687 1612 1790 1660 sunt
1812 1611 2059 1678 scientifica*
2079 1615 2129 1661 δε
2146 1614 2424 1680 voluptates,

401 1697 510 1744 quae
534 1681 606 1729 hic
631 1698 711 1744 per
731 1678 843 1728 feras
866 1692 997 1727 terrae
1022 1678 1345 1743 significantur.
1417 1679 1562 1743 Qod
1587 1695 1669 1742 per
1697 1694 1846 1736 avem,
1882 1679 2067 1728 bestiam
2090 1680 2141 1728 δε
2165 1678 2305 1730 feram
2329 1700 2422 1732 non

404 1747 685 1811 significetur
716 1747 864 1810 aliqua
902 1746 1014 1802 avi3‚
1072 1744 1209 1792 bestia
1242 1757 1318 1792 aut
1354 1742 1460 1800 fera,
1497 1744 1572 1792 sed
1595 1745 1723 1808 quod
1755 1746 1920 1792 vivum
1946 1745 2010 1793 est
2032 1746 2155 1808 apud
2181 1747 2417 1797 hominem

403 1826 734 1876 regeneratum,
771 1810 1074 1875 unusquisque
1097 1810 1245 1874 potest
1284 1809 1393 1858 scire
1430 1811 1480 1858 δε
1506 1811 1776 1858 concludere
1798 1827 1855 1858 ex
1877 1827 1948 1867 eo,
1982 1813 2110 1875 qu'od
2133 1811 2288 1862 foedus
2313 1817 2418 1864 iniri

403 1881 558 1926 aDeo
580 1889 771 1942 nequeat
799 1893 910 1925 cum
934 1877 1078 1924 brutis
1101 1876 1386 1934 animalibuS,
1422 1893 1528 1924 nam
1562 1877 1744 1934 dicitur,
1779 1878 1908 1941 erigo
1937 1875 2094 1926 foedus
2141 1895 2249 1927 cum
2291 1883 2422 1930 omni

405 1946 555 1993 anima
578 1946 688 1991 viva
710 1960 817 2009 quae
855 1959 964 1992 cum
1000 1942 1132 1991 vobis
1174 1944 1232 1991 ad
1271 1958 1422 2000 avem,
1459 1943 1516 1990 ad
1542 1942 1744 1999 bestiam,
1779 1943 1829 1991 &
1872 1943 1928 1990 ad
1952 1941 2093 1992 ferarn
2117 1957 2250 1995 terrae
2270 1947 2422 1995 vobis·

402 2028 531 2066 cum,
566 2010 640 2058 sed
665 2027 774 2066 curn
797 2011 999 2066 homine,
1034 2010 1115 2074 qui
1137 2010 1290 2074 quoad
1322 2008 1416 2074 ejus
1455 2010 1664 2059 interiora
1695 2011 1744 2059 ὅτ
1769 2011 1987 2058 exteriora
2019 2012 2081 2058 ita
2118 2028 2200 2075 per
2236 2029 2306 2061 eas
2341 2015 2421 2063 de-

401 2077 620 2126 scribitur.
1018 2125 1022 2127 Δ

478 2161 616 2207 1030.
655 2142 736 2191 Ab
773 2143 988 2191 omnibus
1027 2143 1363 2208 egredientibus
1392 2159 1449 2191 ex
1479 2158 1595 2201 arca,
1630 2142 1758 2207 quod
1781 2142 2004 2206 significet
2027 2143 2235 2193 homines
2257 2147 2420 2196 Eccle-

403 2211 494 2268 fiae,
530 2211 580 2258 δι
603 2209 755 2274 quoad
780 2225 967 2258 omnem
1001 2207 1140 2258 feram
1165 2223 1313 2267 terrae,
1337 2210 1465 2274 quod
1487 2209 1710 2274 significet
1733 2210 1968 2257 hominem
2002 2223 2127 2258 extra
2150 2211 2422 2273 Ecclesiam,

402 2276 603 2324 constare
625 2275 776 2340 potest
799 2293 825 2323 a
847 2276 952 2324 serie
975 2293 1128 2324 rerum
1152 2279 1198 2324 in
1224 2275 1346 2324 sensu
1370 2278 1564 2334 interno,
1601 2282 1706 2324 nam
1731 2277 1855 2340 prius
1877 2277 2110 2324 nominata
2132 2276 2234 2325 sunt
2266 2283 2421 2330 omnia
2448 2335 2451 2338 ‚

401 2360 510 2407 quae
532 2343 699 2405 egi-effa
721 2341 821 2389 sunt
843 2358 899 2390 ex
921 2359 1038 2400 arca,
1073 2358 1126 2390 ut
1140 2344 1291 2391 omnis
1308 2344 1456 2391 anima
1477 2345 1584 2390 viva
1605 2343 1759 2407 quoad
1782 2359 1932 2399 avem,
1967 2343 2168 2401 bestiam,
2202 2345 2252 2392 ὅτ
2276 2344 2419 2395 feram

406 2423 568 2463 terrae,-
589 2410 662 2455 hic
686 2410 852 2455 iterum
878 2409 1061 2468 dicitur,
1097 2409 1155 2457 ab
1175 2409 1390 2458 omnibus
1413 2409 1750 2475 egredientibus
1773 2426 1830 2456 ex
1866 2426 1966 2457 arca
1987 2410 2138 2473 quoad
2162 2408 2306 2459 feram
2329 2425 2418 2461 ter-

404 2493 487 2532 rae,
523 2478 584 2521 ita
606 2472 699 2521 fera
720 2486 851 2521 terrae
880 2475 1014 2522 altera
1037 2478 1136 2523 vice
1166 2478 1444 2533 nominatur,
1494 2492 1602 2540 quae
1640 2477 1850 2540 repetitio
1887 2493 1978 2524 non
2021 2476 2154 2534 foret,
2190 2478 2271 2525 nifi
2295 2479 2418 2528 aliud

401 2542 518 2606 quid
549 2540 621 2587 hic
656 2539 1019 2602 intelligebatur·,
1067 2554 1168 2589 tum
1201 2543 1354 2590 etiam·
1376 2542 1592 2606 sequitur,
1628 2542 1683 2591 ΕΞ
1721 2545 1833 2604 erigo
1858 2543 2001 2605 faedus
2030 2559 2163 2590 meum
2185 2545 2413 2608 vobiscum,

403 2609 530 2672 quod
564 2608 688 2670 prius
711 2607 847 2667 etiarn
871 2606 1081 2662 dictum,
1117 2607 1220 2654 inde
1244 2607 1433 2665 constat,
1468 2609 1596 2671 quod
1621 2625 1702 2671 per
1724 2609 2003 2672 egredientes
2046 2626 2103 2656 ex
2143 2625 2242 2658 arca
2278 2611 2415 2675 figni-

402 2687 564 2723 centur
587 2674 851 2736 regenerati,
889 2672 960 2720 seu
984 2673 1193 2720 homines
1211 2673 1446 2730 Ecclesiae,
1481 2675 1531 2721 δε
1555 2691 1637 2737 per
1659 2672 1800 2722 feram
1822 2685 1955 2722 terrae
1980 2690 2138 2722 omnes
2162 2678 2208 2722 in
2231 2677 2414 2725 univer·

404 2741 451 2788 so
481 2741 558 2803 qui
581 2752 705 2787 extra
725 2738 975 2786 Ecclesiam
997 2757 1008 2786 :
1043 2737 1135 2786 fera
1156 2751 1287 2786 terrae
1313 2742 1361 2786 in
1383 2739 1540 2792 Verbo
1570 2742 1595 2786 si
1602 2739 1807 2802 gnificat,
1843 2739 2029 2803 quando
2052 2756 2135 2803 per
2157 2740 2281 2788 illam
2306 2744 2415 2792 viva

405 2823 501 2855 non*
527 2806 858 2869 intelliguntur,
895 2805 970 2853 illa
991 2821 1098 2869 quae
1121 2805 1280 2853 viliora
1302 2805 1403 2853 sunt
1426 2806 1475 2853 δι
1503 2805 1606 2869 plus
1629 2818 1707 2852 aut
1731 2807 1880 2853 minus
1902 2821 1959 2852 ex
1982 2804 2120 2855 ferina
2145 2819 2302 2856 natura
2323 2822 2410 2857 tra—

405 2873 537 2928 hunt,
575 2875 621 2919 &
646 2873 732 2919 hoc
756 2872 997 2936 praedicate
1018 2873 1076 2920 ad
1098 2889 1165 2928 ea,
1202 2872 1259 2919 de
1283 2872 1449 2936 quibus
1471 2874 1623 2935 agitur
1643 2894 1656 2927 ;
1691 2887 1800 2919 cum
1832 2871 1888 2918 de
1921 2872 1974 2918 iis
1996 2888 2114 2935 quae,
2136 2874 2182 2920 in
2206 2873 2410 2933 homine,

403 2951 514 2985 tunc
539 2935 629 2984 fe'ra
650 2950 780 2985 terrae
804 2938 1024 3003 fignificat
1047 2939 1269 2995 inferiora,
1305 2954 1411 3002 quae
1443 2938 1614 2986 externi
1638 2937 1833 2985 hominis
1856 2938 1905 2985 &
1929 2954 2035 3001 quae
2065 2941 2266 3003 corporis
2291 2942 2408 2999 sunt,

403 3017 457 3051 ut
481 3019 595 3050 mox
617 3005 738 3065 prius
761 3005 808 3051 in
831 3005 918 3054 hoc
940 3005 1088 3063 versu,
1124 3007 1185 3052 ita
1205 3006 1396 3061 viliora;
1433 3021 1542 3052 cum
1581 3005 1639 3052 de
1678 3006 1852 3067 integra
1881 3003 2103 3062 societate,
2137 3022 2244 3070 quae
2268 3007 2410 3056 homo

403 3069 687 3132 compofitus
704 3066 776 3116 seu
800 3070 982 3133 persona
1004 3072 1253 3136 composita
1275 3084 1479 3129 vocatur,
1514 3084 1624 3118 tunc
1664 3069 1756 3119 fera
1788 3083 1919 3118 terrae
1951 3071 2172 3135 significat
2212 3088 2288 3120 eos
2327 3076 2408 3137 qui

403 3153 495 3185 non
520 3134 736 3182 Ecclefiae
758 3134 878 3192 sunt,
909 3138 1016 3200 quia
1029 3138 1244 3193 viliores·‚
1279 3139 1329 3186 &
1354 3138 1413 3185 fic
1438 3154 1575 3201 porro
1596 3137 1838 3201 praedicate
1867 3136 1925 3184 ad
1958 3139 2004 3184 id
2043 3138 2171 3201 quod
2203 3138 2267 3200 est
2303 3139 2406 3186 sub-

397 3203 573 3268 jeetum
593 3219 604 3248 :
641 3212 692 3247 ut
714 3200 836 3263 apud
859 3200 1080 3260 Hoseam,
1118 3209 1153 3230 “
1186 3205 1363 3252 Feriam
1406 3205 1493 3252 illis
1504 3204 1646 3267 faedus
1668 3206 1714 3252 in
1739 3204 1813 3252 die
1836 3203 1917 3251 illo
1939 3220 2048 3252 cum
2071 3206 2183 3252 Fera
2205 3206 2318 3266 agri,
2355 3206 2405 3250 δε

404 3275 444 3299 “
477 3284 586 3318 curn
619 3281 700 3314 ave
736 3265 980 3327 coelomm,
1015 3271 1065 3318 &
1089 3270 1238 3334 reptili
1260 3272 1438 3329 terrae,”
1482 3287 1555 3322 11:
1586 3275 1659 3322 18.
1693 3270 1816 3336 apud
1838 3270 2033 3327 Esaiam,
2071 3276 2105 3298 ‘⁶
2139 3269 2403 3382 HonoranIit

2254 3339 2286 3362 ‘6
2383 3349 2409 3383 e
