2788 3736
640 229 1064 325 CAPUT
1159 208 1993 295 UNDECIMUM.
2263 257 2406 323 445

394 369 468 420 seu
492 370 733 427 Therachi,
759 368 931 418 constat
952 386 1006 418 ex
1031 367 1189 418 Genes
1199 387 1210 418 ε
1236 382 1349 416 xxxx
1370 386 1382 418 e
1409 385 1436 433 5
1443 385 1485 434 3¹.
1508 366 1738 417 manifeste
1761 369 1897 417 etiam
1917 368 2085 427 dicitur
2101 367 2158 418 de
2180 369 2409 429 Abramo,
2447 395 2451 398 ·

392 435 533 502 quod*
559 437 767 498 Jehovah
807 438 980 487 ei<non
1019 448 1160 484 notus
1184 433 1359 492 fuerit,-
1390 435 1513 494 apud
1551 434 1734 492 Mosen,
1793 441 1828 464 “
1853 436 1961 500 Ego
1985 437 2192 498 Jehovah
2216 442 2404 502 apparui

396 511 429 531 ‘⁶
466 503 748 560 Abrahamo,
785 503 908 551 Isaeo
931 506 981 552 ὅτ,
1003 502 1179 566 Jacobo
1218 504 1265 551 in
1285 503 1391 550 Deo
1419 495 1661 565 Schad'dai,
1696 503 1745 550 δε
1786 505 1949 550 nomine
1971 520 2057 551 meo
2080 503 2285 567 Jehovah
2325 521 2406 553 non

396 576 431 598 “
465 581 587 618 notus
614 571 692 633 fui
715 571 849 626 illi.‹,’'
886 570 1055 618 Exod:
1098 586 1187 617 vi:
1228 587 1270 631 3.
1312 568 1418 615 inde
1456 579 1598 632 patet,
1634 580 1859 632 quantum
1897 569 2098 618 Ecclesia
2142 570 2242 627 haec
2281 572 2409 636 apud

393 638 509 686 hanc
531 650 715 701 gentem
742 636 978 685 desciverit
1002 638 1048 684 in
1073 635 1252 683 cultum
1277 633 1632 691 idololatricum,
1668 635 1750 698 qui
1783 635 1857 682 hic
1890 652 1971 699 per
1995 637 2288 685 Therachum
2315 638 2407 703 fig-

397 704 644 760 nificatur3
702 704 752 751 &
791 705 898 768 quia
935 715 1016 769 per
1047 701 1359 760 Therachum,
1398 702 1534 749 etiam
1581 716 1664 766 per
1686 700 1967 759 Abramum,
2025 704 2310 762 Nachorem,
2354 711 2406 754 ὅε

396 771 647 819 Haranem.
815 810 818 812 v
854 795 858 798 ·
969 779 976 784 '
1996 790 2002 794 ·
2254 773 2259 777 ’

430 856 435 862 ·
471 856 488 886 ι
500 853 608 903 357.
646 838 759 888 Tria
786 852 950 902 genera
971 835 1232 884 universalia
1261 834 1532 884 idololatriae
1555 833 1673 891 sunt,
1711 835 1917 898 primum
1939 835 2002 882 est
2026 837 2191 885 amoris
2215 837 2297 895 sui,
2343 839 2411 886 al-

399 917 553 952 terurn
570 903 636 952 est
657 906 822 951 amoris
847 903 1027 960 mundi,
1065 905 1250 954 tertium
1276 901 1341 950 est
1362 904 1529 950 amoris
1546 903 1838 966 voluptatum
1858 924 1872 958 3
1910 902 2059 949 cultus
2082 906 2234 951 omnis
2259 905 2407 953 idolo·
2496 914 2499 915 ’

397 972 579 1019 latricus
603 986 687 1035 pro
711 971 802 1018 fine
815 970 947 1018 habet
970 985 1116 1020 unum
1141 981 1220 1016 aut
1241 969 1436 1016 alterum
1460 985 1517 1016 ex
1532 969 1600 1016 his
1627 991 1641 1025 3
1664 968 1813 1016 cultus
1836 984 1997 1016 eorum
2021 985 2114 1016 non
2138 970 2200 1017 est
2224 985 2411 1036 propter

395 1038 504 1085 alios
530 1038 656 1092 fines,
693 1054 798 1085 nam
833 1039 976 1084 vitam
1009 1049 1228 1082 aeternarn
1270 1051 1364 1081 non
1387 1033 1550 1092 sciunt,
1587 1052 1669 1083 nec
1694 1047 1869 1092 curant,
1907 1037 2044 1083 etiarn
2069 1050 2269 1100 negant:
2309 1039 2408 1087 haec

396 1106 482 1152 tria
504 1120 669 1168 genera
693 1103 970 1151 Idololatriae
1006 1101 1255 1165 significata
1278 1100 1379 1148 sunt
1402 1117 1482 1166 per
1507 1114 1596 1149 tres
1619 1102 1738 1149 filios
1764 1102 2007 1150 Therachi.

471 1175 610 1235 1358.
647 1169 795 1234 Qod
818 1168 1014 1225 Abram,
1048 1168 1252 1224 Nachor,
1290 1168 1340 1216 δι
1367 1169 1544 1226 Haran,
1581 1167 1750 1216 fuerint
1774 1167 1995 1232 personae,
2031 1186 2055 1216 a
2078 1169 2246 1234 quibus
2271 1173 2410 1220 etiam

398 1248 555 1302 gentes
595 1237 862 1292 nominate,
913 1251 1021 1299 quze
1066 1233 1252 1282 fuerunt
1292 1234 1564 1292 idololatrae,
1601 1234 1772 1283 constat
1812 1251 1870 1282 ex
1897 1235 2116 1284 historicis
2140 1237 2282 1286 Verbi
2304 1261 2318 1295 3
2355 1240 2418 1287 de⁴

396 1303 609 1352 Nachore
632 1302 859 1350 ostensum
882 1301 977 1360 est,
1013 1300 1106 1366 ipsa
1121 1303 1244 1348 enirn
1269 1300 1377 1349 urbs
1401 1314 1562 1350 vocata
1583 1315 1676 1350 erat
1699 1303 1806 1349 urbs
1829 1302 2070 1360 NachoriS,
2094 1304 2197 1351 Gen
2217 1323 2228 1353 ε
2255 1322 2409 1354 xxiv:

407 1387 465 1419 10
486 1392 500 1426 3
527 1369 659 1417 urbes
684 1370 763 1417 illo
786 1381 990 1433 ternpore
1014 1384 1106 1416 non
1130 1363 1319 1416 fuerunt
1336 1367 1439 1416 aliae
1463 1385 1605 1433 quam
1626 1367 1811 1416 familiae
1835 1374 1838 1377 ’
1857 1385 1962 1433 quae
1983 1370 2117 1417 fimul
2134 1370 2412 1430 habitabant,

397 1437 448 1485 ὅτ,
488 1435 673 1485 familiae
703 1436 854 1500 plures
891 1451 984 1484 non
1022 1434 1123 1482 aliae
1160 1449 1303 1498 quam
1336 1449 1476 1498 gens:
1512 1435 1643 1498 quod
1689 1451 1746 1482 ex
1778 1405 2045 1484 Alarahamo
2074 1437 2226 1501 plures
2255 1452 2419 1502 gentes.

398 1516 516 1551 natae
539 1503 641 1560 fint,
677 1501 850 1550 constat
871 1517 966 1550 non
990 1500 1137 1549 solum
1161 1517 1219 1550 ex
1244 1499 1501 1565 posteritate
1525 1500 1721 1550 Ismaelis
1744 1501 1818 1550 seu
1840 1502 2092 1561 Ismaelitis,
2128 1503 2201 1551 sed
2225 1508 2361 1553 etiam
2388 1504 2413 1554 a

397 1569 651 1633 posteritate
681 1570 886 1637 plurium
919 1567 1017 1634 ejus
1041 1568 1246 1617 filiorum
1269 1583 1327 1616 ex
1349 1567 1585 1617 Kethurah
1607 1585 1767 1627 uxore,
1804 1572 1885 1634 qui
1909 1572 2207 1623 nominantur
2232 1571 2416 1622 Genes:

401 1651 530 1685 xxv:
564 1655 607 1693 1,
643 1651 668 1686 2
851 1673 861 1684 .
1616 1667 1619 1671 «

475 1721 491 1751 1
505 1721 613 1770 359.
639 1654 781 1752 V’er‘s’:
806 1655 847 1751 ‘j'
840 1719 882 1769 7.
919 1704 984 1752 Et
1007 1703 1076 1750 hae
1092 1704 1351 1752 nativitates
1372 1702 1626 1759 Therachi,
1659 1703 2293 1764 §I'herachgenuitAbramum
2310 1706 2414 1755 Na·-

401 1770 580 1827 chorem,
616 1770 672 1819 &
704 1771 961 1825 Haranem3
1013 1769 1068 1818 fs?
1093 1771 1260 1818 Haran.
1270 1772 1420 1832 genuit
1443 1770 1647 1818 Lothum.
1728 1770 1826 1817 Hae
1869 1772 2122 1819 nativitates
2164 1772 2420 1831 Therachi,.

401 1835 658 1899 significant
680 1837 877 1900 origines
900 1835 949 1884 &
974 1835 1275 1884 derivationes
1299 1835 1589 1893 idololatriae,
1617 1852 1674 1883 ex
1690 1852 1784 1899 qua
1800 1836 2001 1886 Ecclesia
2023 1837 2412 1902 repraesentativa:

402 1901 668 1950 Therachus
685 1897 772 1950 fuit
795 1902 916 1950 filius
936 1902 988 1950 N
990 1901 1180 1960 achoris,
1216 1914 1320 1951 tum
1343 1918 1456 1966 gens
1479 1902 1536 1950 ab
1559 1901 1639 1950 illo
1661 1916 1714 1949 ut
1731 1920 1755 1950 a
1778 1902 1856 1951 suo
1879 1916 2006 1967 patre
2031 1906 2297 1962 nominata,
2333 1922 2425 1969 per

403 1967 534 2016 illum
559 1969 841 2032 significatur
862 1967 1014 2017 cultus
1037 1968 1346 2018 idololatricus
1368 1989 1376 2015 :
1415 1969 1611 2028 Abram,
1646 1970 1835 2017 Nachor
1859 1971 1908 2018 &
1939 1971 2100 2018 Haran
2124 1970 2309 2020 fuerunt
2332 1973 2416 2020 filii

402 2035 647 2093 Therachi,
683 2047 785 2083 tum
810 2049 968 2100 gentes
991 2034 1047 2083 ab
1070 2035 1157 2083 illis
1181 2049 1234 2085 ut
1255 2053 1280 2084 a
1303 2035 1391 2083 suis
1413 2035 1618 2100 patribus
1643 2037 1891 2084 nominatae
1912 2059 1927 2093 ·,
1962 2054 2042 2102 per
2061 2038 2161 2086 illos
2184 2039 2258 2086 hic
2277 2038 2413 2102 figni-

402 2101 596 2150 ficantur
618 2101 769 2151 cultus
799 2102 1070 2152 idololatrici
1106 2102 1242 2152 inde:
1279 2119 1338 2152 ex
1358 2102 1521 2152 Lotho
1559 2103 1698 2151 etiam
1739 2103 1924 2151 suerunt
1961 2104 2082 2153 binae
2118 2118 2280 2170 gentes
2309 2122 2425 2170 quae·

405 2168 672 2217 idololatrae.
1332 2227 1336 2230 ,
1656 2219 1659 2222 ⁴

479 2237 618 2300 1360.
653 2237 754 2286 Hae
775 2237 1033 2286 nativitates
1066 2236 1314 2295 Therachi,
1349 2236 1476 2301 quod
1517 2237 1774 2302 significent
1814 2238 2010 2302 origines
2038 2239 2090 2288 ὅτ.
2116 2238 2426 2288 derivationes-

405 2301 690 2360 idololatriae,
747 2319 804 2352 ex
849 2320 943 2367 qua
979 2304 1182 2353 Ecclefia
1214 2304 1575 2370 repraesentativa
1594 2327 1608 2361 3
1667 2305 1796 2369 quod
1844 2307 2098 2354 nativitates
2165 2306 2420 2372 significent

407 2369 608 2431 origines
643 2369 694 2417 ὅτ
717 2369 1034 2428 derivationes,
1064 2370 1202 2436 >supra
1237 2373 1285 2420 in
1323 2371 1412 2419 hoc
1437 2371 1599 2436 Capite
1634 2372 1690 2419 ad
1715 2368 1823 2419 vers
1831 2391 1847 2420 t>
1881 2390 1933 2421 ιο
1962 2372 2187 2421 ostensum
2213 2372 2277 2421 est
2293 2395 2307 2430 3
2343 2373 2418 2422 hic

407 2450 530 2481 nunc
554 2435 705 2498 agitur
728 2435 784 2483 de
801 2437 960 2484 Tertia
976 2437 1177 2486 Ecclefia
1199 2438 1302 2503 post
1325 2438 1575 2496 diluvium,
1611 2455 1718 2503 quae
1763 2441 1977 2497 iuceeffit,
2014 2456 2123 2497 cum
2149 2439 2325 2498 Altera,
2361 2440 2426 2487 de·
2496 2493 2499 2496 ‚

408 2517 500 2564 qua
535 2517 560 2548 a
585 2500 715 2550 versu
747 2518 804 2550 10
843 2502 934 2550 huc
958 2495 1098 2566 usque
1122 2505 1295 2562 aetum,
1331 2506 1382 2552 in
1401 2504 1647 2553 Ther-acho
1687 2503 1803 2553 faEta
1849 2506 1907 2553 s1t
1940 2506 2252 2555 idololatrica:
2289 2507 2424 2571 quod

407 2567 692 2626 Therachus,
725 2567 979 2626 AbramuS,
1009 2569 1214 2627 Nachor,
1265 2571 1316 2618 δε
1359 2571 1522 2619 Haran
1557 2570 1727 2618 fuerint
1751 2571 2027 2629 idololatrae,
2062 2573 2287 2621 ostensum
2336 2572 2416 2630 est,

376 2633 381 2641 '
407 2647 574 2698 praeter
596 2635 724 2699 quod
748 2647 906 2699 gentes
943 2650 1001 2682 ex
1023 2635 1126 2693 illis,
1161 2648 1214 2683 ut
1237 2635 1477 2684 Ismaelitae
1515 2637 1566 2684 ὅτ
1589 2637 1870 2694 Midianitae‚
1907 2639 2092 2702 aliique,
2128 2640 2215 2702 qui
2234 2637 2423 2686 fuerunt

410 2700 827 2765 posteri‘Abrami3
862 2714 1031 2765 praeter
1053 2702 1162 2750 alios
1199 2702 1247 2749 in
1270 2703 1399 2766 Syria
1435 2717 1492 2758 ex
1514 2701 1757 2759 Naehore3
1792 2715 1898 2751 tum
1932 2706 2077 2752 etiam
2099 2704 2326 2753 Moabitae
2367 2706 2420 2754 ὅτ.

412 2769 726 2826 Ammonitae,
758 2770 842 2833 qui
868 2766 1051 2817 fuerunt
1072 2767 1237 2833 posteri
1260 2767 1419 2818 Lothi.
1459 2791 1463 2794 ·
2124 2813 2127 2816 .

485 2837 623 2896 1361.
660 2836 807 2899 Qiod
831 2852 888 2884 ex
910 2835 1184 2894 idololatria,
1219 2834 1420 2884 Ecclefia
1458 2834 1820 2899 repraesentativa
1855 2833 1972 2884 faeta
2010 2835 2091 2895 fit,
2118 2837 2270 2885 nullus
2310 2836 2425 2887 seire

414 2899 576 2963 potest,
609 2903 690 2948 nisi
732 2902 838 2951 sciat
877 2903 992 2967 quid
1018 2901 1460 2966 Repraesentativum
1481 2901 1576 2958 τίῆ
1607 2919 1719 2966 ςυεε
1745 2904 1796 2950 in
1816 2902 2016 2951 Ecclesia
2039 2903 2233 2965 Judaica
2257 2921 2425 2969 reprae-

414 2965 712 3025 sentabantur,
748 2970 799 3017 &
822 2986 928 3033 quae
954 2971 1001 3017 in
1020 2969 1202 3030 Verbo,
1233 2968 1297 3017 est
1318 2970 1569 3026 DominUS,
1605 2964 1656 3016 ac
1679 2969 1824 3034 Ipsius
1847 2970 2086 3033 Regnum,
2112 2972 2307 3035 proinde
2324 2974 2421 3019 (ἐαθ-

415 3032 536 3080 lestia
557 3035 740 3091 amoris,
776 3036 826 3082 δε
849 3035 1092 3099 spiritualia
1113 3035 1240 3094 fidei,
1277 3036 1375 3084 haec
1410 3034 1512 3083 sunt
1534 3051 1643 3099 quae
1675 3035 2065 3101 repraesentantur,
2101 3049 2269 3101 praeter
2291 3038 2427 3101 plura.

415 3115 521 3162 quae
545 3098 602 3146 ad
625 3099 700 3146 illa
722 3102 964 3163 pertinent,
1002 3103 1115 3151 ficut
1146 3103 1301 3151 omnia
1339 3119 1447 3167 que
1488 3102 1590 3149 sunt
1613 3103 1863 3151 Ecclefiae:
1901 3102 2282 3167 teprcesentantes,
2319 3103 2423 3150 sunt

416 3165 489 3212 vel
513 3164 731 3229 personae,
767 3166 840 3213 vel
858 3183 925 3214 res
947 3183 1054 3231 quae
1079 3168 1180 3216 sunt
1203 3170 1250 3219 in
1275 3169 1470 3227 mundo,
1507 3181 1585 3216 aut
1605 3167 1738 3233 super
1760 3168 1935 3227 tellure,
1971 3169 2113 3216 verbo
2136 3171 2291 3217 omnia
2313 3184 2425 3230 quae

416 3230 517 3280 sunt
540 3229 718 3298 obieeta
738 3230 962 3292 sensuum,
998 3232 1138 3299 usque
1160 3234 1275 3284 adeo.
1302 3248 1356 3284 ut
1378 3239 1463 3286 vix
1485 3235 1658 3300 aliquid
1683 3233 1922 3301 objeelum
1942 3236 2020 3294 fit,
2049 3235 2176 3299 quod
2217 3250 2310 3281 non
2349 3249 2424 3281 re,-

2298 3313 2423 3365 pta:-
