2788 3736
462 288 594 369 360
999 281 1060 345 G
1153 272 1965 347 E-N‘Esrs.

440 429 662 483 tentiam,
696 424 823 488 quod
855 425 990 472 etiam
1012 423 1211 472 constare
1235 422 1379 488 potest
1403 423 1458 471 ab
1482 423 1550 471 his
1583 426 1629 471 in
1650 423 1805 471 Verbo
1829 423 1963 481 locis;
2000 426 2122 491 apud
2147 427 2460 478 Ezechielem'

459 496 494 522 “
528 495 690 541 Latere
707 494 756 539 &
781 493 968 541 Humero
992 491 1240 554 impellitis,
1257 493 1260 497 ’
1276 492 1321 537 et
1353 489 1565 538 cornibus
1601 490 1757 538 vestris
1781 488 1920 538 feritis
1945 495 2102 541 omnes
2125 510 2233 542 oves
2258 496 2458 544 infirma*

458 564 491 587 “
528 573 609 616 tas,
645 559 789 606 donec
813 557 1096 621 disperseritis
1119 557 1213 604 illas
1236 555 1402 612 foras,''
1437 572 1587 605 xxiv:
1617 574 1692 605 21.
1730 556 1860 604 latere
1884 558 1934 604 δε
1951 557 2141 608 humero
2163 561 2235 610 hic
2255 578 2341 626 pro
2357 579 2459 610 om-

459 627 506 672 ni
530 627 679 672 anima
693 626 744 672 &
761 627 888 672 omni
905 625 1120 688 potentia,
1156 624 1206 671 &
1224 623 1432 671 cornibus
1449 621 1578 671 ferire
1595 639 1680 689 pro
1697 623 1910 672 omnibus
1933 623 2119 672 viribus.
2158 629 2304 692 Apud
2330 630 2460 676 Eun·

458 692 584 748 dem,
623 696 657 718 ‘⁶
683 691 754 739 Ut
777 691 1050 755 cognoscant
1073 706 1229 737 omnes
1253 690 1519 737 habitatores
1535 691 1751 754 AEgypti,
1786 690 1914 754 quod
1938 690 2046 754 Ego
2061 691 2284 753 Jehovah,
2314 711 2458 759 ⁴prop-

460 763 496 785 “
530 770 649 806 terea
671 758 798 822 quod
822 758 886 804 illi
909 756 1090 817 fuerunt
1104 756 1288 805 baculus
1310 756 1540 804 arundinis
1564 756 1726 804 domui
1749 756 1930 813 IsraeliS,
1967 758 2012 804 in
2037 758 2353 821 prehendendo
2385 777 2460 809 eos

451 829 495 855 >“
529 822 579 871 in'
598 837 642 871 te
666 826 712 871 in
736 824 842 872 vola
864 822 1174 887 confringeris,
1210 824 1260 871 δε
1283 823 1427 870 findes
1450 825 1511 870 eis
1535 839 1721 871 ornnem
1738 824 2024 881 Humerum‚’'
2058 831 2204 873 xxix:
2234 826 2280 882 6,
2308 840 2363 887 7.*
2401 828 2458 876 de

459 890 546 938 illis
570 892 650 954 qui
690 907 747 938 ex
765 889 1020 938 -scientificis
1044 891 1207 937 volunt
1230 889 1459 955 explorare
1486 891 1692 937 veritates
1723 889 1985 953 spirituales,
2023 890 2207 939 baculus
2231 892 2459 940 arundinis

460 973 547 1021 pro
569 958 770 1021 potentia
785 957 880 1013 tali,
918 957 1188 1022 prehendere
1212 957 1316 1004 vola
1339 973 1425 1020 pro
1449 956 1691 1012 confidere,
1727 955 1898 1004 findere
1915 973 2102 1004 omnem
2118 957 2360 1019 humerum
2377 975 2466 1023 pro

461 1025 627 1086 privari
651 1025 779 1071 omni
800 1025 1016 1087 potentia,
1051 1036 1103 1070 ut
1136 1022 1247 1070 nihil
1270 1022 1419 1070 sciant.
1457 1023 1603 1085 Apud
1627 1022 1925 1086 ZePhaniam,
1963 1029 1998 1051 “
2031 1023 2105 1083 Ut
2128 1025 2340 1072 invocent
2363 1041 2464 1074 om-

465 1095 500 1117 “
535 1107 612 1139 nes
636 1091 823 1138 Nomen
848 1088 1062 1150 Jehovae,
1098 1102 1150 1137 ut
1183 1089 1340 1136 serviat
1363 1088 1451 1152 Ipsi
1484 1090 1672 1136 Humero
1696 1090 1831 1146 uno,’'
1870 1105 1966 1136 111:
2040 1126 2050 1137 .
2099 1107 2184 1154 pro
2217 1092 2343 1154 quod
2375 1108 2464 1140 una

463 1157 629 1213 anima,
665 1158 725 1203 ita
747 1172 836 1203 una
857 1159 1071 1220 potentia.
1108 1156 1254 1219 Apud
1278 1156 1547 1212 Sachariam‚
1585 1160 1619 1182 “
1644 1156 1911 1201 Renuerunt
1934 1109 2195 1214 auigultare,
2238 1159 2288 1205 δε
2327 1157 2463 1206 dede-

466 1228 501 1263 Ψ(
536 1235 641 1270 runt
664 1225 896 1271 Humerum
920 1220 1275 1278 refraftarium?
1309 1237 1391 1267 v11
1414 1239 1424 1267 z
1473 1237 1548 1268 11.
1582 1237 1668 1284 pro
1697 1221 1824 1284 quod
1854 1223 1982 1268 omni
2005 1225 2204 1286 potentia
2228 1225 2465 1272 contranifi

463 1289 563 1337 fint.
601 1288 747 1352 Apud
770 1284 965 1351 Esajam‚
1005 1293 1038 1314 “
1063 1287 1343 1335 Conducunt
1368 1286 1678 1343 conflatorem‚
1715 1287 1795 1350 qui
1826 1283 1949 1334 facit
1966 1304 2126 1336 aurum
2150 1290 2199 1337 δε
2224 1303 2464 1353 argentum

463 1362 501 1383 ‘'‘
535 1358 582 1402 in
604 1356 776 1411 Deum,
812 1355 1014 1411 adorant,
1049 1355 1182 1401 etiarn
1201 1353 1241 1400 se
1265 1355 1518 1410 incurvant,
1554 1365 1735 1416 portant
1758 1352 1873 1399 illud
1905 1352 2034 1416 super
2047 1357 2251 1413 Humero,
2293 1357 2468 1420 gestant

467 1427 503 1448 “
536 1421 699 1469 illud:'’
733 1436 880 1482 xrvi:
909 1422 956 1478 6,
983 1436 1024 1485 7..
1061 1437 1146 1484 pro
1169 1420 1296 1483 quod
1319 1421 1446 1466 omni
1464 1421 1663 1484 potentia
1687 1419 1876 1467 adorent
1899 1419 2094 1478 idolum,
2129 1422 2256 1485 quod
2273 1423 2338 1470 est
2359 1439 2465 1487 por-

465 1500 556 1535 tare
570 1487 774 1534 humero.
811 1487 958 1551 Apud
983 1487 1217 1544 Eundem,
1254 1491 1287 1513 “
1317 1487 1436 1534 Puer
1458 1498 1587 1533 natus
1610 1485 1673 1532 est
1690 1486 1834 1542 nobis,
1854 1485 1996 1533 Filius
2010 1487 2140 1534 datus
2163 1488 2225 1535 est
2242 1489 2388 1546 nobis,
2415 1491 2464 1537 δε

458 1559 501 1585 -“
535 1555 618 1601 erit
641 1555 925 1616 Principatus
963 1552 1091 1618 super
1127 1554 1312 1601 Humero
1335 1552 1493 1616 Ipfius,
1519 1553 1568 1600 &
1592 1551 1827 1600 vocabitur
1847 1553 2034 1600 Nomen
2059 1554 2200 1617 Ipfius
2224 1555 2466 1613 Mirabilis,

467 1625 504 1648 “
539 1620 841 1676 Confiliarius‚
863 1622 1006 1676 Deus,
1032 1621 1204 1671 Heros,
1234 1620 1366 1666 Pater
1390 1619 1663 1677 aeternitatis,
1687 1619 1900 1682 Princeps
1914 1621 2084 1682 pacis,'’
2123 1636 2195 1669 1x:
2225 1637 2268 1683 5.
2294 1621 2351 1669 de
2367 1623 2465 1670 Do-

468 1687 614 1741 mino,
649 1688 698 1734 δτ
722 1686 783 1733 ibi
807 1686 863 1733 de
880 1685 1022 1749 Ipsius
1045 1686 1252 1733 Potentia
1273 1685 1323 1732 δε
1347 1684 1583 1741 Potestate‚
1620 1701 1755 1747 quare
1772 1684 1937 1732 dicitur
1962 1685 2090 1749 super
2110 1685 2237 1750 cujus
2260 1687 2464 1736 humero.

468 1753 617 1818 Apud
643 1752 876 1809 Eundem,
914 1758 947 1780 “
971 1751 1106 1799 Dabo
1129 1751 1306 1798 clavem
1343 1751 1510 1798 domus
1548 1751 1739 1798 Davidis
1779 1749 1910 1814 super
1946 1753 2179 1800 Humerum
2224 1754 2384 1817 Ipfius,
2418 1756 2469 1803 δε

465 1825 512 1849 -“
544 1820 711 1883 aperiet
733 1819 782 1866 &
801 1835 893 1866 non
907 1818 1136 1876 claudens,
1171 1818 1221 1865 δε
1245 1817 1422 1866 claudet
1443 1817 1493 1865 &
1511 1833 1603 1865 non
1618 1819 1867 1881 apariens.”
1901 1833 2032 1866 xxn:
2062 1835 2119 1867 22
2141 1840 2156 1874 ς
2192 1818 2254 1865 ibi
2274 1820 2474 1880 similiter

468 1887 528 1934 de
547 1886 771 1942 Domino,
794 1886 844 1934 δε
885 1885 1014 1950 super
1042 1885 1287 1933 humerum
1310 1884 1417 1934 dare
1455 1883 1631 1932 clavem
1656 1883 1822 1932 domus
1843 1883 2036 1932 Davidis
2057 1900 2144 1949 pro
2181 1884 2389 1934 Potentia
2421 1889 2469 1936 δε

469 1952 707 2002 Potestate.
1955 1957 1959 1962 ’
2346 2004 2349 2013 ,
2404 1968 2406 1970 ’

549 2021 685 2068 1086.
724 2020 867 2084 Qod
902 2021 1082 2067 iverunt
1121 2019 1380 2075 retrorsum,
1420 2018 1639 2083 significet
1661 2019 1786 2084 quod
1811 2036 1903 2067 non
1927 2019 2204 2067 attenderent
2226 2019 2283 2065 ad
2306 2035 2474 2068 errores

471 2085 522 2132 &
546 2084 765 2149 perversa,
801 2086 998 2133 constare
1037 2087 1182 2150 potest
1217 2103 1270 2133 ex
1295 2086 1617 2149 significatione
1651 2089 1715 2134 ire
1747 2082 2003 2141 retrorsum,
2039 2085 2167 2147 quod
2190 2085 2244 2132 fit
2277 2098 2472 2134 avertere

473 2151 629 2198 oculos
652 2152 702 2198 ὅτ
726 2169 818 2199 non
842 2153 1011 2209 videre,
1047 2153 1159 2200 ficut
1176 2155 1314 2200 etiam
1338 2168 1392 2200 ex
1416 2152 1701 2217 sequentibus
1723 2165 1860 2216 patet,
1897 2151 1975 2198 ubi
1997 2150 2180 2207 dicitur,
2232 2153 2357 2214 quod
2382 2169 2467 2199 nu-

475 2217 662 2265 ditatem
679 2221 816 2282 patris
841 2218 904 2266 sui
929 2235 1020 2266 non
1044 2219 1241 2266 viderint
1262 2240 1276 2274 3
1314 2235 1405 2265 non
1425 2219 1578 2265 videre
1595 2220 1641 2265 in
1666 2218 1788 2265 sensu
1799 2220 1983 2264 ‘interno
2005 2216 2067 2263 est
2091 2233 2183 2264 non
2206 2218 2443 2265 attendere.

548 2289 685 2348 1087.
723 2285 866 2352 Qod
888 2297 1095 2332 texerunt
1117 2286 1369 2332 nuditatem
1402 2285 1541 2347 patris
1565 2283 1645 2340 sui,
1671 2283 1891 2347 significet
1924 2283 2051 2347 quod
2068 2283 2126 2330 sic
2147 2300 2196 2330 ea
2213 2342 2219 2347 ῃ
2235 2284 2469 2332 excusave-

474 2351 580 2403 rint,
617 2351 787 2398 constat
810 2355 972 2414 pariter
993 2366 1050 2398 ex
1072 2349 1193 2408 serie,
1228 2364 1330 2398 tum
1355 2366 1380 2397 a
1395 2350 1717 2413 significatione
1733 2351 1964 2407 nuditatis,
1999 2349 2125 2414 quod
2149 2349 2233 2396 sint
2255 2350 2469 2414 perversa.

469 2415 475 2422 ’
554 2421 691 2465 1088.
730 2417 874 2480 Quod
893 2415 1025 2464 facies
1048 2433 1207 2464 eorum
1235 2416 1493 2473 retrorsum,
1526 2416 1576 2464 δε
1600 2417 1856 2464 nuditatem
1879 2417 2018 2480 patris
2041 2415 2105 2462 sui
2125 2431 2214 2463 non
2238 2417 2469 2474 viderunt,

476 2482 729 2546 significent
743 2483 871 2546 quod
888 2484 948 2530 ita
960 2481 1236 2540 faciendum,
1252 2483 1302 2530 δε
1319 2499 1411 2530 non
1428 2482 1751 2530 attendendum
1767 2483 1822 2530 ad
1832 2483 1951 2540 talia,
1966 2498 2071 2545 quae
2086 2498 2251 2529 errores
2264 2482 2474 2546 &lapsus

477 2548 580 2596 sunt
615 2565 671 2606 ex
706 2551 960 2606 ratiociniis,
997 2549 1167 2597 constat
1197 2566 1222 2596 a
1258 2550 1538 2613 repetitione,
1598 2545 1702 2597 ham
1725 2548 1817 2596 fere
1851 2550 2010 2597 eadem
2035 2548 2250 2595 dicuntur
2271 2549 2344 2596 hic
2367 2565 2473 2612 quae
2501 2577 2503 2579 ·

481 2631 595 2662 mox
622 2617 763 2679 prius,
799 2632 936 2679 quare
958 2616 1058 2663 haec
1081 2613 1228 2663 fimul'
1248 2614 1420 2663 faciunt
1455 2632 1639 2680 quoque
1663 2615 1958 2672 conclusum;
2009 2630 2115 2662 nam
2139 2615 2235 2662 talis
2268 2627 2360 2661 erat
2380 2615 2471 2661 Ec-

472 2681 609 2729 'clefia
631 2682 920 2746 haec-parens,
956 2681 1030 2729 seu
1053 2682 1195 2729 horno
1213 2680 1345 2746 hujus
1369 2683 1601 2739 Ecelefiae,
1637 2683 1764 2747 quod
1781 2699 1874 2730 non
1897 2697 1954 2729 ex
1978 2680 2162 2736 malitia,
2198 2679 2271 2726 sed
2287 2696 2343 2726 ex
2365 2680 2472 2727 fim-

480 2747 679 2810 plicitate
702 2748 789 2796 hoc
812 2748 982 2807 fecerit,
1018 2761 1069 2796 ut
1092 2748 1289 2796 constare
1312 2748 1458 2813 potest
1489 2765 1545 2796 ex
1568 2765 1676 2796 mox
1701 2747 2004 2812 sequentibus,
2030 2746 2117 2811 ¹ubi
2140 2745 2321 2802 dicitur,
2346 2747 2474 2810 quod

483 2812 817 2876 expergefaetus
839 2815 1004 2863 Noach
1022 2820 1051 2862 ‘e
1073 2814 1302 2872 vino'suo,
1338 2815 1424 2863 hoc
1447 2814 1527 2873 est,
1562 2816 1689 2879 quod
1706 2815 1866 2862 melius
1883 2812 2135 2860 instruftus.
2207 2813 2351 2876 Qod
2379 2830 2474 2860 rem

485 2880 660 2935 attinet,
695 2883 773 2943 qui
798 2883 844 2928 in
869 2882 988 2929 nulla
1011 2882 1219 2928 charitate
1241 2882 1358 2938 sunt,
1394 2881 1505 2928 nihil
1528 2882 1608 2928 nisi
1630 2896 1767 2944 quam
1793 2879 1908 2926 male
1937 2880 2140 2941 cogitant
2164 2877 2221 2925 de
2243 2881 2473 2942 proximo,

488 2960 571 2991 nec
597 2944 675 2991 nifi
693 2962 829 3007 quam
849 2948 964 2994 male
998 2947 1264 3010 loquuntur,
1301 2948 1333 2994 fi
1356 2949 1546 3002 bonum,
1582 2946 1647 2992 est
1669 2944 1741 2991 su-i'
1757 2947 1914 3008 gratia,
1951 2947 2026 2991 vel
2049 2945 2170 2991 illius
2194 2947 2268 2992 cui
2290 2945 2474 2993 adblan-

491 3010 678 3056 diuntur
693 3010 771 3057 sub
786 3015 997 3060 amicitiae
1015 3013 1188 3076 specie3
1213 3026 1256 3058 at
1274 3014 1354 3075 qui
1378 3015 1423 3059 in
1447 3010 1655 3059 charitate
1669 3010 1786 3066 sunt,
1821 3011 1932 3057 nihil
1955 3011 2034 3057 nifi
2059 3027 2196 3075 quam
2222 3010 2332 3058 bene
2348 3012 2476 3074 cogi-

490 3088 588 3122 tant
617 3075 674 3122 de
710 3080 941 3139 proximo,
976 3079 1026 3125 &
1050 3079 1161 3125 nihil
1184 3078 1265 3124 nifi
1287 3093 1426 3140 quam
1451 3077 1563 3123 bene
1591 3076 1856 3140 loquuntur,
1894 3079 1942 3124 &
1966 3077 2052 3124 hoc
2091 3093 2183 3124 non
2207 3076 2269 3124 sui
2294 3079 2343 3124 δε
2367 3078 2478 3124 alius

491 3142 650 3205 gratia,
686 3143 760 3189 cui
790 3143 1147 3199 adblandiantur,
1199 3143 1275 3190 sed
1296 3144 1357 3189 ita
1378 3141 1584 3190 Domino
1623 3144 1668 3189 in
1692 3142 1900 3190 charitate
1938 3155 2174 3207 operante:
2226 3145 2393 3207 priores
2417 3143 2481 3189 ini

493 3208 595 3255 sunt
617 3208 779 3256 fimiles
801 3210 928 3261 malis
950 3209 1189 3271 spiritibus,
1225 3209 1270 3255 hi
1293 3209 1480 3272 angelis,
1520 3210 1599 3272 qui
1623 3209 1745 3273 apud
1762 3209 1994 3257 hominem
2014 3233 2028 3266 3
2067 3209 2175 3256 mali
2190 3208 2365 3273 spiritus
2379 3207 2470 3255 nus
2471 3236 2485 3243 ·

480 3290 637 3338 vquarn
661 3275 741 3324 nis1
764 3276 879 3324 mala
901 3276 950 3324 &
973 3274 1076 3324 falsa
1113 3275 1308 3324 hominis
1340 3277 1553 3333 excitant,
1593 3276 1643 3325 &
1666 3292 1774 3325 eum
1797 3276 2102 3326 condemnant
2131 3297 2146 3332 3
2178 3288 2180 3290 ’
2201 3276 2348 3339 angeli
2371 3275 2489 3341 vero

2375 3341 2486 3398 nihil
2563 3332 2566 3337 ⁴
