2788 3736
387 261 521 348 324⁶
880 251 1098 319 GE
1187 247 1420 318 NE
1512 210 1855 324 Sszs.

392 396 548 443 vivam
573 393 618 442 in
653 389 781 440 omni
815 405 989 448 carne,
1000 403 1108 455 quae
1133 388 1265 455 super
1300 400 1436 448 terra,
1472 387 1695 453 fignificat
1739 390 2096 468 unumquemvis
2136 390 2393 448 hominem,

393 462 513 525 apud
537 474 677 524 quem
699 458 787 507 hoc
808 457 908 506 dari
928 455 1089 522 potest.
1157 455 1284 505 Haec
1308 455 1504 521 speth
1525 456 1763 504 hominem
1788 458 1867 521 qui
1904 458 2150 521 regenerari
2175 456 2356 524 potest
2346 474 2395 506 in

393 529 544 589 ·pecie.
583 550 595 557 ’Ἰ
624 557 627 560 >

372 620 376 623 ·
459 608 594 657 1053.
632 591 697 640 Et
719 590 804 639 erit
819 605 949 639 arcus
973 589 1020 638 in
1061 587 1197 646 nube,
1232 588 1361 654 quod
1402 584 1626 652 significet
1664 588 1829 637 statum
1876 586 1990 651 ejuS,
2025 588 2196 639 constat
2224 605 2280 639 ex
2310 590 2396 637 illis

388 675 493 722 quae
520 659 654 723 prius
692 658 751 707 de
780 673 887 706 arcu
911 658 959 704 in
984 655 1105 704 nube
1127 656 1246 704 dista
1267 657 1317 704 ὅτ
1338 655 1508 706 ostensa
1530 655 1648 712 sunt,
1684 656 1810 720 quod
1837 671 2003 719 nempe
2024 654 2166 704 homo
2188 669 2265 704 aut
2300 659 2393 704 ani-

397 741 472 773 ma
503 726 549 774 in
568 724 704 772 altera
721 724 819 772 vita
840 722 1138 788 cognoscatur
1156 739 1223 770 ex
1235 721 1408 787 sphaera
1425 719 1521 787 ejus
1559 723 1682 787 apud
1701 722 1925 786 Angelos,
1961 723 2011 770 ὅτ
2046 722 2175 787 quod
2212 721 2398 787 sphaera,

389 793 567 855 quoties
599 791 808 840 Domino
831 789 1103 862 beneplacet,
1139 788 1476 853 repraesentetur
1499 804 1580 852 per
1602 788 1790 846 colores,
1825 788 1979 852 quales
2018 787 2120 836 sunt
2149 801 2293 846 arcus,
2327 788 2395 836 di-

392 858 647 906 verlirnode
668 856 915 905 secundum
941 854 1135 918 cujusvis
1169 855 1353 912 statum,
1389 855 1632 919 respective
1665 855 1722 903 ad
1760 854 1903 903 fidem
1944 857 1991 902 in
2026 855 2306 912 Dominum,
2341 855 2407 903 ita.

394 922 636 988 respective
660 923 717 971 ad
741 922 859 970 bona
878 923 927 970 ὅτ
949 938 1057 969 vera
1078 921 1215 970 fidei:
1253 922 1300 968 in
1323 921 1456 969 altera
1491 922 1585 969 vita
1618 921 1830 970 sistuntur
1867 921 2057 969 videndi
2097 922 2285 979 colores,
2319 923 2400 987 qui

393 1007 451 1038 ex
485 992 632 1037 nitore
654 989 704 1037 ὅτ
729 987 963 1054 splendore
987 987 1264 1036 immensum
1290 987 1497 1051 superant
1519 987 1907 1052 pulchritudinem
1945 987 2155 1036 colorum
2187 989 2269 1054 qui
2290 1003 2401 1036 ocu·

392 1056 480 1104 lis
470 1072 516 1104 m
540 1067 655 1104 terra
675 1056 923 1111 videntur3
961 1054 1261 1119 unusquisque
1286 1053 1412 1102 color
1434 1053 1606 1118 aliquid
1629 1054 1810 1101 coeleste
1834 1055 1884 1102 ὅτ
1906 1053 2132 1118 spirituale
2159 1053 2399 1119 repraesen-

373 1134 492 1179 τευ,
531 1121 703 1170 colores
727 1121 792 1170 illi
817 1121 918 1168 sunt
939 1136 996 1171 ex
1018 1120 1118 1168 luce
1141 1136 1249 1184 quae
1289 1122 1335 1167 in
1359 1120 1515 1176 Coelo,
1551 1121 1601 1168 &
1642 1121 1948 1184 variegatione
1993 1121 2106 1168 lucis
2146 1120 2405 1186 spiritualis,

391 1200 451 1236 ut
472 1189 649 1236 dietum
672 1185 803 1251 supra
822 1209 837 1243 ς
871 1188 1039 1233 vivunt
1061 1188 1186 1234 enim
1219 1186 1408 1250 angeli'
1396 1203 1444 1234 1n
1467 1198 1589 1234 tanta
1627 1186 1746 1244 luce,
1781 1198 1834 1234 ut
1857 1185 1939 1234 lux
1961 1187 2136 1234 Mundi
2160 1186 2403 1251 respective

395 1254 522 1303 nihili
546 1254 634 1310 s1t;
670 1253 750 1306 lux
772 1252 898 1310 coeli,
934 1254 982 1299 in
1005 1267 1096 1315 qua
1117 1252 1283 1299 vivunt
1307 1252 1497 1316 Angeli,
1521 1251 1578 1299 ad
1603 1251 1754 1300 lucem
1777 1252 1956 1310 mundi,
1992 1251 2035 1300 se
2067 1252 2200 1301 habet
2235 1255 2406 1318 respec-

395 1323 490 1370 tive
509 1320 623 1368 ficut
639 1319 798 1367 lumen
820 1318 921 1367 solis
946 1318 1183 1367 meridiani
1205 1318 1260 1366 ad
1279 1318 1437 1366 lumen
1454 1317 1671 1375 candelae,
1690 1317 1815 1382 quod
1837 1317 2139 1382 exstinguitur
2153 1320 2205 1369 ὅτ
2221 1320 2405 1369 nullum

401 1387 474 1445 fit,
510 1387 682 1435 oriente
706 1384 821 1434 sole·
857 1385 962 1433 est
951 1401 997 1432 m
1021 1385 1146 1432 coelo
1168 1385 1278 1433 Lux
1300 1383 1493 1432 coelestis
1518 1384 1569 1432 ὅτ
1608 1383 1672 1432 est
1694 1385 1806 1432 Lux
1828 1384 2081 1448 spiritualis,
2116 1385 2237 1434 Lux
2249 1387 2404 1435 Coele·

395 1452 492 1511 stis,
531 1464 586 1500 ut
608 1452 912 1516 comparative
934 1451 1112 1515 loquar,
1146 1450 1211 1498 est
1233 1451 1347 1499 ficut
1379 1451 1463 1498 lux
1487 1450 1605 1507 solis,
1641 1463 1687 1499 at
1710 1451 1820 1499 Lux
1842 1449 2082 1529 spiritualis
2103 1450 2168 1500 est
2189 1452 2302 1501 ficut
2325 1451 2407 1501 lux

395 1518 560 1578 lunae,
578 1518 654 1566 sed
694 1533 810 1566 cum
837 1518 967 1566 omni
996 1516 1248 1566 differentia
1279 1515 1530 1565 secundum
1561 1516 1726 1565 statum
1751 1517 1925 1583 Angeli
1949 1519 2200 1581 recipientis
2224 1519 2408 1575 lucem

402 1585 608 1634 similiter
628 1583 668 1632 se
693 1585 857 1632 habent
879 1583 1068 1642 colores,
1102 1586 1209 1647 quia
1230 1599 1287 1632 ex
1312 1583 1411 1631 luce
1433 1583 1551 1631 inde.
1621 1584 1678 1648 Ip
1680 1582 1721 1631 se
1742 1585 1997 1632 Dor-'ius
2010 1584 2075 1632 est
2107 1585 2231 1633 coelo
2268 1601 2404 1649 ange·

396 1651 552 1699 forum
576 1650 847 1708 «Blestium,
883 1649 979 1707 Sol,
1015 1651 1065 1698 ὅτ
1089 1650 1212 1698 coelo
1231 1650 1498 1713 angelorum
1521 1602 1838 1725 spiritualium,
1874 1649 2042 1699 Luna:
2085 1651 2185 1700 haec
2210 1652 2403 1700 incredi-

399 1716 507 1765 bilia
529 1716 630 1765 sunt
668 1718 720 1764 iis
754 1718 836 1781 qui
872 1715 1053 1764 nullum
1086 1728 1363 1780 conceptum
1416 1716 1473 1764 de
1511 1718 1623 1774 vita,
1672 1731 1812 1782 quam
1853 1717 2044 1764 Animae
2096 1718 2261 1767 vivunt
2305 1717 2407 1782 post

402 1797 620 1842 mortem,
655 1782 838 1841 habent,
873 1781 949 1830 sed
982 1781 1122 1846 usque
1153 1784 1392 1830 verissima.

476 1866 615 1913 1054.
650 1849 801 1913 Quod
823 1848 963 1896 video
984 1865 1112 1907 eum,
1148 1848 1374 1913 significet
1395 1849 1524 1914 quod
1547 1848 1646 1898 talis
1663 1848 1719 1898 fit
1744 1859 1806 1896 ut>
1830 1849 2079 1913 regenerari
2110 1851 2261 1915 possit,
2297 1865 2406 1898 con·

403 1915 487 1964 stat
511 1932 568 1963 ex
589 1932 660 1974 eo,
696 1915 825 1980 quod
845 1915 1000 1963 videre
1022 1916 1240 1979 aliquem,
1275 1931 1387 1963 cum
1411 1916 1686 1980 praedicatur
1707 1915 1766 1963 de
1786 1916 2012 1973 Domino,
2047 1915 2101 1964 fit
2123 1916 2243 1964 noste
2264 1916 2413 1981 qualis.

402 1981 497 2039 est;
532 1982 765 2030 Dominus
786 1982 909 2030 enim
933 1997 1093 2029 omnes
1116 1982 1171 2030 ab
1192 1993 1365 2030 aeterno
1388 1983 1562 2040 novit,
1571 1997 1653 2030 nec
1674 1997 1792 2046 opus
1815 1981 1947 2030 habet
1969 1981 2122 2029 videre
2144 1981 2288 2045 qualis
2310 1981 2412 2038 est·-

405 2063 515 2096 cum
529 2047 627 2095 talis
650 2060 704 2096 ut
717 2049 963 2111 regenerari
979 2050 1128 2111 possit,
1147 2060 1257 2096 tunc
1274 2048 1547 2112 praedicatur
1562 2048 1619 2096 de
1627 2049 1853 2105 Domino,
1871 2047 1999 2111 quod
2020 2049 2175 2096 videat
2191 2048 2412 2113 aliquem,

404 2114 520 2162 ficut
536 2115 670 2161 etiam
684 2115 812 2178 quod
827 2112 989 2162 faciem
1003 2114 1175 2162 attollat
1190 2114 1320 2178 super
1341 2114 1561 2179 aliquem·
1569 2130 1695 2162 curn
1711 2126 1863 2162 autern
1879 2129 1969 2161 non
1985 2114 2230 2178 regenerari
2245 2115 2413 2179 potest,

405 2178 515 2228 tunc
542 2196 634 2228 non
658 2180 933 2244 praedicatur
968 2180 1095 2243 quod
1125 2181 1359 2228 Dominus
1394 2182 1562 2237 videat,
1597 2180 1712 2228 sicut
1747 2179 1874 2244 quod
1914 2195 1994 2228 nec
2031 2180 2204 2229 attollat
2228 2180 2415 2238 faciem,

408 2246 484 2294 sed
514 2248 803 2311 praedicatur,
839 2246 967 2310 quod
995 2258 1165 2294 avertat
1203 2246 1359 2294 oculos
1399 2245 1472 2294 seu
1508 2244 1688 2303 faciem,
1724 2245 1899 2294 tametfi
1938 2247 2174 2294 Dominus
2212 2264 2309 2297 non
2347 2247 2410 2295 est

414 2313 514 2377 Qi
538 2314 715 2370 avertit,
741 2312 816 2360 sed
840 2313 1011 2360 homo:
1052 2313 1158 2360 inde
1178 2312 1258 2370 est,
1282 2312 1361 2360 ubi
1391 2313 1517 2376 prius
1539 2312 1690 2360 astum
1724 2312 1788 2360 est
1822 2313 1880 2360 de
1903 2311 2112 2362 universo
2144 2329 2304 2378 genere
2328 2313 2410 2361 hu-

410 2394 564 2435 mano,
602 2380 648 2425 in
687 2395 782 2443 quo
815 2378 982 2454 plures·
1004 2378 1106 2426 sunt
1137 2380 1217 2442 qui
1249 2395 1343 2427 non
1376 2380 1622 2442 regenerari
1667 2378 1865 2454 poffunt,
1916 2375 2045 2442 quod
2094 2395 2186 2428 non
2235 2380 2417 2428 dietum

406 2445 477 2501 fit,
505 2460 612 2492 cum
631 2446 768 2492 video
791 2460 946 2492 arcum
971 2445 1020 2491 in
1038 2443 1175 2501 nube,
1200 2443 1274 2492 sed
1291 2461 1401 2493 curn
1426 2445 1610 2499 videtur
1631 2461 1758 2493 arcus
1781 2447 1828 2492 in
1847 2445 1986 2503 nube,
2005 2445 2231 2506 vers2'14.
2258 2446 2413 2494 videre

411 2509 452 2558 se
475 2510 678 2560 firniliter
692 2510 823 2558 habet
836 2527 886 2558 ac
911 2511 1146 2568 recordari,
1182 2511 1303 2575 apud
1326 2513 1604 2569 Dominum,
1641 2512 1768 2576 quod
1785 2511 2042 2575 fignificat
2031 2528 2081 2560 m
2093 2511 2245 2562 sensu
2234 2525 2412 2560 interno

415 2576 626 2635 misereri,
662 2577 720 2624 de
743 2593 839 2641 quo
860 2575 990 2640 supra
1014 2582 1207 2638 n1840.
1234 2595 1374 2644 1049.
1410 2577 1651 2626 videantur
1672 2594 1779 2642 quae
1800 2579 1925 2642 prius
1949 2594 2009 2625 n.
2036 2578 2157 2627 626.

484 2660 622 2706 1055.
659 2644 742 2691 Ad
771 2643 1099 2691 recordandum
1128 2641 1316 2692 foederis
1338 2645 1510 2701 aeterni,
1545 2644 1673 2708 quod
1699 2643 1920 2708 significet
1957 2655 2011 2691 ut
2031 2644 2265 2691 Dominus
2295 2659 2412 2708 prae-

409 2709 504 2756 sens
527 2712 659 2773 poffit
682 2710 804 2772 apud
827 2726 933 2757 eum
956 2710 1073 2757 effe
1062 2725 1108 2756 m
1133 2710 1358 2770 charitate,
1395 2709 1567 2758 constat
1587 2726 1644 2770 ex
1667 2710 1753 2757 illis
1775 2726 1882 2772 quae
1906 2709 1962 2756 de
1985 2709 2307 2772 significatione
2324 2708 2412 2757 foe-

409 2775 527 2821 deris
550 2775 682 2839 supra
703 2777 825 2823 dieta
847 2778 895 2823 ὅτ
919 2775 1089 2823 ostensa
1108 2775 1225 2833 sunt,
1261 2776 1389 2840 quod
1406 2793 1574 2840 nempe
1590 2775 1770 2823 nullum
1788 2775 1908 2822 aliud
1925 2772 2080 2821 foedus
2096 2786 2317 2824 aeternum
2342 2777 2375 2824 s
2361 2790 2419 2834 t,

404 2856 549 2902 quam
575 2857 702 2889 amor
723 2843 770 2888 in
792 2842 1072 2896 Dominum,
1107 2844 1158 2890 &
1181 2858 1312 2890 amor
1349 2858 1456 2905 erga
1491 2843 1776 2905 proximum,
1813 2840 1900 2888 hoc
1940 2852 2169 2889 aeternum
2195 2842 2274 2899 est,
2309 2845 2418 2906 quia

415 2906 471 2952 ab
496 2918 663 2953 aeterno
686 2909 732 2953 in
750 2920 1005 2963 aeternum;
1040 2907 1301 2955 universum
1331 2909 1506 2955 coelum
1539 2905 1783 2953 fundatum
1815 2905 1921 2952 est
1909 2923 1956 2953 m
1989 2922 2156 2964 amore,
2193 2909 2291 2956 imo
2311 2913 2413 2958 uni-

413 2969 536 3018 versa
559 2984 729 3027 natura,
764 2987 870 3019 nam
907 2975 954 3019 in
980 2986 1134 3020 natura
1157 2973 1266 3020 nihil
1300 2975 1550 3036 quicquam
1585 2971 1732 3027 datur,
1768 2970 1848 3018 ubi
1884 2972 2034 3035 aliqua
2066 2975 2177 3022 unio
2215 2974 2266 3022 ὅτ
2306 2990 2416 3023 con·

404 3035 600 3111 junctio,
637 3037 764 3100 quod
805 3054 898 3084 non
937 3040 1162 3101 originem
1196 3038 1337 3084 trahat
1373 3037 1429 3084 ab
1467 3052 1635 3095 amore,
1677 3037 1768 3084 five
1801 3040 2051 3086 animatum
2089 3039 2158 3098 fit,
2194 3039 2303 3089 five
2322 3057 2422 3091 non

412 3105 681 3158 animatum,
717 3118 854 3149 omne
878 3105 1003 3150 enim
1027 3103 1224 3151 naturale
1261 3102 1411 3150 existit
1447 3119 1473 3149 a
1494 3102 1725 3166 spirituali,
1760 3104 1811 3150 ὅτ
1838 3103 2061 3168 spirituale
2093 3121 2119 3153 a
2141 3106 2329 3164 coelesti,
2363 3119 2419 3156 ut

411 3167 542 3234 supra
565 3169 758 3225 dietum,
792 3169 898 3217 inde
920 3169 1133 3223 omnibus
1148 3170 1196 3217 ὅτ
1215 3168 1401 3232 fingulis
1420 3184 1549 3218 amor
1564 3169 1861 3235 implantatus
1875 3170 1954 3228 est,
1979 3183 2057 3219 aut
2063 3170 2217 3225 instar
2232 3174 2419 3229 amoris,

2267 3238 2413 3287 solum
