2788 3736
760 243 1965 333 CAPUTPRffMUM.
2338 270 2415 331 13

401 392 512 447 vita,
548 386 615 436 est
653 386 749 434 vita
779 387 946 433 amoris
982 386 1039 433 ab
1067 386 1200 450 Ipso:
1250 385 1300 433 &
1324 399 1486 433 verum
1522 384 1746 448 gaudium
1779 383 1845 432 est
1874 383 2097 448 gaudium
2135 383 2254 432 illius
2290 388 2414 435 vitae.

392 459 557 503 'Amor
582 454 725 502 Verus
760 459 852 500 non
895 452 988 499 dari
1028 452 1178 516 potest
1217 449 1299 499 nifi
1325 452 1501 506 unicus,
1550 451 1614 496 ita
1646 467 1731 498 nec
1755 467 1859 498 vera
1870 452 1970 498 'vita
1997 450 2078 498 nifi
2112 452 2259 508 unica,
2295 455 2418 502 unde

400 523 516 567 vera'
529 518 710 583 gaudia,
745 520 796 567 &
820 535 941 566 verae
965 517 1213 574 felicitateS,
1249 515 1402 580 quales
1425 515 1529 562 sunt
1550 516 1845 578 Angelorum
1869 518 1915 563 in
1938 517 2097 564 Coelis.

472 603 549 650 34.
587 587 742 633 Amor
762 586 813 632 δε
837 584 972 632 Fides
1008 583 1229 646 nusquam
1267 579 1450 643 separari
1480 580 1679 643 poss'unt,
1714 582 1822 644 quia
1853 597 1998 629 unum
2022 584 2073 630 ὅτ
2102 583 2227 630 idem
2249 585 2414 632 consti-

400 664 571 707 tuunt·,
605 667 743 714 quare
786 666 896 698 cum
927 650 1133 713 primum
1156 646 1307 709 agitur
1329 645 1386 692 de
1407 645 1751 702 Luminaribus,
1786 662 1871 708 pro
1915 663 2009 695 uno
2030 650 2329 712 accipiuntur,
2364 654 2414 700 δε

402 718 584 774 dicitur,
619 717 675 763 fit
697 715 964 764 Luminaria
983 715 1032 760 in
1054 710 1270 775 Expanso
1292 710 1549 758 Coelorum.
1619 711 1852 759 Mirabilia
1887 711 1944 759 de
1979 713 2068 760 hoc
2092 714 2197 761 licet
2219 714 2413 773 referre;
2485 750 2503 764 .

399 783 624 830 *Coelestes
649 779 838 843 Angeli‚
873 780 980 842 quia
1003 795 1029 824 a
1050 779 1259 825 Domino
1293 775 1395 823 sunt
1432 778 1479 824 in
1503 777 1580 824 tali
1605 779 1799 834 Amore,
1834 793 1891 825 ex
1914 780 2091 826 Amone
2130 781 2176 825 in
2199 782 2413 838 omnibus

401 850 509 903 fidei
530 845 888 911 Cognitionibus
926 845 1044 901 sunt,
1080 845 1131 892 ὅτ
1154 860 1212 891 ex
1234 858 1386 891 amore
1408 845 1457 890 in
1480 843 1557 890 tali
1579 844 1674 890 vita
1695 843 1745 891 δε
1769 844 1870 890 luce
1893 843 2220 908 intelligentiae,
2259 859 2310 893 ut
2329 851 2411 895 va

401 913 570 977 aliquid
610 910 797 958 describi
833 912 994 973 poffit:
1030 910 1238 957 Viciffim
1264 921 1417 956 autem
1455 910 1666 973 Spiritus,
1700 910 1782 973 qui
1822 910 1870 956 in
1893 909 2074 958 scientia
2094 910 2413 961 doetrinalium

400 980 507 1026 fidei
537 976 701 1042 absque
737 992 889 1024 amore
928 974 1046 1032 sunt,
1082 976 1130 1022 in
1167 975 1244 1023 tali
1266 973 1433 1038 frigida
1453 976 1564 1040 yita,
1599 975 1650 1023 ὅτ
1671 974 1856 1024 obscura
1878 974 1980 1023 luce
2001 975 2120 1033 sunt,
2155 989 2207 1024 ut
2229 993 2287 1024 ne
2309 980 2411 1042 qui-

400 1046 508 1092 dem
553 1044 608 1091 ad
641 1043 846 1107 primum
883 1041 1026 1089 limen
1061 1042 1160 1089 atrii
1183 1041 1413 1090 coelorum
1433 1042 1747 1106 approximare
1785 1043 1967 1105 poffint,
2002 1043 2114 1106 quin
2143 1055 2263 1090 retro
2286 1041 2413 1107 fugi·

400 1123 503 1158 ant:
540 1109 700 1157 dicunt
714 1108 904 1172 quidam
928 1107 970 1155 se
987 1107 1219 1155 credidiffe
1243 1108 1288 1155 in
1310 1107 1590 1164 Dominum,
1615 1106 1689 1154 sed
1711 1123 1805 1154 non
1827 1109 2056 1165 vixerunt,
2090 1107 2204 1155 ficut
2220 1108 2378 1156 docuit
2394 1133 2411 1166 ς

400 1178 458 1223 de
494 1175 659 1239 quibus
681 1176 912 1222 Dominus
946 1175 1007 1221 ita
1043 1173 1166 1237 apud
1190 1172 1507 1229 Matthaeum3
1561 1178 1596 1200 “
1628 1173 1742 1222 Non
1766 1174 1917 1221 omnis
1957 1173 2110 1221 dicens
2133 1174 2275 1231 Mihi,
2313 1176 2411 1223 Do-

401 1248 436 1269 “
472 1243 612 1298 mine,
662 1241 881 1298 Domine,
919 1239 1101 1293 intrabit
1142 1241 1190 1287 in
1225 1240 1443 1302 Regnum
1485 1238 1746 1297 Coelorum,
1805 1238 1880 1286 sed
1923 1237 2089 1288 faciens
2126 1240 2412 1289 voluntatem

402 1314 436 1335 “
472 1322 619 1355 meam
639 1325 651 1354 ε
691 1306 826 1354 multi
849 1306 1004 1354 dicent
1027 1305 1150 1353 Mihi
1170 1307 1216 1354 in
1240 1304 1315 1353 illa
1336 1304 1427 1362 die,
1461 1305 1682 1362 Domine,
1715 1306 1936 1363 Domine,
1967 1322 2117 1353 nonne
2138 1322 2220 1370 per
2243 1322 2411 1355 nomen

402 1380 437 1402 “
471 1385 605 1420 tuum
629 1372 1051 1436 prophetavimus,”
1084 1372 1135 1420 δε
1158 1387 1264 1435 quae
1303 1369 1532 1434 sequntur,
1569 1387 1663 1418 vn.
1715 1389 1794 1428 21,
1821 1389 1898 1420 22.
1933 1371 1991 1419 ad
2013 1369 2045 1418 f.
2081 1372 2263 1420 Exinde
2301 1389 2412 1421 con·

401 1438 500 1496 stat,
536 1439 662 1503 quod
701 1440 783 1502 qui
823 1440 869 1485 in
894 1440 1088 1494 Amore,
1124 1439 1258 1484 etiam
1284 1438 1331 1484 in
1369 1437 1460 1484 fide
1482 1437 1587 1494 lint,
1621 1437 1672 1485 ὅτ.
1711 1437 1772 1484 fic
1796 1439 1844 1484 in
1865 1438 1962 1485 vita
1983 1438 2172 1494 coelesti,
2207 1454 2301 1485 non
2331 1455 2411 1486 au-

402 1519 514 1562 tem,
550 1507 631 1569 qui
652 1503 694 1551 se
717 1505 878 1551 dicunt
898 1503 981 1550 effe
1004 1505 1051 1550 in
1074 1503 1183 1559 fide,
1218 1503 1269 1550 &
1298 1518 1390 1550 non
1416 1501 1518 1550 sunt
1557 1504 1603 1550 in
1626 1504 1722 1550 vita
1743 1504 1937 1554 amoris:
1973 1503 2084 1551 Vita
2117 1503 2224 1550 fidei
2247 1503 2414 1568 absque

402 1587 575 1627 amore,
611 1569 654 1617 se
682 1569 814 1617 habet
843 1570 958 1616 ficut
978 1569 1090 1616 Lux
1121 1568 1238 1616 Solis
1282 1568 1444 1632 absque
1469 1568 1646 1624 Calore,
1698 1581 1751 1615 ut
1789 1570 1836 1615 in
1859 1569 2044 1632 hyeme,
2079 1569 2264 1634 quando
2300 1570 2412 1618 nihil

401 1634 572 1694 crescit,
589 1635 660 1684 sed
680 1637 835 1683 omnia
849 1636 899 1683 ὅτ
916 1634 1092 1698 singula
1107 1646 1291 1698 torpent
1312 1635 1362 1682 δε
1386 1635 1691 1689 emoriuntur;
1712 1633 1784 1681 sed
1802 1634 1938 1682 Fides
1951 1651 2008 1681 ex
2024 1637 2201 1683 Amore
2224 1636 2266 1682 se
2281 1636 2414 1683 habet

400 1703 514 1750 ficut
527 1703 638 1750 Lux
660 1702 775 1749 Solis
791 1714 998 1764 tempore
1014 1701 1162 1757 Veris,
1178 1700 1364 1764 quando
1377 1701 1532 1748 omnia
1544 1699 1747 1747 crescunt
1765 1703 1813 1748 δε
1828 1701 2006 1757 florent,
2027 1717 2134 1748 nam
2150 1701 2287 1748 Calor
2308 1701 2411 1749 solis

402 1768 466 1816 est
487 1770 567 1832 qui
596 1767 842 1830 producit,
878 1769 926 1829 in
949 1765 1247 1828 spiritualibus
1270 1767 1321 1813 δε
1345 1765 1600 1812 coelestibus
1622 1765 1840 1822 fimiliter,
1880 1783 1986 1828 quae
2010 1766 2150 1814 solent
2173 1767 2413 1830 repraesen-

402 1835 485 1881 tari
515 1835 561 1880 in
584 1832 759 1889 Verbo,
808 1835 890 1894 per
919 1847 986 1887 ea,
1020 1847 1127 1894 quae
1167 1829 1270 1877 sunt
1295 1833 1343 1876 in
1378 1830 1572 1886 mundo,
1608 1831 1658 1877 δε
1699 1829 1829 1894 super
1852 1844 1991 1879 terra:
2037 1831 2160 1879 nulla
2193 1833 2326 1889 fides,
2362 1834 2412 1880 δε

402 1899 514 1945 fides
546 1897 710 1961 absque
731 1913 902 1953 amore,
937 1912 963 1942 a
982 1897 1191 1943 Domino
1229 1911 1414 1959 quoque
1443 1908 1743 1959 comparatur
1782 1897 1952 1959 hyemi,
1988 1897 2068 1943 ubi
2092 1898 2148 1960 de
2175 1897 2412 1945 consuma-

403 1966 525 2011 tione
548 1962 698 2024 saeculi
721 1962 935 2025 praedixit
964 1961 1085 2024 apud
1102 1961 1345 2018 ⁴Marcum,
1373 1962 1423 1988 '“
1457 1961 1613 2017 Orate,
1649 1977 1706 2008 ne
1747 1960 1826 2008 fiat
1855 1960 1969 2025 fuga
1989 1961 2131 2009 vestra
2156 1963 2204 2010 in
2229 1963 2410 2025 hyeme,

407 2036 443 2057 “
477 2041 609 2077 erunt
647 2027 770 2075 enim
794 2027 889 2074 dies
915 2026 984 2073 isti
1022 2027 1320 2084 afflietionisss’
1346 2041 1463 2075 x111.
1495 2030 1572 2083 18,
1602 2045 1674 2091 19.
1715 2023 1827 2090 fuga
1861 2025 1926 2074 est
1949 2027 2166 2075 ultimum
2205 2040 2407 2093 tempus,

401 2097 536 2143 etiam
557 2092 754 2158 cujusvis
793 2093 991 2142 hominis
1028 2109 1138 2140 cum
1177 2094 1405 2149 moritur,
1439 2093 1626 2156 Hyems
1659 2092 1723 2140 est
1759 2094 1850 2140 vita
1887 2093 2054 2140 nullius
2077 2095 2241 2142 amoris
2261 2117 2278 2151 ·,
2313 2095 2409 2143 dies

401 2161 652 2210 affii&ionis
685 2159 749 2207 est
771 2159 907 2206 status
939 2157 1033 2222 ejus
1058 2157 1314 2206 miserabilis
1347 2160 1394 2205 in
1417 2158 1550 2206 altera
1570 2159 1677 2206 vita.

474 2245 550 2291 35.
589 2226 790 2274 Homini
815 2225 934 2272 binae
966 2223 1196 2275 facultates
1219 2223 1340 2281 sunt,
1372 2224 1596 2272 Voluntas
1620 2225 1670 2272 δε
1693 2224 1950 2272 ῙηῑεῙῙεᾶυε
1970 2248 1984 2280 ;
2021 2241 2130 2272 cum
2154 2226 2412 2274 Intelleftus

404 2296 581 2356 regitur·
610 2309 635 2339 a
654 2291 918 2348 Voluntate,
954 2302 1064 2338 tunc
1102 2290 1236 2338 fimul
1257 2306 1404 2338 unam
1428 2302 1647 2346 mentem,
1682 2290 1742 2338 fic
1782 2307 1923 2338 unam
1944 2293 2088 2338 vitam
2112 2291 2409 2356 constituunt,

406 2376 511 2407 nam
535 2371 644 2405 tunc
669 2356 794 2421 quod
818 2357 962 2405 homo
984 2357 1085 2403 vult
1108 2358 1158 2404 &
1181 2358 1293 2421 agit,
1328 2357 1463 2404 etiam
1488 2357 1661 2419 cogitat
1682 2357 1734 2403 ὅτ
1758 2356 1951 2405 intendit
1971 2380 1985 2413 3
2022 2374 2131 2404 cum
2154 2371 2310 2406 autem
2332 2354 2410 2406 In-'

405 2425 607 2471 telletfms
644 2423 819 2470 diffidet
858 2439 884 2470 a
902 2422 1167 2479 Voluntate,
1218 2423 1333 2470 ficut
1370 2422 1493 2486 apud
1526 2438 1619 2479 eos,
1653 2423 1735 2485 qui
1773 2422 1916 2470 fidem
1953 2423 1996 2470 se
2032 2423 2192 2470 habere
2231 2425 2408 2482 dicunt,

362 2489 365 2492 ’
405 2489 479 2536 sed
519 2490 642 2536 aliter
678 2490 859 2546 vivunt,
894 2502 1005 2536 tunc
1041 2505 1130 2535 una
1152 2504 1281 2536 mens
1305 2489 1353 2535 in
1384 2488 1509 2535 binas
1540 2487 1830 2543 distrahitur3
1866 2505 1957 2536 una
1972 2490 2074 2536 vult
2096 2489 2138 2536 se
2157 2488 2329 2537 auferre
2362 2493 2409 2538 in

402 2555 610 2611 Coelum,
634 2554 768 2601 altera
789 2555 934 2601 tendit
956 2554 1012 2601 ad
1037 2553 1264 2602 infernum
1283 2577 1299 2610 ·,
1333 2554 1383 2603 ὅτ
1405 2555 1512 2618 quia
1531 2553 1739 2601 voluntas
1762 2570 1900 2602 omne
1922 2556 2035 2618 agit,
2068 2567 2193 2603 totus
2214 2570 2409 2620 quantus

404 2621 461 2669 'ad
486 2619 712 2667 infernum
744 2632 904 2675 rueret,
941 2619 1021 2666 nist
1040 2621 1272 2668 Dominus
1293 2618 1388 2683 ejus
1418 2619 1708 2669 misereretur.

475 2687 552 2749 36.
589 2686 688 2747 Qui
718 2683 971 2748 separarunt
993 2684 1134 2731 fidem
1158 2685 1213 2731 ab
1242 2701 1415 2742 amore,
1448 2701 1504 2732 ne
1526 2685 1716 2749 quidem
1740 2684 1885 2734 sciunt
1906 2684 2019 2751 quid
2039 2685 2186 2741 fides;
2222 2686 2338 2734 dum
2361 2689 2410 2744 in

406 2752 506 2800 idea
543 2750 650 2798 fidei
682 2749 800 2808 sunt,
836 2751 1022 2814 quidam
1047 2766 1139 2798 non
1169 2749 1314 2798 sciunt
1336 2750 1461 2798 aliter
1488 2767 1628 2814 quam
1649 2752 1778 2814 quod
1799 2751 1855 2798 fit
1880 2768 2003 2798 mera
2023 2753 2257 2815 Cogitatio
2277 2775 2291 2806 ;
2329 2753 2408 2800 ali·

405 2821 502 2882 qui,
540 2817 667 2881 quod
706 2816 760 2864 fit
782 2817 1015 2879 Cogitatio
1053 2817 1100 2862 in
1133 2817 1430 2872 Dominum;
1465 2818 1614 2879 pauci,
1650 2816 1777 2879 quod
1813 2817 1868 2864 fit
1896 2817 2119 2864 DoCtrina
2150 2818 2257 2864 fidei
2277 2837 2293 2866 ε
2334 2819 2408 2866 sed

407 2885 541 2931 Fides
564 2882 643 2940 est,
682 2899 774 2930 non
810 2882 957 2930 solum
981 2882 1199 2945 Cognitio
1222 2884 1433 2930 omnium
1469 2898 1574 2945 quae
1598 2882 1918 2946 complestitur
1939 2883 2159 2931 DoCtrina
2195 2883 2321 2940 fidei,
2355 2886 2406 2932 δε

406 2947 565 2996 eorum
586 2950 799 3013 Agnitio,
835 2947 909 2995 sed
932 2949 1156 3012 imprimis
1169 2946 1234 3011 est
1250 2948 1526 2996 Obedientia
1544 2949 1775 3005 omnium,
1796 2964 1903 3012 quae
1925 2948 2084 3004 docet;
2119 2950 2409 3012 primarium,

408 3015 535 3077 quod
572 3015 724 3070 docet,
773 3015 848 3060 cui
887 3012 1115 3070 obedient,
1153 3013 1216 3061 est
1253 3015 1406 3063 Amor
1440 3013 1654 3071 Domini,
1691 3015 1742 3060 ὅτ.
1781 3017 1935 3062 Amor
1976 3016 2192 3078 proximi,
2228 3017 2274 3061 in
2310 3032 2409 3078 quo

406 3081 488 3143 qui
523 3095 614 3125 non
641 3079 722 3136 est,
761 3095 853 3126 non
892 3080 955 3125 est
981 3080 1028 3126 in
1061 3079 1152 3127 fide
1171 3101 1188 3135 ·,
1229 3079 1357 3143 quod
1396 3081 1457 3128 ita
1487 3080 1602 3127 clare
1633 3080 1768 3134 docet
1794 3079 2045 3137 Dominus,
2094 3094 2146 3127 ut
2186 3079 2406 3144 nusquam

409 3146 541 3209 poffit
566 3143 775 3201 dubitari,
812 3145 933 3208 apud
957 3145 1193 3202 Marcum,
1226 3145 1303 3201 ita,
1356 3149 1390 3173 ‘⁶
1425 3146 1700 3197 Primarium
1731 3147 1943 3193 omnium
1966 3158 2301 3210 praeceptorum
2322 3145 2403 3202 est,

410 3216 445 3239 ⁶⁶
479 3211 583 3257 audi
606 3209 751 3268 Israel,
785 3211 1019 3260 Dominus
1042 3210 1167 3258 Deus
1204 3210 1366 3270 noster,
1400 3212 1633 3261 Dominus
1658 3227 1776 3260 unus
1797 3210 1880 3270 est,
1910 3211 2015 3260 ideo
2050 3211 2215 3259 amabis
2236 3212 2407 3257 Domi-

2226 3279 2258 3302 ‘⁸
2294 3290 2413 3325 num
