2788 3736
721 255 1204 321 CAPUT
1323 250 1927 316 PRIMUM.
2322 280 2398 338 17

394 398 680 449 faciendum:
713 397 986 446 Intellectus
1024 397 1088 446 est
1127 398 1281 445 audire
1313 396 1538 452 Verbum,
1582 397 1632 444 δε
1655 397 1916 445 Voluntatis
1937 395 2001 442 est
2041 392 2182 444 facere
2202 419 2218 451 ·,
2251 398 2407 444 audire

393 466 603 515 Verbum
626 466 675 514 &
701 481 793 512 non
816 462 976 523 facere,
1011 465 1075 514 est
1097 465 1263 521 dicere,
1298 463 1426 527 quod
1459 463 1629 518 credat,
1665 465 1714 510 ὅτ
1739 476 1890 511 tamen
1924 478 2016 510 non
2041 463 2102 509 ita
2125 464 2263 520 vivit,
2311 464 2408 510 talis

391 530 560 596 separat
582 532 673 589 illa,
699 533 749 580 δι
774 531 976 580 distrahit
1000 543 1220 586 mentem,
1245 531 1295 577 δε
1319 546 1346 576 a
1364 530 1573 576 Domino
1590 541 1782 576 vocatur
1804 529 1996 586 Stultus,
2036 534 2069 556 “
2104 530 2288 586 Omnis,
2324 533 2405 593 qui

390 603 425 625 ‘⁶
458 598 587 648 audit
607 598 746 647 verba
785 615 903 655 mea,
940 599 990 646 &
1029 597 1137 645 facit
1159 597 1250 651 illa,
1286 611 1507 657 comparo
1542 596 1644 640 viro
1682 595 1914 658 prudenti,
1950 597 2030 658 qui
2054 596 2301 644 aedificavit
2322 597 2405 644 do-

390 670 424 692 “
460 680 595 713 mum
618 665 743 713 suam
766 665 896 728 supra
908 675 1085 726 petram
1102 684 1118 717 ·,
1161 674 1206 708 at
1227 662 1396 716 omniS,
1432 661 1513 723 qui
1535 661 1662 706 audit
1685 661 1821 708 verba
1843 677 1959 717 mea,
1977 661 2052 707 sed
2077 679 2168 709 non
2191 662 2297 711 facit
2315 663 2405 720 illa,

397 736 433 758 ‘⁶
468 747 689 796 comparo
713 731 816 778 viro
835 729 1006 784 Stulto,
1041 728 1124 791 qui
1147 727 1395 775 aedificavit
1418 726 1615 774 domum
1651 726 1777 775 suam
1817 726 1947 792 super
1973 731 2203 786 arenam,’'
2235 730 2406 777 Manli.

386 813 460 845 vn
485 816 495 846 :
536 815 621 859 24,
643 798 718 846 26.
752 797 882 859 Quae
905 793 1007 841 sunt
1026 793 1301 850 Intellefilms,
1336 790 1587 856 significata
1608 792 1726 850 sunt,
1752 805 1804 840 ut
1827 791 2068 849 ostensum,
2094 810 2175 856 per
2191 796 2406 858 Reptilia,

387 879 495 928 quae
517 879 649 927 aquae
672 876 909 926 prorepere
931 858 1120 918 faciunt,
1157 861 1208 908 δι
1242 876 1324 925 per
1348 862 1507 908 Avem
1540 860 1672 924 super
1694 873 1825 917 terra,
1863 861 1911 907 δι
1936 859 2066 924 super
2089 859 2285 907 faciebus
2308 863 2404 909 Ex-

388 930 511 994 panfi
524 952 540 985 ·,
554 977 558 980 ,
574 941 682 993 quae
722 926 824 978 sunt
846 927 1123 985 Voluntatis,
1174 927 1485 990 significantur
1521 926 1610 974 hic·
1624 943 1706 990 per
1743 928 1942 974 animam
1980 929 2232 984 viventem,
2269 944 2406 991 quam

385 1009 500 1044 terra
523 995 762 1060 producat,
787 1011 957 1058 perque
979 993 1175 1043 Bestiam
1198 995 1249 1041 &
1265 994 1500 1057 „Reptans,
1524 1005 1624 1041 tum
1649 1010 1730 1057 per
1754 995 1917 1042 Feram
1939 991 2035 1057 ejus
2058 1006 2204 1041 terrae.

382 1062 669 1186 11&ssssss
692 1062 1031 1178 ἕῄῖζῶῗέζῖ
1051 1059 1323 1176 ξιὲῗᾷῗωὲ.
1326 1076 1346 1159 ῗ
1368 1060 2042 1175 {352‘113‘32fssg3'2553m35
2070 1059 2409 1174 fflfflsserffiffi

384 1195 540 1244 Verbo
580 1195 759 1242 Veteris
781 1145 1099 1252 qTestamenti,
1158 1163 1348 1242 similia,
1366 1210 1447 1257 per
1487 1143 1800 1242 Ariimaliump
1820 1163 1983 1257 gengra
2016 1192 2403 1258 repraesentantur.

383 1261 547 1310 Bestiae
570 1259 672 1310 sunt
695 1260 892 1325 duplicis
915 1263 1108 1326 generis,
1145 1260 1248 1309 sunt
1268 1260 1403 1308 malae
1424 1260 1538 1324 quia·
1553 1261 1721 1318 noxiae,
1758 1263 1806 1308 δι.
1834 1260 1934 1308 sunt
1952 1260 2086 1308 bonae
2109 1261 2216 1324 quia
2240 1261 2373 1308 mites
2390 1283 2407 1316 ·,

379 1344 488 1392 quae
512 1327 631 1392 mala
652 1327 754 1376 sunt
778 1329 825 1375 in
847 1328 1051 1386 homine,
1074 1327 1323 1393 significata
1343 1326 1447 1376 sunt
1469 1343 1550 1392 per
1571 1327 1681 1376 tales
1704 1326 1877 1385 bestias,
1925 1340 1981 1374 ut
2003 1343 2084 1392 per
2106 1326 2268 1384 Ursos,
2305 1327 2407 1376 Lu-

379 1411 482 1458 pos,
518 1396 664 1443 Canes
689 1418 704 1451 ;
735 1411 844 1459 quae
866 1395 986 1444 bona
1008 1396 1059 1444 δε
1083 1396 1229 1452 mitia,
1264 1410 1348 1459 per
1369 1394 1476 1444 tales
1498 1411 1684 1459 quoque
1704 1393 1878 1452 bestias,
1913 1393 2027 1441 sicut
2049 1410 2131 1458 per
2154 1394 2404 1454 Juvenc05,

380 1463 509 1510 Oves
533 1461 584 1509 δε
607 1464 775 1526 Agnos
783 1484 802 1519 ς,
839 1461 1016 1521 Bestiae,
1050 1463 1158 1526 quia
1179 1461 1254 1509 hic
1277 1462 1429 1526 agitur
1450 1461 1508 1509 de
1531 1462 1865 1526 regenerandis,
1900 1461 2002 1508 sunt
2025 1461 2161 1508 bonae
2183 1462 2233 1508 δε
2257 1462 2405 1516 miteS,

291 1534 293 1537 ’
380 1528 636 1592 significant
657 1527 965 1578 Affectiones:
989 1545 1096 1594 quae
1119 1526 1328 1577 inferiora
1350 1528 1470 1586 sunt,
1497 1530 1547 1576 δε
1570 1528 1674 1593 plus
1698 1528 1881 1577 trahunt
1897 1545 1922 1576 a
1942 1543 2150 1592 corpore,
2182 1540 2407 1582 vocantur

381 1595 512 1644 Ferae
535 1592 630 1659 ejus
653 1607 802 1652 terrae,
836 1596 889 1648 δι
918 1595 1022 1644 sunt
1043 1595 1328 1660 Cupiditates
1349 1596 1401 1644 &
1423 1594 1710 1660 Voluptates.

358 1682 361 1685 ’
446 1662 529 1723 46.
565 1662 716 1727 Qod
737 1661 900 1711 Bestiae
917 1662 1174 1727 significent
1196 1662 1481 1711 Affec'tiones
1506 1661 1628 1726 apud
1652 1662 1906 1718 hominem,
1934 1656 2074 1709 malas
2097 1661 2219 1725 apud
2244 1660 2404 1717 malos,

380 1729 431 1778 &
452 1729 592 1777 bonas
622 1729 747 1793 apud
780 1729 942 1786 bonos,
978 1728 1179 1778 constare
1201 1728 1349 1794 potest
1371 1745 1428 1777 ex
1449 1729 1608 1781 Verbo
1630 1729 1818 1793 pluries,
1861 1743 1914 1776 ut
1948 1728 2069 1792 apud
2094 1728 2404 1784 Ezechielem,

381 1800 416 1822 ‘⁶
450 1795 574 1843 Ecce
595 1795 705 1858 Ego
739 1795 798 1842 ad
817 1811 920 1852 vos,
955 1796 1006 1843 &
1041 1794 1278 1860 respiciam
1317 1795 1375 1842 ad
1395 1811 1497 1852 vos,
1533 1808 1586 1843 ut
1616 1796 1887 1843 excolamini
1926 1795 1976 1842 δε
2017 1794 2316 1850 seminemini,
2352 1795 2404 1841 δε

381 1867 418 1913 ‘,‘
453 1859 768 1924 multiplicabo
791 1859 921 1923 super
942 1876 1028 1908 vos
1043 1861 1279 1908 hominem
1303 1861 1358 1908 δι’
1378 1861 1581 1918 bestiam,
1616 1862 1668 1909 &
1694 1860 2137 1924 multiplicabuntur,
2171 1861 2223 1908 δε
2246 1858 2404 1907 fruffl-

383 1932 418 1954 “
451 1924 725 1982 ficabuntur,
762 1926 813 1972 δι
836 1924 1032 1973 habitare
1070 1924 1233 1973 faciam
1254 1923 1339 1972 vos
1381 1925 1630 1974 secundum
1655 1928 1964 1990 Antiquitates
1984 1926 2197 1983 vestras?
2223 1942 2368 1974 xxxvx
2390 1946 2401 1975 :

378 2012 428 2058 9,
460 2009 536 2049 10,
568 2009 639 2040 11.
690 1991 769 2039 ubi
793 1990 850 2039 de
873 1993 1230 2056 Regeneratione
1254 1993 1418 2056 agitur.
1462 1993 1618 2056 Apud
1643 1992 1842 2053 Joelem,
1898 1998 1931 2020 “
1966 1993 2042 2040 Ne
2065 1993 2222 2040 timete
2239 1991 2399 2041 Bestiae

381 2065 417 2086 “
450 2060 547 2122 agri
571 2059 680 2115 mei,
718 2059 826 2123 quia
847 2057 1033 2107 herbosa
1052 2057 1167 2107 faeta
1203 2058 1455 2107 habitacula
1486 2058 1695 2115 deserti,”
1719 2076 1793 2107 11:
1824 2077 1900 2108 22.
1970 2059 2118 2124 Apud
2153 2060 2401 2116 Davidem,

385 2130 419 2152 “
454 2126 564 2189 Ego
603 2124 809 2183 stolidus,
845 2125 1006 2173 Bestiae
1029 2123 1097 2173 fui
1131 2125 1254 2190 apud
1274 2127 1483 2183 Deum,”
1519 2125 1669 2174 Psalm
1697 2142 1925 2175 Lxxvul:
1961 2143 2036 2175 21.
2109 2126 2255 2189 Apud
2278 2127 2404 2187 Jere·

382 2192 543 2250 miam,
580 2197 614 2220 “
648 2191 772 2240 Ecce
795 2192 891 2239 dies
914 2193 1162 2250 venientes,
1197 2193 1248 2240 &
1271 2191 1500 2241 seminabo
1522 2192 1719 2241 domurn
1744 2192 1927 2250 Israelis,
1963 2194 2013 2240 δι’
2037 2193 2235 2240 domum
2258 2192 2400 2253 Jehu-

381 2264 416 2286 “
451 2258 542 2316 dae,
579 2257 746 2306 semine
778 2258 994 2317 hominis,
1029 2260 1081 2307 δε
1115 2259 1281 2307 semine
1305 2259 1482 2316 Bestiae,
1518 2261 1568 2308 &
1591 2259 1794 2324 vigilabo
1831 2258 1963 2324 super
1998 2261 2051 2307 iis
2088 2260 2144 2307 ad
2168 2259 2400 2306 aedifican-
2494 2292 2497 2293 γ

383 2330 418 2351 “
452 2324 568 2372 dum
604 2326 657 2373 δε
695 2325 1046 2390 plantandum,”
1070 2341 1215 2374 xxxr:
1245 2343 1324 2392 27,
1352 2332 1429 2376 28.
1467 2326 1530 2374 ibi
1554 2327 1611 2374 de
1635 2328 1996 2391 Regeneratione
2016 2328 2179 2390 agitur.
2252 2326 2402 2388 Quod

381 2393 514 2438 Ferae
550 2392 711 2441 similia
733 2392 1007 2457 significent,
1044 2405 1095 2440 ut
1127 2393 1250 2457 apud
1273 2393 1495 2451 Hoseam,
1534 2399 1567 2421 ‘⁶
1603 2394 1782 2441 Feriam
1822 2393 1908 2440 illis
1943 2391 2097 2441 foedus
2121 2394 2169 2439 iu
2203 2392 2276 2439 die
2301 2392 2398 2447 illo,

382 2463 416 2484 ‘⁶
450 2473 558 2505 cum
589 2458 702 2506 Fera
724 2460 863 2524 Agri,
897 2461 1083 2521 &Icum
1113 2461 1214 2509 Ave
1237 2460 1484 2517 coelorum,
1520 2461 1570 2508 &
1597 2460 1770 2524 Reptili
1794 2461 1973 2517 terrae,’'
2001 2477 2070 2508 11:
2108 2464 2179 2508 18.
2251 2461 2397 2523 Apud

380 2523 575 2586 Jobum‚
612 2530 648 2552 “
682 2527 733 2573 A
754 2524 847 2574 fera
860 2538 991 2574 terrae
1014 2543 1107 2575 non
1141 2527 1340 2584 timebis,
1389 2543 1497 2575 nam
1521 2544 1631 2580 cum
1669 2527 1892 2590 lapidibus
1932 2528 2029 2590 agri
2067 2525 2220 2590 foedus
2246 2538 2397 2581 tuum,

381 2596 416 2618 “
450 2591 502 2638 &
538 2589 631 2638 fera
662 2592 758 2654 agri
792 2593 981 2656 pacifica
1017 2595 1118 2655 eritx
1147 2594 1281 2651 tibi,’'
1307 2611 1389 2642 1v:
1435 2611 1511 2643 22.
1582 2595 1728 2658 Apud
1770 2593 2082 2650 Ezechielem,
2120 2598 2153 2620 “
2190 2592 2398 2656 Pangam

381 2662 415 2685 “
450 2656 582 2705 vobis
611 2655 766 2705 foedus
805 2660 945 2722 pacis,
980 2660 1031 2706 &
1054 2660 1210 2708 ceffiire
1248 2658 1409 2708 faciam
1447 2659 1588 2708 feram
1624 2661 1790 2708 malam
1824 2678 1848 2708 e
1880 2674 2010 2717 term,
2048 2673 2098 2707 ut
2122 2659 2319 2706 habitent
2351 2662 2397 2705 in

379 2729 415 2751 “
450 2722 624 2772 deser-to
659 2724 989 2783 confidenter,’'
1013 2741 1195 2774 xxxxv:
1238 2743 1314 2788 25.
1385 2726 1533 2790 Apud
1570 2727 1766 2784 Esaiam,
1806 2731 1839 2754 “
1875 2727 2138 2774 Honorabit
2162 2727 2248 2772 Me
2282 2727 2397 2772 Fera

343 2788 351 2792 s
380 2795 415 2818 “
451 2791 564 2854 agri,
601 2792 708 2855 quia
730 2790 836 2840 dedi
860 2792 906 2839 in
929 2791 1102 2840 deserto
1125 2794 1310 2856 aquas,”
1334 2809 1463 2840 xmn
1484 2812 1494 2840 :
1523 2809 1598 2842 20.
1671 2793 1818 2856 Apud
1841 2792 2150 2849 Ezechielem,
2189 2798 2222 2819 “
2247 2792 2303 2839 In
2325 2808 2392 2838 ra-

379 2861 415 2885 “
449 2858 537 2904 mis
573 2857 691 2905 illius
732 2857 1023 2907 nidificarunt
1045 2860 1197 2906 omnis
1221 2860 1341 2907 Avis
1372 2859 1616 2917 coelorum,
1653 2861 1702 2908 δε
1729 2859 1807 2906 sub
1830 2861 1964 2906 ramis
1995 2858 2114 2906 illius
2138 2873 2392 2922 genuerunt

383 2927 416 2950 “
450 2925 602 2972 omnis
626 2926 665 2972 F
667 2940 740 2972 era
777 2925 890 2988 agri,
927 2943 978 2974 ac
1009 2927 1055 2973 in
1078 2925 1242 2973 umbra
1276 2926 1394 2974 illius
1418 2925 1730 2973 habitaverunt
1770 2942 1930 2974 omnes
1963 2938 2119 2990 gentes
2160 2927 2393 2988 niagnae,’'

378 3004 521 3038 xxm:
558 2993 618 3047 63
651 2992 713 3039 ita
750 2991 808 3039 de
841 2993 1037 3056 Affyrio,
1087 3009 1183 3056 quo
1219 2992 1499 3056 significatur
1537 2993 1681 3040 homo
1710 2992 1962 3056 spiritualis,
2019 2994 2071 3046 ,δῑ
2105 3005 2392 3056 comparatur

376 3056 512 3103 horto
533 3056 718 3105 Edenis.
789 3059 937 3122 Apud
962 3059 1207 3116 Davidem,
1245 3065 1279 3086 “
1314 3059 1578 3115 Glorificate
1602 3060 1827 3121 Jehovam
1852 3075 2010 3106 omnes
2035 3059 2207 3122 Angeli
2230 3058 2387 3121 Ipsius,

379 3128 414 3149 “
447 3121 699 3185 glorificate
729 3141 754 3172 e
783 3137 898 3172 terra
936 3127 1038 3183 ceti,
1087 3126 1220 3174 arbor
1264 3124 1454 3183 frudtus,
1511 3124 1624 3183 fera„
1655 3128 1705 3176 ὅτ
1735 3127 1885 3174 omnis
1918 3126 2068 3182 bestia,
2112 3139 2303 3189 reptans,
2340 3124 2388 3169 &

379 3193 414 3215 “
448 3189 542 3235 avis
565 3188 699 3246 alae,”
729 3189 894 3238 Psalm.
922 3208 1150 3240 cnvm:
1184 3210 1230 3249 2,
1259 3210 1304 3256 3,
1330 3211 1380 3254 4,
1409 3208 1454 3257 7,
1481 3212 1531 3260 9,
1563 3211 1634 3242 10.
1678 3194 1804 3241 -Hic
1842 3191 2018 3255 prorsus
2059 3192 2214 3238 eadem
2239 3190 2388 3236 nomi-

377 3267 558 3313 nantur,
594 3267 646 3303 ut
669 3257 771 3315 ceti,
807 3257 938 3307 arbor
977 3258 1167 3318 sruftus,
1204 3257 1311 3319 fera,
1348 3259 1500 3316 bestia,
1536 3272 1730 3325 reptanS,
1768 3260 1894 3317 avis3
1931 3259 2011 3306 nifi
2035 3274 2115 3321 per
2138 3274 2186 3306 ea
2220 3254 2391 3317 fignifi-

1439 3327 1487 3375 D
2235 3332 2392 3371 centur
