2788 3736
436 264 571 351 584
755 208 760 216 ⁵
928 246 1911 318 GENE-VSIS.

518 391 735 452 limrum,
775 384 895 459 quid
935 403 1025 438 non
1075 385 1129 437 in
1179 384 1274 458 ipr
1314 383 1393 438 illo
1414 384 1554 449 Calo,
1595 385 1653 439 δέ’
1697 385 1819 460 quid
1835 406 1926 442 non
1963 389 2020 444 in
2042 392 2165 448 Coelo
2194 394 2445 469 Angelico.
2475 381 2478 384 .

493 465 717 537 Spiritus
743 459 936 532 quidam
955 470 1086 523 tunc,
1132 459 1225 537 qui.
1235 458 1370 534 apud
1389 479 1467 535 mex
1484 465 1655 536 erant,
1705 462 1809 536 rius
1835 463 2089 535 increduli,
2128 471 2251 540 quod
2270 473 2367 525 tale
2382 472 2448 543 fit

506 538 710 595 Verbum
733 534 958 598 Domini,
996 545 1240 606 coeperunt
1249 534 1504 606 paenitere,
1523 532 1530 537 ⁴
1547 554 1632 607 quo
1682 534 1782 589 non·
1795 535 2109 606 crediderint,
2136 542 2354 598 dicebant
2391 546 2446 599 in

506 614 585 668 illo
591 612 749 684 statu,
785 608 908 684 quod
927 608 1144 683 credant,
1171 610 1287 682 quia
1311 609 1609 684 audiverunt
1653 610 1789 684 illum
1823 612 2005 687 dixiffi’,
2045 615 2168 688 quod
2181 617 2452 685 audiverit,

508 687 696 742 viderit
712 684 770 739 &²
781 683 1074 758 perceperit,
1092 683 1170 738 ita
1189 682 1283 757 ‘ff'-
1320 683 1421 737 <Sed
1434 679 1748 757 a’liispiritu}
1772 679 1932 743 adhuc.
1942 689 2100 765 inJua
2115 683 2454 748 incredulitate

504 760 800 836 perstabant,
826 760 885 813 &3
910 757 1129 813 dicebant
1153 778 1241 811 non
1273 759 1351 812 ita
1375 758 1471 833 effi,
1492 759 1590 831 sed
1618 760 1700 834 effl’
1714 761 2007 833 phantasias,
2030 783 2197 838 'quare
2219 767 2367 822 etiam
2400 768 2454 822 hi

490 903 494 906 ᾖ
500 837 667 911 subito
669 834 861 909 sublati
860 834 1001 907 sunt,
1030 834 1087 887 &³
1107 833 1216 887 inde
1233 852 1410 887 mecum
1435 834 1639 908 loquuti,
1672 837 1731 890 &²
1749 837 1889 908 fasti,
1928 839 2051 912 quod
2068 841 2198 894 nihil
2211 843 2366 909 minus
2382 842 2462 914 fit

508 930 656 986 ⁸quam
692 909 958 989 phanfafia,
984 908 1099 982 quia
1120 908 1324 962 realiter
1331 909 1630 986 percipiunt,
1668 911 1791 985 quod
1823 912 1899 966 ita
1915 915 2007 985 fit,
2035 916 2311 988 .&.quidem
2333 909 2461 992 per-'

517 987 724 1060 ceptione
745 983 1057 1056 exquisitiore,
1098 1003 1240 1056 quam
1255 983 1447 1057 usquam
1462 983 1579 1037 dari
1587 986 1722 1056 poffit
1740 986 1892 1040 alicui
1897 988 2063 1062 sensui
2081 990 2136 1042 in
2160 993 2273 1046 vita
2297 1003 2458 1064 corpo-

513 1063 609 1116 ris.
650 1062 774 1114 IWox
788 1058 935 1112 etiam
951 1058 1044 1111 alii
1058 1060 1111 1111 in
1136 1058 1259 1113 idem
1284 1058 1449 1112 coelum
1457 1058 1664 1130 sublati,
1681 1061 1739 1113 δέ’
1764 1061 1896 1114 inter
1919 1082 1989 1116 eos
2006 1083 2126 1118 unus
2147 1065 2202 1119 in
2222 1066 2336 1120 vita
2348 1085 2456 1120 cor-

508 1131 649 1210 sporis
672 1133 793 1188 mihi
816 1144 964 1204 notus,
987 1133 1069 1205 qui
1089 1132 1212 1186 idem
1236 1132 1444 1204 testatus,
1466 1133 1598 1186 inter
1622 1134 1726 1187 alia
1745 1135 1893 1188 etiam
1911 1137 2084 1202 dicens,
2106 1140 2229 1212 qu'od
2237 1140 2462 1214 praestu-

507 1224 633 1285 ⁸,pore
651 1208 859 1281 gloriam
885 1206 1034 1259 Verbi
1047 1207 1101 1258 in
1105 1207 1247 1278 stnfie
1266 1207 1396 1258 illius
1419 1207 1623 1270 interm,
1644 1206 1905 1279 describere
1927 1230 2016 1279 non
2032 1213 2205 1285 pfft;
2234 1236 2295 1268 ex
2318 1213 2457 1287 mise..

515 1286 713 1340 .ratione
727 1280 932 1355 quadam
950 1291 1065 1333 tunc
1083 1279 1280 1352 loquens,
1302 1280 1498 1352 inquiit,
1508 1281 1689 1334 mirum
1705 1281 1802 1355 ff’
1811 1283 1933 1354 quod
1943 1284 2144 1353 homines
2161 1307 2219 1342 ne
2235 1288 2385 1343 hilum
2399 1308 2462 1342 ex

529 1358 707 1414 talibus
734 1356 904 1430 sciant
923 1376 941 1407 .·
973 1365 1219 1427 praeterea
1263 1353 1412 1418 dixit,
1449 1354 1573 1427 quod
1606 1354 1717 1412 inde
1741 1355 2053 1427 cogitationes
2087 1379 2213 1414 meas
2245 1363 2304 1415 δέ*
2341 1361 2464 1434 affe-

530 1435 701 1490 ctiones
727 1449 849 1484 meas
875 1430 1059 1483 intueri
1072 1429 1266 1501 penitus
1293 1429 1451 1502 poffl’t,
1485 1430 1538 1482 in
1562 1429 1729 1501 quibus
1744 1433 2017 1503 perciperet
2041 1435 2195 1505 plura
2219 1454 2360 1509 quam
2373 1447 2465 1508 po-

530 1507 686 1582 tuiffl’t
707 1504 904 1569 edicere,
935 1503 1272 1631 stcutcatgass
1311 1504 1538 1576 irffluxus,
1587 1503 1724 1569 unde,
1747 1505 1809 1563 ἔθ’,
1830 1525 1864 1558 a
1883 1506 2064 1579 quibus,
2103 1509 2234 1563 ideas
2253 1510 2466 1582 quomodo

532 1585 703 1637 mixtae
739 1580 875 1654 effent
899 1578 1121 1643 terrenis,
1236 1582 1356 1651 quod
1373 1577 1668 1650 separandae
1691 1579 1889 1644 omnino,
1907 1592 2098 1652 praeter
2120 1583 2240 1637 alia.

463 1675 625 1732 1770.
655 1656 798 1711 Binis
845 1652 1034 1707 vicibus
1066 1651 1222 1725 postea
1272 1651 1385 1706 vidi
1430 1652 1547 1705 alios
1567 1651 1782 1725 sublatos
1825 1654 1879 1706 in
1903 1654 2107 1711 alterum
2133 1658 2311 1712 Coelum
2335 1659 2466 1712 inter

538 1732 753 1804 Spiritus
777 1727 1046 1800 Arzgelicos,
1094 1729 1152 1781 &
1176 1726 1287 1782 inde
1323 1746 1500 1782 mecum
1524 1727 1719 1802 loquuti,
1769 1747 1876 1782 cum
1894 1729 2109 1802 legerem,
2148 1733 2252 1804 Cap
2268 1753 2286 1785 .·
2318 1750 2389 1786 τι
2402 1752 2422 1787 1
2452 1753 2468 1785 t

536 1810 732 1876 Deuter
750 1826 766 1858 .·
819 1825 852 1858 a
860 1802 1106 1876 principio
1131 1803 1199 1856 ad
1214 1803 1386 1877 finem,
1432 1802 1653 1857 dicebant
1690 1801 1814 1876 quod
1816 1803 1972 1877 solum
2011 1806 2218 1881 insensu
2241 1807 2470 1861 interiori

540 1881 689 1937 Verbi
706 1880 856 1955 ssent,
908 1877 1220 1951 affeverantes
1244 1890 1375 1943 tunc,
1419 1878 1541 1952 quod
1583 1897 1640 1932 ne
1664 1890 1786 1951 apex
1809 1879 1995 1953 quidem
2032 1879 2144 1954 effit'
2158 1882 2212 1935 in
2249 1901 2334 1955 quo
2380 1900 2472 1935 non

523 1956 687 2032 sensus
695 1955 994 2028 spiritualis*
1003 1954 1325 2026 pulcherrime
1351 1972 1457 2008 cum
1481 1953 1677 2028 reliquis
1690 1953 1939 2020 cohaerens,
1989 1967 2090 2011 tum
2144 1956 2237 2010 uod
2256 1957 2471 2012 Nomina

511 2031 798 2104 ⁸stgrnifi'cent
816 2049 891 2082 res
912 2055 932 2094 -3
977 2029 1053 2082 ita
1078 2029 1347 2101 confirmati
1369 2049 1557 2102 quoque,
1602 2030 1718 2103 quia
1733 2030 1878 2103 prius
1896 2050 1985 2085 non
2005 2050 2084 2084 cre
2116 2031 2327 2096 iderant,
2352 2029 2474 2104 quod

540 2106 704 2160 omnia
725 2103 987 2175 &singula
1010 2104 1065 2157 in
1090 2104 1242 2158 Verbo
1267 2124 1300 2157 a
1324 2105 1535 2159 Domino
1554 2104 1797 2176 inspirata
1814 2105 2021 2176 fuerint
2039 2133 2056 2171 ;
2094 2106 2175 2159 hoc
2212 2106 2474 2166 ,voluerunt

450 2202 455 2207 ·
535 2181 691 2235 etiam
711 2199 870 2233 coram
889 2179 1002 2231 aliis
1010 2178 1292 2249 juramento
1311 2180 1606 2244 confirmare,
1631 2179 1728 2250 sed
1745 2198 1836 2232 non
1849 2170 2245 2250 permittebatur.
2427 2238 2430 2247 ,

474 2276 504 2312 .1
517 2273 641 2329 771.
668 2254 877 2325 Qidam
918 2254 1133 2325 Spiritus
1172 2254 1319 2307 etiam
1357 2254 1416 2306 in
1439 2251 1776 2309 incredulitate
1798 2263 1941 2305 erant
1981 2251 2036 2305 de
2060 2252 2210 2315 Verbo
2245 2252 2473 2317 Domini,
2546 2298 2553 2302 .

545 2330 667 2403 quod
680 2330 805 2382 talia
829 2329 883 2380 in
882 2328 999 2398 finu
1006 2327 1097 2398 stu
1112 2327 1242 2380 intus
1269 2327 1540 2381 reconderet
1562 2354 1580 2391 3
1610 2325 1734 2399 fient
1757 2327 1881 2380 enim
1905 2327 2121 2398 Spiritus
2155 2326 2372 2399 insimili
2392 2327 2474 2380 in-

549 2403 833 2457 credulitate
870 2402 925 2453 in
949 2402 1109 2453 altera
1146 2404 1274 2466 vita,
1313 2401 1367 2454 in
1402 2421 1498 2473 qua
1504 2401 1722 2472 fuerunt
1758 2399 1954 2455 invita
1979 2401 2202 2473 corporis,
2239 2421 2348 2474 quae
2383 2421 2477 2455 non

542 2477 799 2549 *diffipatur
818 2494 959 2548 quam
965 2486 1064 2546 per
1074 2474 1229 2528 media
1252 2496 1286 2528 a
1301 2476 1514 2528 Domino
1526 2475 1744 2547 provisa,
1762 2477 1825 2530 &
1840 2487 1934 2548 per
1959 2477 2106 2529 vivas
2122 2477 2476 2548 experientia53

539 2572 700 2626 quare
724 2570 828 2604 cum
847 2550 1045 2621 legerem
1068 2549 1246 2622 aliquos
1270 2549 1481 2621 Pfhlmos
1506 2549 1748 2615 Davidis,
1777 2550 1982 2607 interior
2007 2569 2163 2603 eorum
2183 2550 2377 2604 intuitio
2385 2550 2478 2622 stu

542 2646 666 2681 mens
685 2623 995 2699 aperiebatur
1020 2651 1036 2688 3
1078 2623 1132 2676 hi
1172 2643 1260 2676 non
1266 2623 1460 2697 sublati
1480 2624 1603 2697 sunt
1628 2624 1760 2677 inter
1785 2625 2000 2697 Spiritus
2024 2625 2276 2697 Angelicos
2297 2651 2314 2689 3
2342 2636 2477 2680 vtunc

542 2702 789 2755 interiora
809 2698 956 2751 Verbi
984 2699 1038 2751 in
1058 2698 1282 2771 Psalmis
1300 2699 1402 2751 illis
1425 2697 1778 2771 percipiebant,
1817 2699 1984 2772 quibus
2006 2699 2309 2771 obstupefatJi
2347 2698 2476 2750 dice·
2560 2695 2565 2749 ζ
2590 2754 2606 2768 x

548 2775 668 2828 bant
691 2773 814 2847 quod
830 2773 956 2826 talia
973 2773 1198 2845 nusquam
1222 2772 1531 2831 crediderint.
1609 2773 1849 2827 Auditum
1886 2785 2001 2827 tunc
2021 2773 2140 2845 ficit
2166 2771 2371 2824 Verbum
2395 2771 2477 2824 hoc

491 2886 502 2899 .
553 2868 587 2900 a
603 2846 823 2918 pluribus
846 2847 958 2900 aliis
972 2850 979 2857 '
989 2847 1272 2919 spiritibus,
1306 2846 1403 2919 sed
1419 2849 1505 2920 qui
1519 2866 1681 2906 ,omnes
1720 2847 1969 2919 capiebant
1985 2845 2118 2918 *illud
2155 2865 2260 2898 cum
2308 2845 2477 2899 diver-

527 2922 721 2993 fitate3
766 2922 897 2991 apud
916 2922 1129 2992 quosdam
1155 2922 1378 2992 implebat
1397 2921 1698 2993 cogitationis
1723 2918 2065 2981 illorfft‘itleas
2081 2919 2303 2991 pluribus
2328 2939 2477 2973 ameea

552 2995 627 3048 nis
651 2994 708 3047 &³
729 2994 976 3062 jucundis,
1016 2995 1094 3046 ita
1130 2996 1353 3067 quadam·
1374 2996 1502 3058 vita,
1528 2994 1790 3065 ficundum
1811 2993 2020 3065 cujusvis
2044 2993 2376 3065 capacitatem,
2422 2994 2479 3046 &¹

530 3067 689 3141 stmul
701 3067 909 3139 efficacia
924 3079 1208 3136 penetrante
1244 3068 1317 3120 ad
1336 3068 1524 3119 illorum
1557 3068 1767 3131 intima5
1818 3067 1950 3137 apud
1967 3067 2181 3139 quosdam
2224 3078 2384 3131 tanta,
2421 3078 2477 3118 ut

554 3142 745 3216 vzflstbi
768 3141 929 3210 veifits
949 3141 1187 3193 interiora
1210 3141 1320 3194 caeli
1363 3140 1562 3202 elevari,
1608 3159 1668 3192 ac
1701 3142 1900 3212 propius
1934 3143 1992 3194 δέ
2024 3142 2222 3212 propius
2255 3141 2326 3194 ad
2364 3143 2475 3195 Do-

552 3218 752 3281 minum,
779 3213 1038 3287 st’cundum
1054 3213 1258 3286 gradus,
1299 3233 1386 3286 quo
1407 3233 1531 3267 vera
1557 3215 1612 3267 &²
1652 3215 1785 3268 veris
1822 3212 2043 3286 iry'unbla
2069 3214 2187 3269 bona
2223 3215 2477 3288 cffcerent.
