2788 3736
595 227 958 294 CAPUT
1015 221 1537 289 DECIMUM
1585 223 2150 314 QUARTUM.
2251 248 2391 314 337.

447 372 518 444 -est
540 371 594 425 in
603 370 746 443 sensu
770 387 951 431 vocum,
972 377 1088 419 tunc
1089 364 1352 438 stcundum
1371 364 1506 417 illum
1525 365 1660 418 cadit
1678 365 1904 436 cogitatio
1917 377 2139 437 prompte
2157 366 2391 439 &sponte
2415 376 2417 378 ’

398 493 401 496 .
455 448 510 500 in
533 466 679 509 voces,
707 442 935 514 estfinfics
959 442 1178 507 internus
1201 440 1285 512 qui
1293 438 1523 510 producit
1545 459 1677 493 voces
1695 467 1712 504 3
1750 440 1946 511 insensu
1968 441 2064 493 tali
2086 441 2274 494 interno
2298 442 2389 504 ad-

396 515 401 520 *
443 520 548 574 huc
558 519 811 592 subtiliori
835 522 893 573 &³
919 515 1239 569 excellentiori
1258 513 1452 585 confistit
1475 513 1652 585 loquela
1661 515 1947 585 spirituum,
1976 526 2073 587 per
2090 535 2223 589 quem
2244 516 2390 582 homo,

457 595 678 667 quamvis
702 593 784 647 hoc
806 591 969 663 nescit,
1008 589 1320 661 communicat
1345 607 1451 640 cum
1451 588 1734 661 spiritibus.

389 686 412 722 1
426 669 549 741 639.
587 667 800 741 Loquela
824 685 1007 729 vocum,
1046 675 1102 717 ut
1126 663 1324 727 dietum,
1363 662 1623 736 estloquela
1641 664 1846 734 propria
1891 664 2143 730 hominum,
2182 668 2241 722 δέ’
2284 668 2394 741 qui-

458 745 562 798 dem
582 743 818 797 memoriae
831 740 939 812 ejus
963 750 1213 810 corporeae,
1253 749 1309 790 at
1333 736 1508 810 loquela
1532 736 1750 810 idearum
1784 740 2084 809 cogitationis
2122 742 2182 808 est
2218 742 2394 814 loquela

439 819 736 892 spirituum,
770 817 828 869 &
862 814 1047 888 quidem
1094 814 1333 886 memoriae
1380 811 1645 875 interioris,
1683 832 1789 885 quae
1823 813 1883 881 est
1905 817 2131 868 memoria
2138 816 2352 888 spiritus
2377 845 2393 881 3

460 893 584 946 hanc
602 892 803 945 homines
827 887 1163 961 nonstiuntst’
1179 887 1368 950 habere,
1406 887 1524 959 quia
1548 886 1774 939 memoria
1788 889 2173 958 particularium
2175 891 2267 962 Jeu
2286 911 2394 944 ma-

458 967 725 1030 terialium,
764 985 870 1038 quae
891 975 1114 1036 corporea
1162 957 1240 1032 est,
1279 980 1407 1014 omne
1413 961 1563 1031 facit
1596 961 1654 1014 ἃς*
1699 960 1911 1033 obfuscat
1956 962 2251 1028 interiorem,
2290 986 2396 1018 cum

458 1054 620 1096 tamen
643 1041 770 1094 homo
792 1039 962 1111 absque
980 1036 1214 1092 memoria
1244 1035 1487 1099 interiori,
1514 1035 1614 1105 ejus
1630 1035 1848 1108 spiritus
1861 1037 2088 1106 propria,
2114 1039 2242 1109 nihil
2251 1041 2397 1111 potest

460 1117 677 1188 cogitare
694 1142 711 1177 3
748 1133 808 1166 ex
831 1112 923 1165 hac
940 1110 1168 1163 memoria
1169 1108 1355 1182 saept‘us
1375 1109 1587 1182 loquutus
1593 1110 1709 1181 stem
1732 1130 1838 1164 cum
1835 1109 2118 1181 spiritibus,
2135 1114 2211 1166 ita
2229 1115 2398 1185 lingua

456 1209 618 1245 eorum
631 1186 858 1260 propria,
895 1185 978 1238 hoc
1027 1184 1104 1255 est,
1133 1195 1230 1254 per
1254 1183 1385 1236 ideas
1407 1184 1740 1254 cogitationis;
1777 1204 1884 1257 quae
1916 1184 2087 1256 lingua
2110 1207 2252 1260 quam
2286 1191 2398 1242 uni-

399 1260 402 1263 *
458 1263 662 1336 versalis
684 1263 744 1315 δέ’
764 1260 940 1332 copiosa
969 1259 1061 1328 stt,
1099 1257 1306 1327 constare
1309 1257 1458 1328 potss
1480 1277 1540 1310 ex
1563 1277 1628 1321 ea,
1667 1259 1792 1331 quod
1809 1260 2094 1330 unaquaevis
2106 1281 2203 1315 vox
2225 1263 2399 1334 habeat

453 1339 616 1394 ideam
641 1336 802 1390 multae
818 1333 1103 1405 exterfionis‚
1141 1352 1255 1385 nam
1278 1343 1438 1384 notum
1457 1332 1533 1401 est,
1560 1333 1685 1403 quod
1718 1353 1816 1386 una
1849 1334 1977 1385 vocis
2000 1334 2110 1388 idea
2127 1337 2290 1390 multis
2312 1360 2399 1392 ex-

450 1412 570 1486 poni
578 1412 730 1484 pqffi't‚
767 1409 922 1480 magis
935 1407 1045 1481 idea
1069 1407 1210 1461 unius
1231 1406 1324 1469 rei,
1365 1409 1423 1460 ἔθ’
1442 1406 1599 1476 magis
1621 1406 1777 1460 adhuc
1789 1407 2029 1479 plurium,
2067 1430 2173 1482 quae
2186 1413 2401 1483 conferri

451 1486 639 1560 poſjunt
671 1486 725 1538 in
745 1502 892 1536 unam
909 1481 1214 1554 compositam,
1235 1491 1546 1552 apparentem
1579 1481 1718 1554 usque
1741 1494 1796 1534 ut
1810 1481 2077 1553 flmplicem
2097 1511 2113 1548 3
2151 1505 2211 1537 ex
2235 1488 2401 1558 quibus

459 1561 668 1631 constare
682 1557 845 1631 potest,
884 1557 1039 1630 qualis
1077 1556 1138 1626 est
1176 1554 1353 1627 loquela
1375 1555 1622 1608 naturalis
1643 1556 1920 1628 spirituum
1945 1555 2077 1611 inter
2102 1559 2178 1631 se,
2219 1562 2277 1614 δέ’
2306 1574 2400 1635 per

399 1676 402 1680 ,
461 1656 604 1708 quam
622 1632 845 1707 loquelam
868 1632 995 1685 homo
1013 1630 1323 1700 conjungitur
1327 1629 1610 1700 spiritibus.
2369 1690 2375 1694 .

383 1708 554 1784 {1640.
587 1712 791 1770 ⁴Datum
814 1705 875 1777 est
889 1705 1158 1777 percipere,
1195 1703 1449 1775 nonfilum
1467 1703 1683 1774 distincte
1712 1705 1801 1759 illa
1839 1727 1946 1781 quae
1970 1708 2186 1780 spiritus
2226 1729 2404 1766 mecum

398 1851 402 1855 J
458 1785 647 1858 loquuti
653 1785 794 1856 stent,
814 1780 912 1851 st'd
931 1780 1079 1833 etiam
1104 1779 1299 1834 ubinam
1322 1790 1439 1832 tunc
1459 1778 1611 1851 effint,
1619 1781 1732 1851 five
1738 1780 1901 1853 supra
1925 1795 2087 1854 caput,
2106 1785 2220 1854 five
2239 1786 2403 1856 iffa,

393 1891 401 1898 ·
444 1863 560 1936 five
578 1859 788 1914 adlatus
812 1856 1052 1924 dextrum,
1072 1855 1185 1925 five
1207 1853 1279 1906 ad
1275 1853 1544 1924 stnzstrum,
1579 1853 1655 1910 ad
1673 1875 1856 1922 aurem,
1896 1859 1980 1910 vel
1998 1857 2121 1910 alibi
2127 1859 2289 1929 juxta
2311 1873 2402 1914 aut

463 1937 606 1991 intra
621 1945 803 2005 corpus,
842 1931 912 1984 ad
931 1949 1072 2003 quam
1097 1928 1391 2001 distantiam„
1430 1929 1654 1982 remotius
1693 1942 1783 1983 aut
1797 1933 2114 2005 propinquius
2131 1961 2148 1998 3
2187 1932 2300 1987 nam
2344 1956 2404 1989 ex

463 2010 612 2066 vario
631 2010 722 2063 loco
741 2019 830 2060 aut
843 2007 967 2077 sttu,
1007 2006 1061 2057 in
1080 2023 1166 2077 quo
1192 2003 1410 2076 fuerunt
1411 2003 1673 2076 secundum
1675 2006 1821 2073 fitum
1856 2007 1910 2059 in
1936 2008 2162 2063 Maximo
2180 2010 2402 2074 Homine,
2443 2036 2446 2038 >

455 2087 548 2144 ,hoc
573 2085 648 2156 est,
670 2080 931 2156 secundum
938 2080 1127 2152 statum
1134 2079 1298 2152 ficum,
1336 2098 1514 2132 mecum
1555 2079 1735 2153 loquuti
1753 2081 1893 2153 sunt.
1971 2083 2233 2154 Percipere
2256 2085 2405 2138 etiam

454 2151 662 2222 datum,'
673 2155 856 2230 quando
874 2155 1114 2218 venirent,
1136 2155 1194 2208 &³
1202 2152 1619 2227 .quando,'abirent,
1635 2174 1738 2228 quo,
1757 2157 1815 2223 &³
1830 2156 2052 2229 quousque
2074 2183 2091 2221 3
2097 2159 2235 2230 sique
2237 2153 2405 2230 plures

455 2246 555 2290 aut
565 2233 816 2306 pauciores
840 2230 992 2304 effl’nt,
1019 2241 1213 2301 praeter
1242 2230 1347 2282 alia
1365 2250 1382 2280 .·
1422 2240 1525 2282 tum
1569 2249 1740 2302 quoque
1764 2250 1823 2284 ex
1847 2231 2023 2304 loquela
2066 2251 2224 2285 eorum
2249 2234 2406 2306 quales

469 2308 623 2380 ffnt,
664 2305 796 2359 'nam
821 2325 880 2357 ex
903 2304 1096 2376 loquela,
1114 2304 1352 2375 similiter
1391 2324 1452 2357 ac
1476 2301 1748 2376 exsphaera
1771 2325 1946 2369 eorum,
1975 2317 2119 2377 patet
2157 2309 2403 2379 manifeste

462 2401 556 2455 ,quo
573 2381 744 2452 genio,
769 2380 827 2432 &³
843 2399 937 2450 qua
961 2379 1113 2432 indole
1119 2378 1259 2450 stant,
1299 2392 1402 2432 tum
1426 2398 1523 2450 qua
1555 2381 1850 2453 perficafione
1893 2382 1951 2434 &
1989 2401 2084 2452 qua
2124 2382 2371 2453 affectione
2386 2411 2404 2448 3

459 2457 590 2526 rutfi
609 2454 752 2523 dolosi,
791 2452 977 2521 tametfi
990 2456 1098 2504 cum
1115 2453 1550 2523 loquunturnullus
1588 2454 1714 2521 dolus
1732 2467 1862 2519 tunc,
1909 2462 2046 2528 usque
2057 2476 2207 2527 genus
2222 2459 2279 2509 &
2287 2458 2405 2528 spe-

403 2596 407 2598 ,
471 2530 565 2583 cies
589 2529 684 2582 doli
706 2547 766 2580 ex
780 2526 988 2597 singulis
1012 2525 1203 2578 vocibus
1226 2529 1285 2579 &³
1320 2528 1438 2580 ideis
1452 2529 1733 2598 percipitur
1752 2556 1769 2592 3
1806 2531 1884 2583 ita
1902 2549 2051 2583 omnes
2075 2532 2272 2603 reliquae
2297 2551 2403 2584 ma-

471 2603 721 2676 lignitates
744 2602 802 2655 &²
822 2599 1122 2672 cupiditates,
1151 2600 1273 2658 ,adeo
1302 2614 1358 2653 ut
1376 2620 1465 2652 non
1490 2613 1599 2672 opus
1612 2603 1687 2671 stt
1711 2613 1767 2653 ut
1791 2602 1953 2661 multis
1986 2605 2304 2675 explorentur,
2344 2605 2405 2676 est

471 2679 528 2731 in
548 2678 721 2751 quavis
745 2695 856 2729 voce
871 2677 928 2728 ὃ
954 2674 1079 2738 idea,
1106 2675 1263 2746 imago
1287 2675 1399 2746 ejus.
1451 2675 1742 2746 Percipitur
1756 2676 1919 2740 etiam,
1958 2697 2070 2730 num
2084 2678 2192 2731 idea
2216 2679 2406 2751 loquela?

473 2772 632 2807 eorum
646 2753 721 2823 stt
755 2750 930 2822 clausa,
970 2749 1054 2806 vel
1072 2769 1185 2808 num
1204 2761 1377 2821 'aperta
1397 2776 1414 2812 3
1453 2760 1557 2802 tum
1582 2749 1755 2822 quoque
1789 2750 1909 2822 quid
1940 2750 1980 2804 a*
1999 2750 2168 2823 fimet,
2194 2753 2327 2826 quid
2346 2754 2408 2807 ab

476 2828 609 2891 aliis,
648 2827 768 2900 quid
785 2846 817 2878 a
833 2825 1074 2888 Domin03
1096 2825 1156 2895 se
1179 2824 1319 2876 habet
1342 2823 1553 2892 hocfere
1569 2824 1702 2897 ficut
1720 2825 1882 2878 vultus
1915 2827 2051 2898 apud
2066 2827 2307 2892 hominem,
2347 2849 2407 2881 ex

477 2919 563 2971 quo
601 2901 768 2974 absque
806 2899 997 2972 loquela,
1051 2897 1261 2970 cognosci
1284 2899 1423 2970 solet,
1482 2917 1593 2950 num
1604 2899 1887 2971 stmulatum
1909 2902 1998 2970 sit,
2028 2899 2149 2954 'num
2193 2903 2404 2975 dolosum,

428 2979 432 2981 ’
474 2991 592 3026 num
615 2975 795 3038 laetum,
832 2994 946 3027 num
969 2972 1126 3026 hilare
1150 2994 1182 3026 a
1201 2985 1385 3026 natura
1409 2972 1493 3025 vel
1511 2984 1638 3036 arte,
1676 2993 1788 3026 num
1809 2972 2016 3029 amicum
2035 2996 2091 3029 ex
2113 2976 2265 3039 corde,
2294 2996 2406 3028 num

406 3043 410 3046 ⁴
451 3048 811 3111 verecundum,
849 3049 996 3106 etiam
1014 3068 1126 3101 num
1150 3049 1367 3120 insanum
1395 3076 1410 3112 3
1444 3047 1712 3120 quandoque
1736 3049 1849 3103 tale—
1874 3047 2079 3122 apparet
2108 3071 2167 3103 ex
2192 3053 2307 3120 fimo
2340 3052 2406 3101 lo-

471 3121 625 3200 qztelae
644 3121 772 3192 ejus-3
796 3121 914 3193 quid
928 3123 1090 3188 nonin
1115 3123 1275 3179 altera
1300 3124 1428 3185 vita,
1469 3121 1553 3175 ubi
1567 3124 1811 3198 perceptio
1846 3121 2006 3179 multis
2030 3123 2213 3179 excedit
2233 3135 2407 3196 apper-

1105 3227 1109 3230 ·
1395 3199 1442 3253 Z
1470 3217 1501 3252 z
1529 3216 1560 3252 z
2157 3199 2406 3268 ceptionem
