2788 3736
408 283 542 350 312
907 255 1917 364 GENESI-S„

404 396 558 446 sedent
582 396 768 455 famem,
803 410 895 460 qua
917 393 1082 453 sedata,
1118 393 1231 443 nulli
1255 406 1445 444 nocent:
1482 394 1557 444 sed
1595 395 1723 444 aliter
1760 395 1941 461 prorsus
1972 396 2144 449 homo:
2182 398 2289 449 inde
2312 406 2422 451 con*

402 464 507 523 stat,
543 463 656 529 quid
680 465 925 528 proprium
947 462 1165 520 hominis,
1199 462 1252 511 &
1274 463 1389 527 quid
1409 461 1507 527 ejus
1529 462 1756 513 voluntas.
1829 464 1955 512 Cum
1979 464 2122 515 homo
2143 467 2230 515 tale
2251 468 2301 515 &
2319 479 2423 517 tan·

404 545 508 579 tum
537 531 713 579 malum
732 533 784 579 ὅ(
807 541 1148 578 excrementum
1178 528 1258 587 est,
1294 529 1484 585 constat,
1519 531 1649 595 quod
1683 527 1906 594 nusquam
1929 545 1986 579 ex
2008 530 2052 580 se
2072 533 2299 582 dominari
2321 533 2425 600 pos·

405 598 460 659 Iit
478 598 608 662 super
625 597 800 646 malum
817 620 830 654 ;
849 596 1253 653 contradistorium
1271 595 1451 661 prorsus
1467 595 1548 654 est,
1572 597 1702 661 quod
1716 596 1891 646 malum
1906 597 2134 647 dominari
2151 603 2284 664 poffit
2296 601 2427 667 super

405 664 600 723 malurn,
637 680 720 713 nec
744 663 891 712 solum
915 663 1244 729 super'malum
1268 662 1343 712 sed
1365 664 1416 712 δι
1440 662 1572 729 super
1607 661 1855 723 infernum,
1889 680 1997 712 nam
2019 665 2322 732 unusquisque
2342 668 2426 717 ho-

406 748 487 780 mo
521 747 603 796 per
641 731 788 780 malos
826 730 1005 796 spiritus
1037 731 1351 779 communicat
1382 746 1493 779 cum
1533 728 1725 790 inferno,
1762 731 1868 780 inde
1903 731 2097 789 malum,
2133 733 2264 798 quod
2301 734 2427 799 apud

401 814 533 856 eum,
569 799 822 847 excitatur:
857 814 916 846 ex
938 798 1008 846 his
1031 797 1336 862 unusquisque
1359 796 1484 855 scire,
1521 798 1571 846 ὅτ,
1594 799 1678 863 qui
1701 797 1817 847 fimae
1841 801 2008 847 mentis
2040 797 2122 857 est,
2157 798 2430 851 concludere

404 864 569 931 potest,
606 865 735 930 quod
752 864 887 913 Solus
907 866 1142 914 Dominus
1166 865 1236 923 fit,
1270 866 1373 931 Qi
1391 865 1656 914 dominatur
1678 864 1809 940 super
1832 865 2006 915 malum
2030 865 2152 931 apud
2174 866 2428 926 hominem,

407 934 460 980 δε
493 931 625 996 super
648 930 880 980 infernum
910 931 1040 996 quod
1069 932 1191 996 apud
1214 931 1466 981 hominem.
1537 932 1611 981 Ut
1650 931 1880 997 subjugari
1916 945 2052 997 queat
2088 932 2263 987 malum
2303 935 2429 1000 apud

406 998 664 1057 hominem,
699 998 789 1047 hoc
809 997 905 1057 est,
924 997 1173 1057 infernum,
1207 998 1338 1064 quod
1371 1000 1631 1063 unoquovis
1655 1011 1897 1048 momento
1929 1001 2095 1048 irruere
2124 1001 2171 1047 in
2193 999 2432 1050 hominem

404 1077 615 1123 conatur,
652 1068 701 1114 δε
722 1079 829 1113 eum
856 1066 903 1113 in
927 1078 1150 1114 aeternum
1174 1065 1378 1130 perdere,
1414 1065 1558 1115 homo
1596 1082 1622 1114 a
1643 1067 1852 1115 Domino
1891 1079 2194 1131 regeneratur,
2229 1067 2280 1115 &
2314 1083 2433 1118 nova

408 1132 665 1189 voluntate,
698 1147 806 1197 quae
836 1131 902 1181 est
925 1131 1209 1189 conscientia,
1253 1132 1466 1190 donatur,
1502 1148 1583 1198 per
1613 1148 1756 1197 quam
1788 1133 2020 1182 Dominus
2044 1133 2177 1182 Solus
2222 1146 2433 1197 operatur

351 1188 354 1204 ’
407 1213 548 1249 omne
591 1199 781 1248 bonum.
851 1200 977 1247 Haec
1001 1199 1103 1246 sunt
1126 1199 1251 1258 fidei,
1298 1214 1464 1263 nempe
1485 1199 1781 1264 quodhomo
1804 1214 1896 1248 non
1937 1198 1992 1247 fit
2015 1201 2096 1247 nisi
2122 1199 2331 1258 malum;
2381 1203 2432 1250 δε

408 1265 537 1329 quod
572 1282 711 1313 omne
735 1265 911 1313 bonum
937 1281 964 1313 a
986 1266 1227 1321 Domino·,
1261 1281 1401 1330 quare
1435 1266 1582 1314 homo
1617 1265 1692 1313 illa
1727 1282 1822 1315 non
1857 1264 2004 1315 solum
2041 1267 2163 1324 sciet,
2200 1266 2274 1314 sed
2297 1268 2435 1316 etiam

408 1331 621 1395 agnoscet
641 1333 691 1379 ὅτ
717 1331 870 1379 credet
890 1353 904 1387 ς
942 1331 974 1379 s1
1000 1347 1093 1380 non
1116 1333 1163 1380 in
1186 1332 1282 1381 vita
1305 1333 1508 1398 corporis
1531 1331 1736 1398 agnoscit
1769 1334 1818 1381 δε
1842 1332 2004 1392 credit,
2041 1333 2088 1380 in
2119 1333 2253 1381 altera
2274 1336 2370 1384 vita
2391 1335 2435 1384 ei
2459 1379 2463 1381 a

409 1400 469 1446 ad
493 1400 659 1447 vIvum
682 1398 946 1447 ostenditur.
1615 1406 1617 1408 ’
1673 1439 1675 1441 .
2086 1417 2090 1421 ·
2409 1418 2412 1419 ’

481 1470 592 1530 988.
630 1466 777 1530 Super
799 1481 988 1514 omnem
1013 1480 1148 1514 avem
1171 1466 1296 1524 coeli,
1331 1465 1460 1531 quod
1485 1465 1709 1531 significet
1731 1464 1862 1531 super
1879 1464 2085 1515 falsitates
2108 1482 2214 1531 quse
2239 1465 2342 1515 sunt
2365 1482 2435 1516 ra·

411 1532 602 1590 tiocinii‚
639 1532 813 1580 constat
835 1550 862 1580 a
882 1532 1212 1597 significatione
1229 1534 1379 1583 Avis:
1417 1535 1545 1582 Aves
1562 1534 1608 1580 in
1625 1533 1783 1581 Verbo
1805 1532 2061 1598 significant
2090 1532 2434 1592 intellefiiualia5

413 1600 563 1656 mites,
600 1599 732 1647 utiles
757 1601 806 1646 δε
833 1599 1035 1663 pulchrae
1060 1599 1314 1664 significant
1337 1599 1648 1647 intellectualia
1670 1615 1809 1657 vera,
1845 1611 1890 1647 at
1923 1599 2139 1657 immites,
2179 1600 2359 1648 inutiles
2383 1603 2435 1649 δε

413 1663 642 1713 deformes
666 1664 981 1714 intellectualia
1002 1663 1122 1723 falsa,
1146 1664 1221 1718 seu
1242 1664 1449 1715 falfitates
1478 1682 1586 1730 quae
1610 1664 1712 1714 sunt
1743 1666 1993 1714 ratiocinii:
2030 1666 2166 1731 quod:
2184 1666 2439 1731 significent

411 1731 745 1789 intelleciualia‚
779 1731 1004 1790 videatur,
1042 1749 1102 1781 n:
1130 1750 1212 1793 40,
1242 1749 1268 1797 7
1307 1733 1355 1791 6,
1396 1737 1526 1797 8703
1562 1732 1670 1780 inde
1693 1747 1878 1797 quoque
1900 1743 2040 1796 patet,
2077 1733 2203 1797 quod
2226 1749 2329 1780 aves
2347 1734 2437 1798 fig-

414 1798 602 1846 nificent
636 1800 881 1857 ratiocinia,
919 1801 968 1847 δι
1002 1815 1163 1847 eorum
1196 1748 1334 1856 sahi,
1369 1798 1497 1863 quod
1541 1815 1597 1847 ne
1631 1798 1765 1847 alicui
1805 1798 2000 1846 dubium
2025 1798 2095 1856 fit,
2131 1811 2296 1863 praeter
2331 1816 2439 1864 quae

416 1865 474 1916 de
511 1880 657 1913 corvo
680 1866 805 1913 dieta
826 1865 945 1923 sunt,
993 1883 1054 1914 n:
1108 1866 1218 1931 867.
1254 1866 1593 1914 confirmationi
1625 1865 1867 1913 inservient
1903 1864 2138 1929 sequentia*
2167 1865 2265 1913 haec
2305 1865 2436 1915 loca:

416 1932 542 2046 apuld
565 1933 833 1993 Jeremiam,
855 1938 906 2046 ἑ*
941 1932 1148 2047 νίὲῑῑαξὲ
1186 1931 1319 2046 Γιέρει·
1341 1949 1418 1982 eos
1440 1945 1637 1997 quatuor
1659 1931 1928 2047 igengilgxm
1964 1931 2120 1996 gladio
2142 1932 2200 1980 ad
2224 1932 2439 2045 (ἐΰς-,ἐάω-

418 2003 454 2026 “
523 2014 638 2045 um·
781 2001 938 2046 a'us
1049 2011 1092 2046 tr
1344 2023 1355 2033 ·
1549 2002 1566 2046 i
1675 2002 1693 2046 i
1868 2000 1982 2046 etiae
2017 2008 2145 2046 terrae
2203 2015 2227 2046 a
2329 2014 2438 2046 ev·-

420 2069 456 2093 “
491 2000 1124 2128 rmdpism&&cprei·dendaum,”
1145 2016 1208 2113 ξιξ
1224 2002 1451 2131 ευξεῖρυδεζὶ
1471 2001 1781 2115 ἔῖεεζξώἑω.
1825 2070 1859 2092 “
1879 2000 2040 2128 [Super
2056 2033 2184 2111 ruin'a
2198 2062 2294 2128 ejus
2315 2014 2440 2113 haiil-

420 2135 456 2159 “
489 2131 652 2179 tabunt
673 2132 823 2179 omnis
846 2132 961 2179 Avis
983 2132 1072 2179 coeli
1083 2155 1097 2188 ;
1133 2132 1183 2180 δε
1207 2133 1264 2181 ad
1287 2149 1436 2182 ramos
1457 2131 1554 2198 ejus
1593 2143 1724 2180 erunt
1746 2132 1896 2179 omnis
1912 2129 2003 2177 fera
2016 2131 2164 2194 agri‚”
2186 2146 2299 2178 xxx1
2319 2150 2330 2180 ε
2363 2150 2438 2197 13.

420 2196 545 2261 apud
567 2197 826 2255 Danielem,
863 2202 897 2226 “
931 2198 1146 2246 Tandem
1168 2197 1299 2264 super
1321 2201 1462 2248 Avem
1491 2198 1901 2257 abominationum,
1949 2196 2212 2254 desolatio,”
2251 2191 2438 2263 1xz'27.

416 2263 546 2328 apud
585 2264 860 2326 Johannem,
908 2270 944 2292 ‘⁶
979 2265 1186 2329 Babylon
1233 2265 1436 2314 custodia
1489 2267 1640 2313 omnis
1685 2265 1801 2313 Avis
1846 2264 2103 2311 immundae
2148 2266 2197 2311 δε
2241 2263 2440 2321 exosae‚’'

421 2332 591 2393 Apoc:
618 2347 789 2379 xvm:
819 2347 862 2378 2.
916 2330 1080 2395 pluries
1121 2332 1243 2397 apud
1268 2332 1536 2396 Prophetas,
1576 2331 1705 2395 quod
1748 2330 1928 2379 daretur
1964 2330 2156 2378 cadaver
2195 2331 2242 2377 in
2280 2331 2440 2379 cibum

421 2397 517 2445 Avi
550 2397 656 2454 coeli,
711 2397 763 2445 &
809 2398 965 2462 Bestiae
1004 2407 1146 2456 terroe,
1210 2399 1445 2461 Jerzv11:
1478 2397 1553 2463 33.
1602 2398 1866 2461 Capzxnc:
1897 2414 1941 2462 7.
2003 2398 2132 2462 Cap:
2160 2406 2331 2445 xxxw:
2360 2415 2440 2448 20.

421 2462 608 2511 Ezech:
634 2478 784 2512 xxm:
813 2480 859 2527 5.
917 2465 1047 2528 Cap:
1073 2481 1254 2514 xxx1x:
1279 2482 1328 2526 4.
1386 2464 1535 2513 Psalm
1557 2483 1575 2515 ι
1595 2480 1775 2512 ιχκικε
1805 2482 1849 2514 2.
1901 2462 2034 2512 Esai:
2060 2480 2233 2512 xvru:
2261 2482 2309 2529 9,
2361 2480 2443 2529 per

419 2544 528 2592 quae
552 2529 899 2593 significabatur,
949 2532 1075 2595 quod
1096 2531 1389 2595 perderentur
1422 2548 1448 2579 a
1470 2529 1605 2589 falfis,
1645 2547 1752 2595 quae
1785 2529 1888 2580 sunt
1916 2546 2021 2579 aves
2044 2530 2168 2588 coeli,
2195 2531 2245 2579 δε
2268 2532 2441 2581 amalis

422 2594 497 2643 seu
521 2596 877 2660 cupiditatibUS,
898 2614 1006 2661 quae
1025 2597 1127 2646 sunt
1150 2597 1303 2645 bestiae
1322 2611 1468 2646 terrae.

492 2666 605 2729 989.
642 2664 789 2728 Qod
811 2665 1074 2712 dominium
1100 2661 1230 2728 super
1267 2663 1371 2714 falsa
1409 2666 1583 2721 attinet,
1619 2663 1821 2713 similiter
1861 2664 1902 2712 se
1940 2663 2074 2712 habet
2104 2679 2155 2710 ac
2180 2663 2442 2710 dominium

423 2727 555 2793 super
588 2730 722 2788 mala,
757 2731 885 2795 quod
910 2747 1072 2795 nempe
1096 2731 1240 2779 homo
1263 2749 1319 2779 ne
1346 2732 1593 2780 minimum
1617 2748 1672 2778 ex
1715 2730 2008 2780 sedominari
2041 2741 2176 2791 queat
2201 2729 2331 2792 super
2360 2728 2444 2776 falae

426 2794 554 2843 sum:
614 2796 687 2844 hic
726 2800 833 2861 quia
872 2800 1024 2861 agitur
1047 2799 1104 2845 de
1127 2798 1337 2846 dominio
1360 2799 1557 2847 hominis
1598 2799 1842 2861 regenerati
1883 2796 2013 2861 super
2035 2795 2322 2858 cupiditates,=
2368 2795 2442 2844 seu

427 2859 613 2914 bestiam
639 2875 786 2921 terrae,
823 2866 872 2911 δε
896 2864 1025 2929 super
1047 2863 1252 2913 falsitates
1276 2864 1348 2913 seu
1373 2882 1505 2913 avem
1523 2865 1668 2920 coeli,
1686 2862 1936 2919 sciendum,
1972 2861 2099 2925 quod
2123 2862 2346 2926 nusquam
2363 2863 2442 2910 ali-

426 2927 530 2990 quis
563 2927 710 2975 dicere
743 2933 892 2993 poffit,
941 2932 1068 2992 quod
1115 2943 1399 2995 regeneratus
1427 2931 1498 2985 fit,
1533 2930 1615 2987 nisi
1636 2926 1851 2991 'agnoscat
1889 2929 1939 2976 &
1964 2928 2131 2985 credat,
2179 2930 2307 2993 quod
2339 2929 2443 2976 cha-

426 2994 530 3039 ritas
553 2992 607 3039 fit
630 2995 898 3057 primarium
934 2995 1030 3060 ejus
1063 2998 1168 3045 fidei
1189 3020 1204 3053 3
1241 2999 1291 3044 ὅτ
1316 2997 1397 3044 nifi
1419 2996 1635 3044 afficiatur
1658 3009 1809 3041 amore
1833 3010 1939 3058 erga
1960 2996 2247 3057 proximum,
2279 2996 2442 3043 &¹1ni-

424 3057 614 3106 sereatur
639 3057 767 3122 ejus;
804 3078 857 3108 ex
883 3062 1093 3110 charitate
1131 3061 1356 3111 formatur
1378 3060 1473 3126 ejus
1503 3077 1623 3109 nova
1657 3060 1903 3117 voluntas·,
1938 3076 2019 3125 per
2042 3061 2302 3110 charitatem
2333 3078 2443 3126 ope-

427 3138 547 3174 ratur
569 3126 802 3174 Dominus
825 3127 1002 3176 bonum
1022 3130 1074 3177 &
1099 3129 1204 3177 inde
1234 3144 1416 3187 verum,
1452 3145 1546 3177 non
1568 3140 1722 3176 autem
1747 3144 1839 3196 ⁶per
1861 3127 2003 3176 fidem
2031 3127 2195 3192 absque
2218 3128 2442 3177 charitate.

2329 3194 2446 3243 Sunt
