2788 3736
443 291 576 373 264
1010 282 1073 348 G
1166 281 1228 346 E
1319 280 1408 345 N
1490 280 1552 345 E
1644 281 1695 348 S
1750 282 1982 350 rs,

438 439 626 472 omnem
661 422 838 472 cultum
877 416 1123 484 posuerint,
1159 414 1256 465 imo
1294 414 1504 480 eousque.
1528 427 1581 464 ut
1618 415 1855 464 tribuerint
1884 417 2047 467 baculo
2069 418 2232 478 Mofis,
2269 421 2319 469 δε
2345 419 2437 470 lan-

440 506 534 537 ceae
557 487 709 550 Josuae
741 488 1009 552 potentiam,
1044 500 1154 532 cum
1184 496 1335 531 tamen
1370 485 1416 530 in
1444 482 1534 529 illis
1571 498 1664 531 non
1699 482 1801 546 plus
1838 486 2062 546 potentiae,
2083 485 2185 546 fuit,
2223 504 2363 552 quam
2388 491 2436 537 in

442 556 586 618 ligno,
623 554 696 602 sed
717 555 823 618 quia
859 550 1167 616 significabant
1198 550 1596 613 Omnipotentiam
1627 550 1853 606 Domini,
1873 550 1923 597 ὅτ.
1956 551 2055 600 haec
2090 554 2136 600 in
2157 555 2438 603 Coe10*tunc
2495 591 2502 594 -

441 621 680 678 intellecta,
715 636 824 668 cum
848 617 1140 667 extenderent
1172 633 1229 664 ex
1253 615 1468 664 mandato
1492 631 1680 663 manum
1703 628 1780 663 aut
1819 615 2048 675 baculum,
2069 620 2189 667 inde
2226 620 2353 686 ligna
2385 623 2436 670 δε

442 687 688 742 miracula;
740 686 956 742 (imiliter,
992 684 1137 749 quod,
1173 700 1281 731 curn
1306 682 1460 730 Moses
1480 681 1630 746 super
1649 683 1818 730 vertice
1856 683 2001 740 collis,
2036 683 2229 733 elevaret
2251 690 2434 744 Manus,

439 754 569 817 quod
592 753 728 815 Josua
749 753 898 800 vietor
918 751 1039 807 effet,
1074 751 1124 798 &
1148 766 1257 797 curn
1286 751 1548 806 remitteret,
1584 748 1712 812 quod
1740 749 1903 813 victuS,
1931 751 1979 797 ὅτ
2003 751 2136 813 quod
2154 751 2255 799 ideo
2271 752 2435 802 susten-

439 831 585 868 tarent
605 823 772 869 Manus
795 817 906 883 ejus,
944 817 1047 866 Ex:
1071 831 1205 865 xvxi:
1234 832 1261 877 9
1287 816 1342 863 ad
1375 832 1446 880 13.
1516 815 1732 862 Similiter
1752 816 1880 879 quod
1903 817 2244 881 imponerentur
2265 819 2436 867 Manus

436 903 548 949 cum
581 885 967 941 consecrabantur,
999 896 1052 931 ut
1090 899 1115 930 a
1143 882 1318 946 populo
1340 882 1534 939 Levitis,
1570 882 1734 931 Num:
1760 897 1893 929 vm:
1921 901 1969 947 9,
2001 901 2076 940 10,
2109 900 2198 940 123
2239 883 2438 945 Josuae‘a

442 952 593 1010 Mose,
627 968 737 1000 curn
770 952 875 1000 loco
897 949 990 1014 ejus
1023 949 1345 1006 sustitueretur,
1380 949 1544 997 Num:
1571 965 1736 996 xxvn:
1770 952 1845 1005 18,
1873 965 1896 996 2
1905 967 1948 1012 3.
1984 963 2037 997 ut
2058 950 2118 997 s1'c
2151 950 2330 998 daretur
2351 968 2434 1016 po-

441 1020 606 1075 tentia·,
641 1019 746 1066 inde
769 1019 880 1066 ritus
902 1016 1037 1065 hodie
1058 1031 1240 1080 quoque
1263 1015 1561 1078 inaugurandi
1583 1016 1632 1063 ὅτ
1658 1014 1965 1072 benedicendi,
1999 1033 2080 1079 per
2102 1017 2437 1081 impositionem

440 1100 676 1133 manuum.
746 1086 800 1133 In
822 1096 1044 1147 quantum
1068 1084 1238 1130 Manus
1261 1081 1539 1145 significabat
1578 1082 1626 1129 ὅτ
1661 1080 1999 1144 repraesentabat
2023 1085 2291 1148 potentiam,
2327 1101 2435 1133 con-

439 1150 551 1201 stare
575 1150 721 1215 potest
759 1166 815 1198 ex
838 1149 935 1198 Usa
968 1149 1018 1196 δε
1042 1149 1335 1209 JeroboamO,
1373 1149 1429 1195 de
1467 1147 1634 1211 quibus
1667 1147 1765 1194 haec
1807 1149 1852 1194 in
1874 1147 2045 1206 Verbo,
2081 1150 2137 1197 de
2161 1150 2271 1207 Usa,
2307 1152 2434 1215 quod

439 1218 619 1282 emiserit
659 1218 708 1282 in
746 1219 919 1264 Arcam
959 1215 1051 1263 Dei
1085 1216 1317 1274 (manum)
1364 1214 1413 1261 δε
1444 1213 1731 1276 prehenderit
1760 1214 1901 1271 illam,
1936 1231 2072 1278 quare
2112 1229 2336 1274 mortuus,
2390 1235 2435 1266 11

439 1285 571 1331 Sam:
610 1299 689 1330 vr:
718 1283 765 1338 6,
794 1298 835 1346 7.
880 1282 1003 1328 Arca
1024 1279 1362 1343 repraesentabat
1383 1280 1660 1335 Dominum,
1686 1279 1747 1325 ita
1761 1295 1900 1326 omne
1923 1279 2123 1329 sanctum
2146 1283 2195 1330 &
2220 1283 2434 1340 coeleste;

439 1349 566 1413 quod
591 1347 686 1396 Usa
718 1349 913 1412 emiserit..
973 1347 1020 1393 in
1044 1349 1235 1403 Arcam,
1272 1344 1614 1408 repraesentabat
1646 1347 1898 1408 potentiam
1938 1348 2186 1410 propriam,
2223 1349 2294 1401 seu
2327 1366 2433 1413 pro·

435 1417 589 1479 prium
615 1414 830 1472 hominis,
865 1412 991 1477 quo'd
1025 1413 1130 1475 quia
1167 1411 1473 1475 prophanum,
1509 1427 1599 1458 non
1637 1411 1803 1474 legitur
1834 1411 2010 1470 manus,
2047 1412 2119 1460 sed
2143 1414 2282 1478 usque
2305 1417 2438 1473 intel,-

437 1483 613 1544 ligitur,
648 1497 706 1530 ex
742 1480 883 1536 causa,
921 1496 974 1526 ne
1014 1480 1315 1541 perciperetur
1348 1478 1405 1525 ab
1429 1477 1631 1539 Angelis
1655 1478 1739 1524 tale
1763 1479 2050 1541 prophanum
2076 1481 2203 1543 quod
2227 1482 2436 1545 tetigisset

437 1549 657 1604 smffiium,
693 1547 744 1594 &
783 1548 888 1610 quia
919 1545 1083 1601 emisit,
1119 1558 1326 1592 mortuus
1358 1543 1451 1591 est:
1489 1544 1546 1590 de
1569 1543 1862 1604 Jeroboam0,
1901 1549 1934 1571 “
1959 1546 2169 1603 Factum,
2210 1563 2318 1595 curn
2355 1565 2433 1596 au-

440 1619 475 1642 “
510 1614 627 1661 divit
649 1612 844 1660 verbum
866 1613 967 1658 Viri
991 1612 1096 1668 Dei,
1131 1611 1258 1674 quod
1290 1610 1505 1658 clamavit
1543 1622 1699 1658 contra
1736 1610 1885 1666 altare,
1938 1613 1987 1658 &
2025 1613 2157 1671 emifit
2183 1614 2432 1673 'Jeroboam

439 1685 475 1708 ‘⁶
509 1684 696 1729 Manum
709 1680 836 1742 suam
860 1676 1046 1741 desuper
1072 1678 1213 1734 altari,
1251 1677 1448 1724 dicendo
1471 1676 1734 1741 prehendite
1757 1677 1906 1732 illum,
1939 1677 1990 1725 &
2014 1678 2200 1726 arefacta
2237 1680 2300 1727 est
2323 1683 2431 1729 Ma-

439 1752 475 1774 “
509 1763 586 1794 nus
608 1743 720 1809 ejus,
755 1761 895 1808 quam
919 1743 1048 1804 emistt
1071 1755 1226 1792 contra
1249 1743 1395 1800 illum,
1431 1743 1479 1790 δε
1505 1758 1596 1789 non
1620 1745 1771 1806 potuit
1795 1743 2004 1790 reducere
2025 1752 2125 1791 eam
2151 1745 2208 1792 ad
2232 1742 2289 1802 se,
2314 1747 2433 1794 dixit

439 1818 474 1841 “
509 1813 566 1860 ad
590 1813 757 1860 Virum
781 1813 888 1863 Dei..
924 1825 1104 1874 precare
1133 1810 1286 1874 quaeso
1316 1808 1447 1856 facies
1471 1809 1662 1870 Jehovae
1685 1811 1774 1856 Dei
1795 1810 1878 1866 tui,
1914 1822 1966 1857 ut
1998 1823 2245 1859 revertatur
2266 1815 2431 1860 Manus

437 1885 472 1906 “
508 1895 611 1926 mea
639 1879 697 1925 ad
720 1894 826 1934 me,
862 1878 912 1925 &
945 1889 1149 1942 precatus
1188 1876 1251 1924 est
1273 1877 1357 1923 Vir
1379 1878 1467 1924 Dei
1508 1874 1639 1924 facies
1661 1876 1880 1936 jehovae,
1903 1877 1953 1924 δε
1993 1877 2162 1924 reversa
2183 1877 2247 1925 est
2271 1881 2436 1926 Manus

439 1951 473 1974 “
507 1944 602 2009 ejus
631 1945 688 1992 ad
711 1960 835 2001 eum,
871 1945 921 1991 &
945 1942 1059 1991 facta
1082 1943 1193 1991 ficut
1215 1944 1388 2006 prius‚’'
1436 1961 1454 1992 1
1485 1943 1618 2006 Reg:
1644 1958 1742 1990 xm
1765 1962 1776 1991 ε
1799 1960 1848 2003 4,
1877 1959 1924 2005 5,
1950 1944 1996 1997 6,
2028 1944 2101 1990 hic
2131 1943 2332 1992 similiter
2353 1961 2434 2008 per

436 2014 624 2060 emittere
653 2027 837 2066 manum,
879 2010 1155 2073 significatur
1193 2011 1392 2072 potentia
1424 2012 1622 2073 propria,
1665 2008 1736 2056 seu
1773 2010 2029 2072 proprium,
2068 2010 2198 2073 quod
2238 2012 2433 2074 propha-

438 2093 568 2134 num,
620 2077 747 2140 quod
785 2075 951 2123 violare
1001 2075 1139 2123 vellet
1177 2075 1379 2122 sancium
1412 2093 1493 2139 per
1530 2076 1808 2123 emissionem
1843 2075 2002 2122 manus
2045 2075 2103 2121 ad
2131 2078 2285 2122 virum
2323 2078 2429 2133 Dei,

436 2160 575 2206 quare
599 2159 758 2190 manus
781 2140 996 2197 arefacta3
1022 2141 1096 2188 sed
1120 2143 1227 2204 quia
1249 2141 1482 2189 idololatra
1502 2154 1612 2197 erat,
1628 2146 1718 2188 'nec
1742 2141 2017 2204 prophanare
2040 2143 2207 2204 potuit,
2233 2154 2285 2189 ut
2307 2144 2432 2207 prius

437 2211 635 2266 dicium,
671 2208 842 2256 reversa
879 2208 942 2255 est
964 2224 1123 2255 manus
1161 2205 1269 2272 ejus.
1341 2208 1489 2268 Quod
1512 2209 1685 2263 Manus
1719 2206 1941 2269 fignificet
1963 2208 2012 2254 &
2036 2207 2322 2271 repraesentet
2349 2225 2437 2273 po·

436 2278 643 2332 tentiam,
679 2274 876 2322 constare
900 2274 1046 2338 potest
1069 2290 1093 2320 a
1117 2273 1483 2337 repraei‘entativis
1521 2274 1567 2319 in
1591 2273 1778 2320 Mundo
1804 2271 2061 2336 spirituum,
2104 2274 2167 2320 ibi
2191 2274 2431 2322 Brachium

437 2341 672 2405 quoddam
696 2341 872 2388 nudum
907 2341 1179 2403 quandoque
1204 2341 1249 2387 in
1281 2338 1576 2402 conspectum
1599 2340 1740 2396 venit,
1778 2341 1824 2389 in
1852 2355 1946 2402 quo
1975 2352 2152 2387 tantum
2192 2340 2345 2398 robur,
2381 2354 2433 2388 ut

440 2406 725 2471 confringere
759 2409 893 2470 poffit
925 2406 1031 2463 offa,
1066 2407 1318 2453 &intimas
1342 2405 1560 2453 medullas
1595 2405 1717 2468 quafi
1752 2406 1797 2452 in
1833 2405 2026 2453 nihilum
2051 2407 2344 2465 contundere,
2383 2409 2434 2466 δε

437 2474 543 2523 inde
568 2486 717 2521 tantus
742 2485 900 2530 terror,
940 2485 993 2520 ut
1006 2472 1152 2520 *corde
1177 2472 1441 2535 liquefiant,
1477 2474 1574 2519 imo
1597 2472 1824 2518 actualiter
1847 2473 1887 2519 ei
1911 2471 1974 2518 est
1996 2473 2082 2519 tale
2107 2473 2256 2521 robur.

508 2545 616 2604 879.
652 2539 792 2586 Vers:
825 2557 899 2596 10,
932 2557 948 2587 1
964 2558 1001 2588 1.
1041 2541 1115 2603 ,Et
1138 2539 1395 2601 exspectavit
1418 2539 1556 2586 adhuc
1576 2535 1848 2600 'septemdies
1869 2538 1991 2595 alios,
2027 2540 2083 2588 ἑὸ)
2098 2542 2291 2601 perrexit
2313 2542 2433 2588 emit-

437 2617 525 2655 tere
547 2606 786 2654 Columbam
805 2606 854 2652 de
878 2606 1008 2653 Arca.
1050 2603 1130 2652 ‘Et
1152 2606 1323 2667 reversa
1356 2605 1408 2664 est
1430 2605 1490 2652 ad
1509 2604 1625 2652 illum
1649 2605 1847 2653 Columba
1869 2605 1933 2668 ad·
1949 2615 2108 2667 tempus
2130 2607 2341 2667 vesperae3
2377 2606 2432 2655 ἐξ

437 2690 522 2721 ecce
533 2673 690 2735 folium
713 2672 836 2719 olivae
865 2671 1100 2733 decerptum
1132 2674 1178 2718 in
1215 2687 1285 2718 ore
1321 2671 1465 2727 illius;
1517 2671 1572 2719 &
1606 2673 1802 2734 cognovit
1825 2670 1981 2718 Noach
2019 2671 2128 2735 quod
2144 2672 2361 2718 diminutae
2382 2690 2433 2718 av-

438 2756 528 2803 quae
556 2738 727 2802 desuper
749 2748 881 2786 terra.
953 2736 1099 2802 Qod
1121 2736 1396 2801 exspectavit
1412 2738 1559 2785 adhuc
1583 2736 1754 2801 septem
1777 2736 1885 2793 dies,
1912 2736 2131 2798 fignificat
2155 2739 2447 2800 principium-

438 2805 620 2851 secundi
642 2805 777 2851 status
801 2805 1177 2867 regenerationis;
1214 2802 1383 2866 septem
1406 2804 1502 2851 dies
1533 2803 1784 2865 fignificant
1820 2800 2040 2857 sanetum,
2081 2804 2187 2865 quia
2225 2820 2345 2851 nunc
2376 2805 2431 2851 de

440 2870 677 2918 charitate:
715 2872 764 2917 &
782 2873 976 2934 perrexit
999 2872 1202 2917 emittere
1240 2869 1503 2916 columbam
1527 2869 1583 2915 de
1608 2884 1722 2923 arca,
1758 2866 1980 2930 fignificat
2003 2866 2165 2914 statum
2190 2871 2430 2933 recipiendi

440 2935 558 2983 bona
580 2937 629 2982 &
662 2952 766 2982 vera
806 2936 941 2983 fidei:
979 2938 1028 2983 &
1051 2934 1218 2983 reversa
1239 2935 1302 2982 est
1325 2935 1379 2981 ad
1411 2935 1544 2981 illum
1575 2932 1790 2980 columba
1811 2932 1867 2979 ad
1892 2945 2071 2996 tempus
2097 2934 2306 2998 vesperae,
2342 2936 2431 3000 fig-
2460 2984 2464 2987 ,

438 3002 594 3049 nificat
624 3002 750 3063 quod
773 3002 1025 3064 pauxillum
1050 3017 1258 3064 apparere
1279 2999 1525 3062 inciperent
1544 3021 1558 3053 3
1593 3010 1782 3060 *tempus
1805 2998 2000 3062 vesperae
2022 3000 2085 3047 est
2107 3001 2220 3048 ficut
2243 3004 2289 3049 in
2313 3002 2431 3050 dilu-

440 3068 546 3118 culo
576 3079 676 3114 ante
701 3083 857 3115 mane:
892 3068 941 3114 &
963 3083 1065 3114 ecce
1095 3067 1258 3113 folium
1288 3066 1423 3113 olivae
1448 3064 1712 3128 decerptum
1743 3065 1789 3111 in
1821 3081 1898 3111 ore
1930 3063 2040 3129 ejus,
2076 3059 2331 3130 significant
2354 3070 2429 3116 ali-

441 3133 717 3197 quantulum
753 3134 846 3179 veri
885 3132 1025 3186 fidei»,
1075 3131 1238 3178 folium
1279 3131 1341 3177 est
1377 3127 1569 3185 verum'-‚
1607 3130 1732 3177 oliva
1762 3130 1823 3177 est
1861 3131 2041 3180 bonum.
2067 3133 2310 3190 charitatis,
2353 3135 2430 3182 de·

420 3212 669 3263 *cerptum,
705 3198 767 3246 est
791 3198 917 3260 quod
950 3213 1111 3244 verum
1147 3197 1254 3244 fidei
1294 3197 1428 3252 inde3
1465 3198 1512 3244 in
1552 3212 1627 3243 ore
1664 3194 1774 3260 erS,
1809 3197 1886 3253 est,
1923 3199 2049 3261 quod
2092 3199 2346 3247 ostensum:
2382 3203 2430 3248 δε

439 3267 661 3329 cognovit
682 3263 862 3321 Noach‚
902 3263 1028 3327 quod
1052 3263 1293 3310 diminutae
1316 3279 1445 3326 aquae
1479 3262 1665 3326 desuper
1697 3276 1826 3320 terra,
1867 3263 2135 3328 fignificant,
2171 3267 2299 3330 quod
2333 3266 2432 3315 haec

430 3334 507 3390 ita,
548 3334 655 3396 quia
678 3329 880 3379 falsitates
902 3346 995 3389 non
1019 3342 1178 3388 tantae,
1215 3341 1266 3378 ut
1289 3331 1433 3393 prius,
1474 3345 1581 3393 quae
1606 3330 1892 3394 impedirent,
2322 3337 2431 3384 880.
