2788 3736
766 256 1207 323 CAPUT
1302 254 1969 321 OCTAVUM.
2292 264 2428 345 257

395 397 438 446 ‚fi
461 407 671 445 removes,
690 390 1029 446 voluntarium,
1060 387 1251 442 nullum
1276 385 1577 435 intellectuale
1616 385 1696 443 est,
1746 398 1800 435 ut
1836 387 1966 450 prius
2008 383 2246 450 aliquoties
2284 387 2432 437 osten-

402 463 521 519 sum,
556 463 619 513 ita
640 459 674 506 fi
697 472 911 506 removes
934 456 1219 512 charitatem,
1253 454 1381 502 nulla
1401 452 1466 500 est
1487 453 1629 501 fides:
1665 453 1740 501 fed
1775 455 1883 518 quia
1913 453 2112 502 hominis
2133 453 2345 503 voluntas
2359 456 2434 516 ‘est

388 541 529 577 mera
550 526 792 590 cupiditas,
828 541 885 571 ne
909 522 1215 570 intellefiuale
1237 521 1311 569 scu
1335 535 1500 567 verum
1523 519 1631 566 fidei
1661 521 1899 584 cupiditati
1932 518 2030 586 ejus
2066 521 2432 586 immergeretur,

296 590 314 598 '
390 595 637 644 ‚Dominus
666 590 928 640 miraculose
958 588 1182 653 providit.
1215 589 1267 636 &
1290 585 1499 641 distinxit
1529 585 1830 635 intellectuale,
1860 586 1917 634 ab
1947 589 2148 635 hominis
2169 589 2432 648 voluntario

402 678 487 726 per
510 661 718 709 medium
753 658 1007 723 quoddam,
1041 653 1171 719 quod
1202 653 1266 700 est
1296 652 1595 718 Conscientia,
1639 654 1713 700 cui
1747 653 1952 702 Charitas
1986 671 2012 701 a
2048 655 2259 704 Domino
2314 657 2433 706 indi-

405 742 483 778 tur
504 751 519 784 ;
555 727 720 790 absque
744 723 1008 773 miraculosa
1035 721 1121 770 hac
1134 719 1428 769 Providentia
1466 719 1686 783 nusquam
1710 719 1872 783 aliquis
1893 720 2048 767 salvari
2073 724 2299 786 potuisset.
2497 769 2501 774 .

477 800 585 855 804.
623 792 760 841 Vers:
791 808 833 857 7.
869 793 934 839 Et
955 788 1085 848 emisit
1124 803 1315 844 corvum,
1350 786 1408 836 ἐρ’
1447 789 1586 834 exivit
1633 787 1814 834 exeundo
1862 787 1918 836 &
1956 788 2175 846 redeunda,
2210 792 2336 856 usque
2371 791 2435 841 ad

410 863 719 922 exficcationem
741 873 948 923 aquarum
975 857 1108 918 super
1130 865 1264 902 terra.
1337 854 1485 918 Qiod
1524 853 1671 900 emisit
1709 869 1922 910 corvum,
1958 854 2009 902 δε
2044 857 2187 903 exivit
2224 859 2433 907 exeundo

408 929 460 976 δε
487 927 734 982 redeundo,
769 923 1041 987 significant,
1090 921 1221 985 quod
1261 918 1469 967 falsitates
1505 920 1654 967 adhuc
1694 919 2043 968 interturbarent
2059 944 2075 976 ·,
2125 938 2209 986 per
2237 940 2433 974 corvum

347 1031 357 1041 .
408 995 719 1058 significantur
740 988 945 1038 falsitates
966 1011 980 1044 3
1016 1004 1098 1052 per
1121 988 1243 1035 exire
1259 988 1309 1034 &
1334 987 1496 1044 redire,
1531 986 1811 1050 significatur
1834 986 1972 1035 status
1989 1004 2167 1046 eorum,
2203 993 2283 1054 qui
2307 993 2430 1040 talis:

410 1061 548 1126 usque
567 1060 624 1120 ad
649 1058 995 1115 exsiccationem
1021 1069 1247 1118 aquarum
1272 1053 1402 1118 super
1426 1066 1555 1112 terra,
1582 1054 1837 1118 significant
1859 1055 2189 1120 dissipationem
2214 1074 2439 1122 apparens
2501 1100 2504 1102 .

405 1142 503 1176 tem
525 1127 780 1175 falsitatum.

478 1197 586 1258 865.
622 1192 766 1255 Qiod
791 1190 940 1239 emisit
963 1206 1175 1248 corvum,
1201 1190 1252 1238 ὅτ
1274 1189 1417 1237 exivit
1446 1189 1662 1237 exeundo
1678 1189 1728 1237 δε
1755 1189 1988 1239 redeundo
2005 1190 2280 1255 significent,
2305 1194 2435 1258 quod

340 1260 342 1266 ’
409 1261 615 1310 falsitates
637 1260 785 1307 adhuc
818 1257 1182 1314 interturbarent,
1223 1255 1396 1304 confiat
1412 1273 1437 1303 a
1457 1257 1785 1320 significatione
1803 1258 1964 1314 Corvi,
1990 1258 2040 1306 &
2065 1275 2091 1305 a
2106 1259 2434 1324 significatione

371 1338 376 1340 ”
408 1330 529 1378 exire
565 1329 615 1376 &
650 1327 812 1383 redire,
832 1326 905 1383 „de
944 1324 1112 1388 quibus
1152 1326 1198 1371 in
1239 1323 1555 1387 sequentibus:
1610 1323 1876 1372 describitur
1912 1323 1997 1372 ‘hic
2045 1324 2265 1374 secundus
2298 1327 2434 1377 status

408 1395 607 1444 hominis
637 1392 927 1457 regenerandi
960 1391 1062 1456 post
1087 1393 1399 1448 tentationem,
1434 1391 1621 1455 quando
1658 1407 1764 1447 vera
1787 1391 1911 1448 fidei,
1946 1404 2000 1439 ut
2022 1394 2172 1456 prima
2194 1393 2327 1452 lucis,
2362 1397 2432 1443 in·

408 1463 587 1526 cipiunt
609 1476 850 1526 apparere3
885 1461 967 1523 qui
990 1458 1129 1506 status
1153 1457 1252 1506 talis
1285 1457 1366 1514 est,
1403 1458 1531 1522 quod
1572 1456 1780 1506 falsitates
1809 1455 1988 1522 jugiter
2020 1460 2336 1519 interturbent,
2372 1462 2433 1511 sic

408 1542 461 1577 ut
495 1529 550 1577 sit
579 1527 718 1575 status
754 1526 899 1591 qualis
939 1525 1190 1591 crepusculi
1213 1526 1443 1582 matutini,
1478 1524 1593 1572 dum
1625 1525 1773 1573 adhuc
1807 1525 2052 1573 obscurum
2074 1543 2132 1574 ex
2163 1529 2300 1575 noEte
2334 1545 2432 1578 ma·

407 1607 503 1653 net,
539 1611 675 1660 quare
691 1594 764 1642 hic
788 1593 1067 1658 significatur
1087 1609 1168 1656 per
1197 1608 1420 1640 corvum:
1474 1590 1683 1640 falsitates
1716 1593 1839 1656 apud
1868 1592 2144 1657 spiritualem
2174 1594 2432 1654 hominem,

410 1664 639 1727 imprimis
660 1674 902 1724 antequam
928 1671 1213 1723 regeneratus
1236 1658 1318 1716 est,
1354 1658 1395 1706 se
1418 1658 1583 1724 habent
1607 1659 1721 1707 sicut
1743 1658 1893 1707 densae
1910 1660 2105 1708 maculae
2128 1661 2289 1719 nubis3
2326 1680 2433 1712 cau-

411 1729 455 1776 sa
476 1729 539 1777 est
561 1729 669 1792 quia
702 1727 813 1776 nihil
850 1728 947 1774 veri
980 1726 1088 1773 fidei
1127 1725 1272 1789 potest
1305 1724 1412 1772 scire
1449 1725 1530 1772 nisi
1567 1742 1623 1772 ex
1657 1726 1863 1773 revelatis
1892 1728 1939 1773 in
1962 1727 2138 1783 Verbo,
2173 1729 2253 1776 ubi
2275 1732 2434 1778 omnia

412 1796 725 1843 communiter
765 1793 886 1842 dieta
919 1792 1052 1847 sunt3
1088 1793 1361 1839 communiat
1385 1807 1477 1839 non
1504 1792 1607 1839 sunt
1639 1792 1719 1839 nisi
1752 1809 1892 1856 quam
1927 1793 2119 1842 maculae
2141 1795 2291 1853 nubis,
2327 1813 2434 1845 nain

413 1860 762 1924 unumquodvis
787 1875 1034 1907 commune
1058 1859 1104 1906 in
1131 1857 1171 1905 se
1212 1858 1559 1921 comprehendit
1593 1859 1718 1906 mille
1750 1859 1799 1908 δε
1850 1859 1981 1907 mille
2030 1862 2329 1925 particularia,
2382 1865 2433 1912 δε

411 1926 760 1990 unumquodvis
793 1925 1058 1989 particulare
1096 1925 1221 1972 mille
1250 1926 1301 1973 &
1331 1924 1457 1972 mille
1496 1924 1765 1990 singularia;
1817 1927 2158 1990 particularium
2195 1929 2437 1994 singularia

413 1994 517 2042 sunt
573 2009 680 2057 quae
723 1991 944 2040 illustrant
999 1994 1296 2048 communia,
1354 1990 1454 2039 haec
1492 1992 1711 2056 nusquam
1760 1995 1822 2040 ita
1860 1992 2052 2043 revelata
2098 1994 2200 2045 sunt
2236 1995 2431 2054 homini,

406 2074 506 2108 tam
530 2060 658 2124 quod
680 2075 774 2107 non
795 2058 983 2106 describi
1007 2061 1188 2122 possint,
1223 2074 1363 2122 quam
1386 2059 1514 2123 quod
1539 2075 1631 2106 non
1655 2061 1772 2124 capi,
1809 2062 1870 2108 ita
1893 2076 1986 2108 non
2002 2060 2184 2125 agnosci
2215 2062 2266 2111 &
2290 2064 2431 2122 credi,

412 2127 515 2175 sunt
547 2125 670 2175 enim
694 2126 913 2175 contraria
939 2123 1120 2173 fallaciis
1161 2124 1386 2182 sensuum,
1422 2127 1468 2173 in
1493 2125 1660 2190 quibus
1694 2127 1851 2184 homo,
1887 2143 1999 2191 quas
2026 2128 2205 2176 destrui
2239 2146 2331 2178 non
2366 2129 2430 2179 fa-

410 2194 501 2242 cile
535 2193 764 2242 admittit!
818 2192 945 2240 aliter
980 2192 1159 2257 prorsus
1199 2191 1241 2240 se
1274 2192 1406 2240 habet
1443 2209 1551 2240 cum
1594 2194 1781 2242 homine
1817 2193 2005 2251 coelesti,
2041 2197 2122 2260 qui
2158 2195 2293 2244 habet
2330 2214 2432 2262 pei·-

411 2263 674 2324 ceptionem
699 2276 725 2307 a
745 2260 971 2316 Domino,
1011 2261 1052 2308 ei
1076 2259 1258 2324 possunt
1281 2260 1580 2324 particularia,
1630 2262 1679 2308 &
1714 2261 2054 2325 particularium
2086 2262 2328 2326 singularia
2359 2266 2428 2312 in-

412 2327 600 2383 sinuariss,
635 2339 688 2374 ut
703 2325 901 2390 exempli
925 2326 1066 2384 causa,
1092 2327 1220 2391 quod
1240 2343 1403 2374 verum
1420 2329 1693 2391 conjugium
1711 2328 1763 2375 fit
1781 2331 1916 2376 unius
1939 2330 2232 2378 viri&unius
2257 2333 2429 2388 uxoris,

414 2393 466 2440 δε
494 2393 622 2457 quod
659 2393 744 2440 tale
777 2390 1046 2456 conjugium
1081 2393 1136 2441 sit
1160 2393 1573 2458 repraesentativum
1595 2393 1814 2459 Conjugii
1838 2395 2049 2453 coelestiS,
2084 2397 2278 2461 proinde
2300 2401 2430 2462 quod

416 2463 463 2510 in
487 2460 566 2506 tali
589 2457 806 2523 conjugio
830 2459 964 2523 possit
1007 2460 1092 2507 esse
1123 2459 1310 2508 felicitas
1344 2460 1554 2518 coelestiS,
1591 2462 1815 2525 nusquam
1858 2465 1904 2510 in
1945 2461 2165 2527 conjugio
2196 2466 2285 2511 viri
2320 2481 2432 2514 cuni

414 2526 621 2592 pluribus
653 2525 904 2581 uxoribus;
941 2525 1084 2573 homo
1117 2526 1370 2590 spiritualis,
1406 2530 1487 2591 qui
1521 2545 1576 2575 ex
1601 2528 1756 2576 Verbo
1778 2530 1973 2577 Domini
2011 2530 2100 2578 hoc
2141 2530 2237 2588 scit,
2274 2536 2430 2596 acqui-

414 2595 537 2649 escit,
572 2592 752 2640 &inde
776 2593 941 2655 accipit
964 2591 1298 2651 conscientiam,
1333 2594 1462 2657 quod
1486 2593 1758 2659 conjugium
1800 2612 1907 2642 cum
1954 2597 2162 2661 pluribus
2208 2599 2430 2647 uxoribus

414 2662 468 2710 sit
491 2672 748 2724 peccatum,
783 2658 885 2723 plus
911 2675 1002 2706 non
1027 2661 1189 2714 novit·,
1224 2671 1269 2706 at
1292 2659 1435 2707 homo
1458 2661 1651 2708 coelestis
1689 2663 1881 2726 percipit
1921 2663 2077 2720 millia,
2113 2681 2219 2727 quae
2261 2666 2430 2714 confir·
2504 2708 2507 2710 .

414 2740 557 2794 mant,
593 2726 653 2773 sic
688 2739 740 2773 ut
771 2724 1003 2773 abhorreat
1036 2726 1385 2774 matrimonium
1419 2743 1529 2774 cum
1562 2728 1782 2790 pluribus.
1851 2730 1977 2776 Cum
2009 2729 2152 2778 homo
2191 2730 2428 2795 spiritualis

416 2794 558 2852 modo
582 2794 849 2843 communia
880 2791 977 2850 scit,
1012 2793 1063 2840 &
1089 2808 1146 2839 ex
1170 2792 1495 2840 communibus
1519 2792 1743 2842 formatur
1765 2793 1860 2859 ejus
1893 2795 2178 2854 conscientia,
2215 2799 2266 2847 ὅτ
2298 2815 2425 2847 com-

416 2863 572 2908 munia
603 2860 745 2907 Verbi
777 2859 1121 2908 accommodata
1149 2859 1237 2907 sint
1269 2858 1453 2907 fallaciis
1497 2860 1721 2918 sensuum,
1775 2861 1964 2920 constat,
2016 2864 2145 2927 quod
2176 2866 2430 2915 innumerae

415 2925 621 2974 falsitates
652 2925 693 2974 se
722 2924 989 2989 adjungant,
1027 2940 1078 2973 ut
1107 2927 1156 2974 δί.
1191 2925 1232 2974 se
1254 2927 1492 2985 insinuent,
1529 2944 1634 2991 quae
1659 2944 1749 2975 non
1787 2928 1950 2977 discuti
1980 2931 2195 2994 possunt,
2244 2933 2317 2980 hae
2345 2932 2427 2982 fal-

418 2993 563 3039 sitates
596 2991 668 3038 hic
703 2992 1011 3056 significantur
1043 3009 1124 3057 per
1156 3008 1367 3050 corvum,
1403 2997 1483 3058 qui
1516 2996 1659 3042 exivit
1691 2995 1845 3042 eundo
1876 2997 1927 3044 δε
1951 2997 2198 3046 redeundo.

488 3058 596 3106 866.
634 3058 779 3121 Qiod
802 3075 883 3122 per
906 3060 1117 3108 Corvum
1140 3059 1453 3124 significentur
1476 3059 1700 3119 falsitates,
1726 3062 1926 3111 constare
1943 3065 2090 3128 potest
2114 3067 2159 3112 in
2183 3083 2345 3130 genere
2374 3082 2431 3115 ex

417 3124 521 3181 illis,
556 3139 663 3191 quae¹
687 3125 811 3186 prius
856 3124 914 3171 de
936 3126 1118 3173 Avibus
1141 3126 1261 3174 dicta
1286 3127 1335 3175 &
1370 3127 1538 3176 ostensa
1562 3127 1679 3186 sunt,
1716 3130 1844 3193 quod
1884 3130 2141 3195 significent
2179 3133 2428 3180 intellee‘iu-

416 3191 515 3245 alia,
552 3189 779 3237 rationalia
809 3190 860 3236 δε
885 3190 1156 3249 scientifica3
1191 3194 1241 3243 ὅτ
1274 3195 1402 3257 quod
1427 3195 1630 3243 similiter
1659 3197 1881 3260 opposita,
1918 3214 2024 3261 quae
2061 3198 2163 3245 sunt
2202 3200 2431 3248 ratiocinia

416 3259 465 3305 δε
491 3255 621 3310 falsa·,
658 3255 733 3303 illa
754 3256 804 3304 &
829 3255 927 3303 haec
962 3257 1272 3307 describuntur
1296 3262 1340 3310 in
1374 3261 1530 3309 Verbo
1566 3279 1645 3327 per
1670 3265 1810 3312 varias
1851 3263 2015 3328 species
2056 3266 2247 3319 avium3
2300 3267 2429 3314 intel-

1399 3327 1444 3374 L
1469 3328 1484 3374 l
2224 3330 2432 3382 leftualia
