2788 3736
388 291 678 355 166,
922 233 1892 380 G'ENES-zs.

381 431 685 496 cogitationis,
722 429 751 474 ii
776 436 937 490 petunt
961 425 1168 488 gratiam,
1204 424 1256 471 δε
1280 422 1314 470 fi
1338 422 1586 487 implorant
1609 418 1986 480 Misericordiam,
2022 423 2110 477 hoc
2132 425 2187 472 fit
2205 425 2251 472 in
2274 416 2388 474 statu

381 499 653 552 tentationiS,
691 494 765 540 vel
796 493 850 539 fit
872 509 950 539 ore
973 491 1119 546 solum
1143 507 1234 539 non
1270 491 1421 538 corde.
1494 490 1622 553 Quia
1643 488 1845 536 Ecclesia
1871 502 1992 540 nova
2013 491 2229 540 Noachus
2253 493 2387 551 dicta,

382 581 473 612 non
498 563 689 612 coelestis
718 559 821 617 suit,
858 558 934 606 sed
970 557 1223 622 spiritualis,
1259 558 1362 605 ideo
1395 573 1488 605 non
1526 555 1898 613 misericordiam,
1932 554 2008 605 sed
2046 560 2236 621 gratiam
2261 561 2388 607 inve-

381 631 486 679 niffe
511 633 557 677 in
574 628 718 677 oculis
741 627 934 693 Jehoyae
958 625 1153 673 dicitur:
1181 624 1308 688 quod
1327 624 1630 687 distinguatur
1646 623 1694 670 in
1707 622 1863 670 Verbo
1887 624 2002 671 inter
2023 623 2388 680 Misericordiam
2445 652 2448 654 v

381 698 431 744 &
474 698 698 752 Gratiam,
750 692 924 742 constat
961 709 1018 740 ex
1055 691 1265 756 plurimis
1305 691 1433 749 locis,
1493 690 1572 738 ubi
1609 688 1818 752 Jehovah
1866 689 2034 738 dicitur
2056 693 2303 755 Misericws
2339 695 2390 742 ὅτ

380 764 625 827 Gratiosus,
674 774 727 809 ut
765 760 943 837 Psagm:
985 775 1115 808 cin:
1162 763 1204 808 8.
1249 775 1363 807 exn
1404 775 1451 820 4.
1493 771 1634 805 xcii:
1674 774 1721 817 4.
1787 757 1891 817 Joel
1934 774 2002 804 11:
2052 774 2128 820 13,
2179 758 2390 825 similiter

379 830 722 894 distinguuntur
745 827 868 885 alibi,
904 838 956 874 ut
980 826 1104 890 apud
1127 826 1392 887 Jeremiam,
1431 830 1464 852 ‘⁶
1489 825 1564 872 Sic
1587 824 1709 872 dixit
1731 823 1956 886 Jehovah‚
1992 825 2167 872 invenit
2187 826 2391 875 Gratiam

381 901 418 924 “
453 898 500 944 in
518 896 691 944 deserto
704 893 903 960 populus
929 893 1208 940 residuorum
1226 891 1565 957 gladii‚-eundo
1588 890 1647 938 ad
1669 892 1872 955 quietem
1896 891 2102 939 dandum
2127 891 2193 938 illi
2216 891 2390 943 Israeli:

381 968 416 990 “
449 978 477 1011 e
501 962 758 1026 longinquo
780 960 989 1023 Jehovah
1020 962 1227 1024 apparuit
1261 959 1393 1016 mihi,
1429 960 1479 1006 &
1505 973 1658 1006 amore
1682 956 1832 1006 saeculi
1871 959 2020 1005 amavi
2055 969 2117 1016 te,
2154 971 2390 1022 propterea

381 1034 415 1059 -“
450 1030 610 1077 attraxi
633 1041 678 1077 te
704 1027 1052 1092 Miſsericordia?
1077 1043 1227 1075 xxxi:
1256 1044 1302 1083 2,
1329 1044 1372 1091 3.
1408 1025 1488 1073 ubi
1510 1025 1668 1073 Gratia
1690 1025 1964 1088 praedicatur
1992 1025 2051 1072 de
2073 1024 2305 1089 spirituali,
2338 1027 2390 1076 &

379 1094 695 1144 Misericordia
733 1094 791 1141 de
829 1093 1028 1153 coelesti:
1081 1094 1204 1158 apud
1227 1092 1422 1150 Esaiam,
1446 1097 1495 1133 «“
1517 1092 1763 1155 Propterea
1804 1091 2058 1139 morabitur
2088 1089 2317 1154 Jehovah‘
2333 1092 2390 1140 ad

311 1216 315 1218 ,
381 1167 414 1190 “
440 1165 645 1212 Gratiam
659 1161 865 1209 dandum
881 1160 1028 1217 vobis,
1049 1161 1097 1207 δε
1115 1171 1354 1225 propterea
1370 1159 1543 1207 attollet
1558 1157 1599 1206 se
1612 1158 1667 1205 ad
1685 1158 1961 1222 miserandum
1975 1158 2156 1206 vestri.''
2171 1175 2292 1209 xxx:
2317 1164 2389 1208 18.
2409 1164 2412 1167 ’

379 1228 458 1279 ubi
481 1231 625 1293 gr'atia
657 1227 858 1275 {imiliter
880 1225 1047 1291 spectat
1070 1225 1290 1290 spirituale
1324 1224 1627 1275 misericordia
1647 1224 1858 1274 coeleste:
1898 1226 1945 1272 in
1965 1225 2270 1289 sequentibus,
2307 1225 2388 1274 ubi

380 1295 562 1344 Lothus
585 1296 641 1344 ad
659 1294 884 1358 Angelos,
912 1299 946 1321 ‘⁶
964 1293 1087 1341 Ecce
1100 1292 1255 1358 quaeso
1277 1295 1450 1341 invenit
1463 1291 1613 1353 servus
1627 1304 1739 1339 *tuus
1754 1292 1958 1340 Gratiam
1981 1293 2027 1338 in
2050 1292 2194 1340 oculis
2207 1295 2313 1350 tuis,
2339 1294 2390 1341 &

380 1367 672 1427 “magnam
717 1359 858 1408 fecisti
895 1361 1240 1424 Misericordiam
1279 1372 1425 1418 tuam,
1477 1375 1618 1424 quam
1655 1355 1799 1406 fecisti
1850 1375 2055 1416 mecum,
2102 1359 2384 1407 vivificando

379 1434 415 1460 “
449 1431 650 1477 animam
683 1427 885 1484 meam,'’
919 1426 1110 1475 Genesz'
1149 1443 1251 1475 xix.
1301 1446 1372 1492 19.
1403 1426 1543 1491 aquod
1582 1426 1739 1473 Gratia
1771 1424 1936 1497 spastet
1972 1420 2230 1490 spiritualia,
2281 1441 2390 1490 quae

380 1495 483 1545 sunt
517 1495 625 1543 fidei
659 1493 732 1542 seu
765 1493 1036 1551 intellestuS‚
1071 1494 1145 1541 hic
1184 1510 1369 1558 quoque
1406 1493 1594 1549 constat,
1641 1503 1742 1540 tum
1783 1491 1912 1556 quod
1955 1491 2132 1540 dicatu-r
2178 1493 2389 1540 invenisse

378 1562 576 1626 gratiam
606 1562 654 1609 in
699 1561 843 1609 oculis
883 1561 1007 1616 tuis;
1057 1559 1367 1608 Misericordia
1412 1576 1522 1608 vero
1557 1558 1772 1616 coelestia,
1822 1575 1929 1622 quae
1966 1558 2069 1609 sunt
2108 1560 2274 1606 amoris
2314 1558 2386 1605 seu

379 1627 644 1685 voluntatis,
691 1627 864 1676 constat
901 1643 959 1675 ex
994 1643 1066 1685 eo,
1124 1628 1252 1692 quod
1296 1627 1474 1676 dicatur
1518 1624 1664 1674 feciffe
1701 1625 2080 1685 Misericordiam,
2139 1627 2188 1674 ὅτ
2236 1625 2389 1676 νὶνῗιίῑῑῳ

377 1695 488 1745 caffe
533 1696 746 1744 animam.
2378 1716 2393 1723 κ

456 2020 507 2071 9.
546 2001 645 2055 Hae
670 1999 941 2053 nativitates
965 1997 1202 2051 Noach'i:
1251 1996 1437 2051 Noach
1464 1997 1541 2050 vir
1556 1997 1718 2070 justus
1755 1997 1945 2068 integer
1980 1995 2077 2049 fuit
2107 1996 2159 2050 in
2184 2014 2388 2068 genera-

379 2075 597 2128 tionibus
621 2074 746 2127 suis:
793 2092 916 2126 cum
955 2073 1078 2125 Dsso
1103 2072 1378 2125 ambulavit
1416 2072 1506 2124 fibi
1526 2070 1730 2139 Noach.
1868 2106 1871 2109 -
2132 2080 2135 2083 ’

464 2168 546 2203 10.
584 2151 654 2201 Et
677 2148 849 2220 genuit
873 2145 1058 2200 Noach
1082 2159 1179 2199 tres
1219 2146 1364 2210 filios,
1405 2146 1608 2210 Schem,
1646 2144 1816 2202 ‚Cham
1848 2146 1901 2197 ὅτ
1925 2143 2163 2217 Japheth.

466 2242 487 2277 1
506 2243 549 2277 1.
587 2225 655 2276 Et
700 2224 931 2295 corrupta
976 2221 1073 2274 fuit
1113 2232 1436 2274 terra'coram
1462 2222 1611 2288 Dm,
1656 2221 1709 2272 ὅτ,
1738 2219 1946 2292 impleta
1985 2219 2083 2272 fuit
2126 2232 2253 2274 terra
2275 2221 2386 2273 vio-

380 2299 546 2352 lentia.
918 2307 923 2310 ’

467 2390 548 2425 12.
589 2373 668 2424 Et.
682 2373 802 2425 vidit
823 2373 977 2424 DEUS
1004 2382 1202 2434 terram,
1241 2371 1294 2422 ὅτ
1312 2377 1428 2423 e'cce
1452 2380 1686 2442 corrupta
1705 2369 1816 2432 fuit,
1844 2368 1961 2440 quia
1979 2369 2200 2442 corrupit
2214 2369 2386 2422 omnis

384 2465 499 2500 caro
522 2449 656 2500 viam
682 2447 822 2498 suam
846 2447 990 2518 super
1029 2458 1170 2497 terra.
1366 2510 1368 2512 η
1538 2487 1543 2490 .

468 2540 548 2592 13.
587 2523 656 2574 Et
692 2522 818 2573 dixit
855 2516 1008 2573 Dmfs
1038 2517 1278 2583 ⁴Noach0,
1324 2519 1436 2572 finis
1476 2519 1643 2572 omnis
1683 2517 1841 2572 carnis
1883 2519 2018 2571 venit
2062 2535 2234 2573 coram
2276 2518 2389 2581 Me,

384 2597 502 2668 quia
542 2596 749 2669 impleta
773 2596 844 2647 est
868 2608 992 2648 terra
1016 2594 1249 2647 violent-ia
1274 2613 1303 2646 a
1326 2594 1546 2647 faciebus
1580 2612 1774 2658 eorum,
1814 2595 1866 2646 δε
1904 2611 2019 2647 ecce
2044 2594 2157 2665 Ego
2181 2586 2397 2666 perdens

383 2689 467 2724 eos
492 2690 614 2728 cum
638 2683 779 2724 terra.
2103 2710 2116 2716 -

468 2764 548 2814 14.
587 2747 688 2798 Fac
727 2745 815 2798 tibi
853 2763 1018 2798 arcam
1055 2744 1309 2816 lignorum
1335 2742 1576 2817 ‘Gopher,
1600 2785 1605 2789 ..
1618 2735 1894 2797 mansiones
1929 2740 2080 2796 facies
2115 2758 2298 2804 arcam,
2338 2741 2392 2793 ὅτ,

385 2818 711 2872 bituminabis
738 2839 851 2872 eam
876 2820 1006 2872 intus
1033 2821 1085 2872 &
1123 2832 1265 2872 extus
1303 2820 1567 2872 bitumine.
1984 2858 1987 2862 -

470 2910 550 2963 15.
589 2895 658 2946 Et
696 2894 761 2946 sic
799 2895 947 2946 facies
971 2894 1111 2947 illam
1121 2920 1143 2957 ,5
1189 2895 1395 2946 trecenti
1418 2892 1575 2944 cubiti
1590 2889 1860 2961 longitudo
1888 2907 2027 2952 arcae,
2054 2888 2389 2961 quinguagin-

389 2978 438 3021 ta
463 2968 620 3031 cubiti
645 2968 855 3020 latitudo
892 2970 1011 3039 ejus,
1051 2970 1104 3020 ὃς
1129 2968 1327 3039 triginta
1366 2966 1521 3019 cubiti
1541 2964 1752 3016 altitudo
1786 2965 1910 3035 ejus.
1958 2988 1964 2994 ·
1997 3007 1999 3009 .
2239 2972 2251 2983 ⁹

345 3105 348 3109 ⁴
470 3043 551 3094 16.
589 3041 876 3094 Fenestram
902 3043 1049 3094 facies
1077 3060 1216 3105 arcae,
1256 3043 1308 3093 &2
1334 3041 1396 3092 ad
1421 3039 1652 3092 cubitum
1685 3033 1917 3110 'perficies
1966 3038 2107 3090 illam
2155 3037 2392 3110 superne3

375 3118 439 3169 ὅτ,
471 3119 679 3187 januam
714 3134 836 3169 arcae
861 3115 914 3170 in
938 3116 1087 3169 latere
1113 3117 1216 3187 ejus
1241 3132 1431 3188 pones;
1470 3113 1683 3178 infimaS,
1721 3112 2037 3178 secundanaS,
2081 3115 2133 3166 ὅτ,
2164 3113 2390 3165 tertianas

383 3191 533 3244 facies
568 3191 724 3244 illam.

717 3265 720 3270 ’
2203 3279 2227 3330 1¹
2237 3273 2282 3324 7.
2319 3258 2388 3311 Et
