<?xml version="1.0" encoding="UTF-8"?>
<!DOCTYPE html PUBLIC "-//W3C//DTD XHTML 1.0 Transitional//EN"
    "http://www.w3.org/TR/xhtml1/DTD/xhtml1-transitional.dtd">
<html xmlns="http://www.w3.org/1999/xhtml" xml:lang="en" lang="en">
 <head>
  <title>
</title>
<meta http-equiv="Content-Type" content="text/html;charset=utf-8" />
  <meta name='ocr-system' content='tesseract 3.04.00' />
  <meta name='ocr-capabilities' content='ocr_page ocr_carea ocr_par ocr_line ocrx_word'/>
</head>
<body>
  <div class='ocr_page' id='page_1' title='image "arcanacaelestiaq01sweduoft_0561.png"; bbox 0 0 2788 3736; ppageno 0'>
   <div class='ocr_carea' id='block_1_1' title="bbox 683 164 2374 258">
    <p class='ocr_par' dir='ltr' id='par_1_1' title="bbox 683 164 2374 258">
     <span class='ocr_line' id='line_1_1' title="bbox 683 164 2374 258; baseline 0.001 -21"><span class='ocrx_word' id='word_1_1' title='bbox 683 170 1021 239; x_wconf 87' lang='lat' dir='ltr'><strong>CAPUT</strong></span> <span class='ocrx_word' id='word_1_2' title='bbox 1067 167 1548 235; x_wconf 91' lang='lat' dir='ltr'>DECIMUM</span> <span class='ocrx_word' id='word_1_3' title='bbox 1594 164 2137 256; x_wconf 43' lang='lat' dir='ltr'>QUARTUMi</span> <span class='ocrx_word' id='word_1_4' title='bbox 2243 187 2374 258; x_wconf 70' lang='lat'>‘551</span> 
     </span>
    </p>
   </div>
   <div class='ocr_carea' id='block_1_2' title="bbox 355 296 2380 641">
    <p class='ocr_par' dir='ltr' id='par_1_2' title="bbox 357 296 2380 440">
     <span class='ocr_line' id='line_1_2' title="bbox 357 296 2380 376; baseline -0.002 -13"><span class='ocrx_word' id='word_1_5' title='bbox 357 296 547 369; x_wconf 68' lang='lat' dir='ltr'>¹vei-um,</span> <span class='ocrx_word' id='word_1_6' title='bbox 580 307 1090 375; x_wconf 74' lang='lat' dir='ltr'>perKedorlaomerum</span> <span class='ocrx_word' id='word_1_7' title='bbox 1114 303 1310 362; x_wconf 81' lang='lat' dir='ltr'>bonum,</span> <span class='ocrx_word' id='word_1_8' title='bbox 1348 318 1431 376; x_wconf 90' lang='lat' dir='ltr'>per</span> <span class='ocrx_word' id='word_1_9' title='bbox 1454 304 1607 366; x_wconf 90' lang='lat' dir='ltr'>Reges</span> <span class='ocrx_word' id='word_1_10' title='bbox 1626 319 1809 361; x_wconf 87' lang='lat' dir='ltr'>verum,</span> <span class='ocrx_word' id='word_1_11' title='bbox 1840 301 1920 352; x_wconf 84' lang='lat' dir='ltr'>-sed</span> <span class='ocrx_word' id='word_1_12' title='bbox 1938 303 2070 369; x_wconf 88' lang='lat' dir='ltr'>quale</span> <span class='ocrx_word' id='word_1_13' title='bbox 2093 302 2182 354; x_wconf 88' lang='lat' dir='ltr'>fuit</span> <span class='ocrx_word' id='word_1_14' title='bbox 2196 306 2380 358; x_wconf 88' lang='lat' dir='ltr'>Bonum</span> 
     </span>
     <span class='ocr_line' id='line_1_3' title="bbox 363 371 2005 440; baseline -0.007 -12"><span class='ocrx_word' id='word_1_15' title='bbox 363 380 611 431; x_wconf 76' lang='lat' dir='ltr'>&amp;Verum</span> <span class='ocrx_word' id='word_1_16' title='bbox 635 378 683 425; x_wconf 92' lang='lat' dir='ltr'>in</span> <span class='ocrx_word' id='word_1_17' title='bbox 706 375 933 440; x_wconf 90' lang='lat' dir='ltr'>principio</span> <span class='ocrx_word' id='word_1_18' title='bbox 955 374 1261 421; x_wconf 82' lang='lat' dir='ltr'>tentationum</span> <span class='ocrx_word' id='word_1_19' title='bbox 1276 372 1491 428; x_wconf 85' lang='lat' dir='ltr'><strong>Domini,</strong></span> <span class='ocrx_word' id='word_1_20' title='bbox 1527 371 1657 435; x_wconf 90' lang='lat' dir='ltr'>supra</span> <span class='ocrx_word' id='word_1_21' title='bbox 1672 371 1865 422; x_wconf 62' lang='lat' dir='ltr'>dietum.</span> <span class='ocrx_word' id='word_1_22' title='bbox 2000 403 2005 406; x_wconf 90' lang='lat'><em>-</em></span> 
     </span>
    </p>

    <p class='ocr_par' dir='ltr' id='par_1_3' title="bbox 355 437 2379 641">
     <span class='ocr_line' id='line_1_4' title="bbox 433 437 2378 511; baseline -0.002 -17"><span class='ocrx_word' id='word_1_23' title='bbox 433 447 572 511; x_wconf 83' lang='lat'>1673.</span> <span class='ocrx_word' id='word_1_24' title='bbox 610 445 675 492; x_wconf 91' lang='lat' dir='ltr'>Et</span> <span class='ocrx_word' id='word_1_25' title='bbox 721 442 1027 507; x_wconf 75' lang='lat' dir='ltr'>percuflerunt</span> <span class='ocrx_word' id='word_1_26' title='bbox 1063 440 1296 504; x_wconf 88' lang='lat' dir='ltr'>Rephaim</span> <span class='ocrx_word' id='word_1_27' title='bbox 1344 441 1394 487; x_wconf 91' lang='lat' dir='ltr'>in</span> <span class='ocrx_word' id='word_1_28' title='bbox 1431 437 1650 487; x_wconf 87' lang='lat' dir='ltr'>Asteroth</span> <span class='ocrx_word' id='word_1_29' title='bbox 1678 439 1916 496; x_wconf 82' lang='lat' dir='ltr'>Karnaim,</span> <span class='ocrx_word' id='word_1_30' title='bbox 1972 439 2025 488; x_wconf 74' lang='grc' dir='ltr'>δε</span> <span class='ocrx_word' id='word_1_31' title='bbox 2070 439 2274 489; x_wconf 83' lang='lat' dir='ltr'>Sufimos</span> <span class='ocrx_word' id='word_1_32' title='bbox 2330 442 2378 491; x_wconf 90' lang='lat' dir='ltr'>in</span> 
     </span>
     <span class='ocr_line' id='line_1_5' title="bbox 357 504 2378 571; baseline -0.003 -8"><span class='ocrx_word' id='word_1_33' title='bbox 357 514 509 570; x_wconf 88' lang='lat' dir='ltr'>Ham,</span> <span class='ocrx_word' id='word_1_34' title='bbox 545 513 596 560; x_wconf 75' lang='grc' dir='ltr'>ὅτ</span> <span class='ocrx_word' id='word_1_35' title='bbox 620 511 782 559; x_wconf 90' lang='lat' dir='ltr'>Emim</span> <span class='ocrx_word' id='word_1_36' title='bbox 815 511 864 558; x_wconf 92' lang='lat' dir='ltr'>in</span> <span class='ocrx_word' id='word_1_37' title='bbox 887 509 1061 556; x_wconf 84' lang='lat' dir='ltr'>Schave</span> <span class='ocrx_word' id='word_1_38' title='bbox 1084 505 1374 571; x_wconf 71' lang='lat' dir='ltr'>Kiijathaim,</span> <span class='ocrx_word' id='word_1_39' title='bbox 1409 505 1539 570; x_wconf 91' lang='lat' dir='ltr'>quod</span> <span class='ocrx_word' id='word_1_40' title='bbox 1561 505 1818 569; x_wconf 88' lang='lat' dir='ltr'>significent</span> <span class='ocrx_word' id='word_1_41' title='bbox 1840 504 2137 570; x_wconf 74' lang='lat' dir='ltr'>persuasiones</span> <span class='ocrx_word' id='word_1_42' title='bbox 2160 505 2272 566; x_wconf 87' lang='lat' dir='ltr'>falfi,</span> <span class='ocrx_word' id='word_1_43' title='bbox 2305 509 2378 557; x_wconf 89' lang='lat' dir='ltr'>seu</span> 
     </span>
     <span class='ocr_line' id='line_1_6' title="bbox 355 572 2379 641; baseline -0.003 -13"><span class='ocrx_word' id='word_1_44' title='bbox 355 577 528 628; x_wconf 87' lang='lat' dir='ltr'>inferna</span> <span class='ocrx_word' id='word_1_45' title='bbox 548 579 729 636; x_wconf 89' lang='lat' dir='ltr'>talium,</span> <span class='ocrx_word' id='word_1_46' title='bbox 770 592 878 641; x_wconf 83' lang='lat' dir='ltr'>quae</span> <span class='ocrx_word' id='word_1_47' title='bbox 897 577 1132 624; x_wconf 86' lang='lat' dir='ltr'>Dominus</span> <span class='ocrx_word' id='word_1_48' title='bbox 1154 572 1309 631; x_wconf 84' lang='lat' dir='ltr'>evicit,</span> <span class='ocrx_word' id='word_1_49' title='bbox 1344 573 1518 622; x_wconf 89' lang='lat' dir='ltr'>constat</span> <span class='ocrx_word' id='word_1_50' title='bbox 1546 588 1605 619; x_wconf 88' lang='lat' dir='ltr'>ex</span> <span class='ocrx_word' id='word_1_51' title='bbox 1627 573 1953 636; x_wconf 86' lang='lat' dir='ltr'>significatione</span> <span class='ocrx_word' id='word_1_52' title='bbox 1977 574 2223 638; x_wconf 82' lang='lat' dir='ltr'>Rephaim,</span> <span class='ocrx_word' id='word_1_53' title='bbox 2258 576 2379 624; x_wconf 84' lang='lat' dir='ltr'>Susi-</span> 
     </span>
    </p>
   </div>
   <div class='ocr_carea' id='block_1_3' title="bbox 268 640 2382 708">
    <p class='ocr_par' dir='ltr' id='par_1_4' title="bbox 268 640 2382 708">
     <span class='ocr_line' id='line_1_7' title="bbox 268 640 2382 708; baseline -0.002 -13"><span class='ocrx_word' id='word_1_54' title='bbox 268 675 278 679; x_wconf 36' lang='lat' dir='ltr'><em>ae</em></span> <span class='ocrx_word' id='word_1_55' title='bbox 357 654 564 704; x_wconf 83' lang='lat' dir='ltr'>morum,</span> <span class='ocrx_word' id='word_1_56' title='bbox 601 645 856 703; x_wconf 82' lang='lat' dir='ltr'>&amp;Emim‚</span> <span class='ocrx_word' id='word_1_57' title='bbox 892 642 1021 708; x_wconf 91' lang='lat' dir='ltr'>quod</span> <span class='ocrx_word' id='word_1_58' title='bbox 1042 642 1131 689; x_wconf 88' lang='lat' dir='ltr'>sint</span> <span class='ocrx_word' id='word_1_59' title='bbox 1153 641 1311 688; x_wconf 76' lang='lat' dir='ltr'>similis</span> <span class='ocrx_word' id='word_1_60' title='bbox 1337 642 1515 705; x_wconf 90' lang='lat' dir='ltr'>generis</span> <span class='ocrx_word' id='word_1_61' title='bbox 1553 655 1604 687; x_wconf 91' lang='lat' dir='ltr'>ac</span> <span class='ocrx_word' id='word_1_62' title='bbox 1633 640 1890 703; x_wconf 84' lang='lat' dir='ltr'>Nephilim,</span> <span class='ocrx_word' id='word_1_63' title='bbox 1925 643 2006 705; x_wconf 93' lang='lat' dir='ltr'>qui</span> <span class='ocrx_word' id='word_1_64' title='bbox 2048 655 2382 700; x_wconf 79' lang='lat' dir='ltr'>memorantur,</span> 
     </span>
    </p>
   </div>
   <div class='ocr_carea' id='block_1_4' title="bbox 341 705 2383 1309">
    <p class='ocr_par' dir='ltr' id='par_1_5' title="bbox 357 705 2379 977">
     <span class='ocr_line' id='line_1_8' title="bbox 358 705 2377 775; baseline -0.002 -13"><span class='ocrx_word' id='word_1_65' title='bbox 358 713 538 762; x_wconf 71' lang='lat' dir='ltr'>Genefi:</span> <span class='ocrx_word' id='word_1_66' title='bbox 565 729 620 761; x_wconf 94' lang='lat' dir='ltr'>vi</span> <span class='ocrx_word' id='word_1_67' title='bbox 642 731 653 761; x_wconf 73' lang='grc' dir='ltr'>ε</span> <span class='ocrx_word' id='word_1_68' title='bbox 679 730 727 772; x_wconf 91' lang='lat'>4.</span> <span class='ocrx_word' id='word_1_69' title='bbox 763 713 854 775; x_wconf 70' lang='lat' dir='ltr'>qui·</span> <span class='ocrx_word' id='word_1_70' title='bbox 869 710 998 774; x_wconf 92' lang='lat' dir='ltr'>quod</span> <span class='ocrx_word' id='word_1_71' title='bbox 1021 708 1279 773; x_wconf 86' lang='lat' dir='ltr'>fignificent</span> <span class='ocrx_word' id='word_1_72' title='bbox 1295 707 1598 773; x_wconf 86' lang='lat' dir='ltr'>persuasiones</span> <span class='ocrx_word' id='word_1_73' title='bbox 1619 705 1735 763; x_wconf 87' lang='lat' dir='ltr'>falfi,</span> <span class='ocrx_word' id='word_1_74' title='bbox 1771 707 1843 754; x_wconf 92' lang='lat' dir='ltr'>seu</span> <span class='ocrx_word' id='word_1_75' title='bbox 1878 707 1980 755; x_wconf 91' lang='lat' dir='ltr'>illos</span> <span class='ocrx_word' id='word_1_76' title='bbox 2000 710 2082 772; x_wconf 91' lang='lat' dir='ltr'>qui</span> <span class='ocrx_word' id='word_1_77' title='bbox 2106 725 2165 756; x_wconf 86' lang='lat' dir='ltr'>ex</span> <span class='ocrx_word' id='word_1_78' title='bbox 2195 709 2377 774; x_wconf 84' lang='lat' dir='ltr'>persua·-</span> 
     </span>
     <span class='ocr_line' id='line_1_9' title="bbox 357 772 2378 841; baseline -0.002 -12"><span class='ocrx_word' id='word_1_79' title='bbox 357 781 480 829; x_wconf 85' lang='lat' dir='ltr'>sione</span> <span class='ocrx_word' id='word_1_80' title='bbox 510 779 603 828; x_wconf 85' lang='lat' dir='ltr'>suae</span> <span class='ocrx_word' id='word_1_81' title='bbox 626 779 876 827; x_wconf 87' lang='lat' dir='ltr'>altitudinis</span> <span class='ocrx_word' id='word_1_82' title='bbox 899 778 950 826; x_wconf 75' lang='grc' dir='ltr'>ὅτ</span> <span class='ocrx_word' id='word_1_83' title='bbox 973 777 1332 841; x_wconf 82' lang='lat' dir='ltr'>praeeminentiae</span> <span class='ocrx_word' id='word_1_84' title='bbox 1369 775 1499 823; x_wconf 88' lang='lat' dir='ltr'>nihili</span> <span class='ocrx_word' id='word_1_85' title='bbox 1521 772 1726 826; x_wconf 79' lang='lat' dir='ltr'>fecerunt</span> <span class='ocrx_word' id='word_1_86' title='bbox 1748 775 1905 822; x_wconf 89' lang='lat' dir='ltr'>omnia</span> <span class='ocrx_word' id='word_1_87' title='bbox 1926 774 2071 822; x_wconf 63' lang='lat' dir='ltr'>sancta</span> <span class='ocrx_word' id='word_1_88' title='bbox 2093 777 2144 823; x_wconf 73' lang='grc' dir='ltr'>δε</span> <span class='ocrx_word' id='word_1_89' title='bbox 2168 792 2290 834; x_wconf 88' lang='lat' dir='ltr'>vera,</span> <span class='ocrx_word' id='word_1_90' title='bbox 2324 778 2378 825; x_wconf 75' lang='grc' dir='ltr'>ὅτ</span> 
     </span>
     <span class='ocr_line' id='line_1_10' title="bbox 357 839 2379 912; baseline -0.002 -16"><span class='ocrx_word' id='word_1_91' title='bbox 357 850 440 912; x_wconf 93' lang='lat' dir='ltr'>qui</span> <span class='ocrx_word' id='word_1_92' title='bbox 463 845 670 896; x_wconf 88' lang='lat' dir='ltr'>falsitates</span> <span class='ocrx_word' id='word_1_93' title='bbox 694 843 959 894; x_wconf 90' lang='lat' dir='ltr'>infuderunt</span> <span class='ocrx_word' id='word_1_94' title='bbox 982 842 1326 908; x_wconf 87' lang='lat' dir='ltr'>cupiditatibus,</span> <span class='ocrx_word' id='word_1_95' title='bbox 1362 840 1589 890; x_wconf 88' lang='lat' dir='ltr'>ostensum</span> <span class='ocrx_word' id='word_1_96' title='bbox 1607 839 1708 888; x_wconf 89' lang='lat' dir='ltr'>satis</span> <span class='ocrx_word' id='word_1_97' title='bbox 1731 839 1951 905; x_wconf 87' lang='lat' dir='ltr'>superque</span> <span class='ocrx_word' id='word_1_98' title='bbox 1971 842 2035 889; x_wconf 92' lang='lat' dir='ltr'>est</span> <span class='ocrx_word' id='word_1_99' title='bbox 2051 842 2132 899; x_wconf 91' lang='lat' dir='ltr'>ibi,</span> <span class='ocrx_word' id='word_1_100' title='bbox 2168 844 2379 892; x_wconf 84' lang='lat' dir='ltr'>videatur</span> 
     </span>
     <span class='ocr_line' id='line_1_11' title="bbox 357 908 2374 977; baseline -0.003 -14"><span class='ocrx_word' id='word_1_101' title='bbox 357 931 417 963; x_wconf 88' lang='lat' dir='ltr'>n:</span> <span class='ocrx_word' id='word_1_102' title='bbox 446 921 561 977; x_wconf 80' lang='lat'>581.</span> <span class='ocrx_word' id='word_1_103' title='bbox 595 914 646 962; x_wconf 86' lang='lat'>&amp;</span> <span class='ocrx_word' id='word_1_104' title='bbox 668 929 726 960; x_wconf 85' lang='lat' dir='ltr'>ex</span> <span class='ocrx_word' id='word_1_105' title='bbox 747 913 860 960; x_wconf 90' lang='lat' dir='ltr'>locis</span> <span class='ocrx_word' id='word_1_106' title='bbox 883 912 946 959; x_wconf 91' lang='lat' dir='ltr'>ibi</span> <span class='ocrx_word' id='word_1_107' title='bbox 968 911 1192 966; x_wconf 70' lang='lat' dir='ltr'>addustis,</span> <span class='ocrx_word' id='word_1_108' title='bbox 1227 910 1387 958; x_wconf 87' lang='lat' dir='ltr'>Num:</span> <span class='ocrx_word' id='word_1_109' title='bbox 1414 925 1541 957; x_wconf 85' lang='lat' dir='ltr'>xiii:</span> <span class='ocrx_word' id='word_1_110' title='bbox 1571 924 1648 972; x_wconf 82' lang='lat'>33.</span> <span class='ocrx_word' id='word_1_111' title='bbox 1685 908 1844 955; x_wconf 90' lang='lat' dir='ltr'>Deut:</span> <span class='ocrx_word' id='word_1_112' title='bbox 1870 924 1945 955; x_wconf 90' lang='lat'>11:</span> <span class='ocrx_word' id='word_1_113' title='bbox 1978 927 2051 958; x_wconf 90' lang='lat'>1-0.</span> <span class='ocrx_word' id='word_1_114' title='bbox 2088 908 2223 956; x_wconf 84' lang='lat' dir='ltr'>Esai:</span> <span class='ocrx_word' id='word_1_115' title='bbox 2251 926 2374 961; x_wconf 85' lang='lat' dir='ltr'>xiv:</span> 
     </span>
    </p>

    <p class='ocr_par' dir='ltr' id='par_1_6' title="bbox 341 974 2383 1309">
     <span class='ocr_line' id='line_1_12' title="bbox 391 974 2379 1044; baseline -0.002 -16"><span class='ocrx_word' id='word_1_116' title='bbox 391 1017 404 1028; x_wconf 88' lang='lat'><strong>.</strong></span> <span class='ocrx_word' id='word_1_117' title='bbox 447 982 574 1044; x_wconf 86' lang='lat' dir='ltr'>Cap:</span> <span class='ocrx_word' id='word_1_118' title='bbox 594 996 747 1028; x_wconf 84' lang='lat' dir='ltr'>xxvi:</span> <span class='ocrx_word' id='word_1_119' title='bbox 778 997 854 1041; x_wconf 89' lang='lat'>14,</span> <span class='ocrx_word' id='word_1_120' title='bbox 887 997 959 1044; x_wconf 89' lang='lat'>19.</span> <span class='ocrx_word' id='word_1_121' title='bbox 996 977 1146 1027; x_wconf 87' lang='lat' dir='ltr'>Psalm</span> <span class='ocrx_word' id='word_1_122' title='bbox 1167 996 1182 1033; x_wconf 70' lang='grc' dir='ltr'><strong>ς</strong></span> <span class='ocrx_word' id='word_1_123' title='bbox 1207 992 1381 1024; x_wconf 69' lang='lat' dir='ltr'>Lintvii</span> <span class='ocrx_word' id='word_1_124' title='bbox 1393 977 1442 1024; x_wconf 78' lang='lat'>1&#39;:</span> <span class='ocrx_word' id='word_1_125' title='bbox 1474 993 1547 1024; x_wconf 89' lang='lat'>11.</span> <span class='ocrx_word' id='word_1_126' title='bbox 1580 974 1687 1021; x_wconf 90' lang='lat' dir='ltr'>sunt</span> <span class='ocrx_word' id='word_1_127' title='bbox 1726 974 1799 1021; x_wconf 88' lang='lat' dir='ltr'>hic</span> <span class='ocrx_word' id='word_1_128' title='bbox 1838 989 2005 1037; x_wconf 84' lang='lat' dir='ltr'>genera</span> <span class='ocrx_word' id='word_1_129' title='bbox 2039 975 2379 1039; x_wconf 83' lang='lat' dir='ltr'>persuasionum-</span> 
     </span>
     <span class='ocr_line' id='line_1_13' title="bbox 356 1041 2378 1112; baseline -0.002 -17"><span class='ocrx_word' id='word_1_130' title='bbox 356 1047 465 1105; x_wconf 61' lang='lat' dir='ltr'>ulfi,</span> <span class='ocrx_word' id='word_1_131' title='bbox 502 1064 610 1112; x_wconf 88' lang='lat' dir='ltr'>quae</span> <span class='ocrx_word' id='word_1_132' title='bbox 632 1063 714 1111; x_wconf 92' lang='lat' dir='ltr'>per</span> <span class='ocrx_word' id='word_1_133' title='bbox 737 1046 819 1094; x_wconf 94' lang='lat' dir='ltr'>hos</span> <span class='ocrx_word' id='word_1_134' title='bbox 841 1058 948 1103; x_wconf 90' lang='lat' dir='ltr'>tres,</span> <span class='ocrx_word' id='word_1_135' title='bbox 984 1057 1087 1093; x_wconf 91' lang='lat' dir='ltr'>tum</span> <span class='ocrx_word' id='word_1_136' title='bbox 1126 1060 1210 1108; x_wconf 91' lang='lat' dir='ltr'>per</span> <span class='ocrx_word' id='word_1_137' title='bbox 1231 1043 1441 1091; x_wconf 89' lang='lat' dir='ltr'>Choritas</span> <span class='ocrx_word' id='word_1_138' title='bbox 1470 1043 1518 1090; x_wconf 93' lang='lat' dir='ltr'>in</span> <span class='ocrx_word' id='word_1_139' title='bbox 1558 1054 1717 1089; x_wconf 90' lang='lat' dir='ltr'>monte</span> <span class='ocrx_word' id='word_1_140' title='bbox 1740 1042 1852 1098; x_wconf 88' lang='lat' dir='ltr'>Seir,</span> <span class='ocrx_word' id='word_1_141' title='bbox 1889 1041 2234 1105; x_wconf 71' lang='lat' dir='ltr'>significantur,</span> <span class='ocrx_word' id='word_1_142' title='bbox 2270 1059 2378 1090; x_wconf 88' lang='lat' dir='ltr'>nam</span> 
     </span>
     <span class='ocr_line' id='line_1_14' title="bbox 355 1106 2377 1178; baseline -0.003 -16"><span class='ocrx_word' id='word_1_143' title='bbox 355 1114 492 1178; x_wconf 90' lang='lat' dir='ltr'>plura</span> <span class='ocrx_word' id='word_1_144' title='bbox 514 1129 676 1178; x_wconf 84' lang='lat' dir='ltr'>genera</span> <span class='ocrx_word' id='word_1_145' title='bbox 698 1111 1034 1176; x_wconf 63' lang='lat' dir='ltr'>persuasionum</span> <span class='ocrx_word' id='word_1_146' title='bbox 1059 1109 1153 1157; x_wconf 87' lang='lat' dir='ltr'>falsi</span> <span class='ocrx_word' id='word_1_147' title='bbox 1168 1107 1286 1167; x_wconf 88' lang='lat' dir='ltr'>sunt,</span> <span class='ocrx_word' id='word_1_148' title='bbox 1319 1125 1417 1173; x_wconf 24' lang='lat' dir='ltr'>’non</span> <span class='ocrx_word' id='word_1_149' title='bbox 1449 1109 1594 1156; x_wconf 90' lang='lat' dir='ltr'>modo</span> <span class='ocrx_word' id='word_1_150' title='bbox 1617 1107 1868 1156; x_wconf 83' lang='lat' dir='ltr'>secundum</span> <span class='ocrx_word' id='word_1_151' title='bbox 1893 1106 2117 1166; x_wconf 78' lang='lat' dir='ltr'>falsitates,</span> <span class='ocrx_word' id='word_1_152' title='bbox 2142 1108 2215 1156; x_wconf 90' lang='lat' dir='ltr'>sed</span> <span class='ocrx_word' id='word_1_153' title='bbox 2239 1111 2377 1157; x_wconf 87' lang='lat' dir='ltr'>etiam</span> 
     </span>
     <span class='ocr_line' id='line_1_15' title="bbox 350 1174 2383 1241; baseline -0.002 -13"><span class='ocrx_word' id='word_1_154' title='bbox 350 1179 603 1232; x_wconf 86' lang='lat' dir='ltr'>secundum</span> <span class='ocrx_word' id='word_1_155' title='bbox 627 1177 913 1241; x_wconf 91' lang='lat' dir='ltr'>cupiditates,</span> <span class='ocrx_word' id='word_1_156' title='bbox 949 1177 1116 1240; x_wconf 90' lang='lat' dir='ltr'>quibus</span> <span class='ocrx_word' id='word_1_157' title='bbox 1140 1174 1456 1240; x_wconf 90' lang='lat' dir='ltr'>adjunguntur</span> <span class='ocrx_word' id='word_1_158' title='bbox 1476 1189 1552 1223; x_wconf 91' lang='lat' dir='ltr'>aut</span> <span class='ocrx_word' id='word_1_159' title='bbox 1569 1174 1890 1231; x_wconf 85' lang='lat' dir='ltr'>infunduntur,</span> <span class='ocrx_word' id='word_1_160' title='bbox 1925 1188 2004 1223; x_wconf 85' lang='lat' dir='ltr'>aut</span> <span class='ocrx_word' id='word_1_161' title='bbox 2026 1192 2053 1223; x_wconf 89' lang='lat' dir='ltr'>a</span> <span class='ocrx_word' id='word_1_162' title='bbox 2075 1175 2244 1239; x_wconf 86' lang='lat' dir='ltr'>quibus</span> <span class='ocrx_word' id='word_1_163' title='bbox 2267 1192 2383 1240; x_wconf 80' lang='lat' dir='ltr'>pro·-</span> 
     </span>
     <span class='ocr_line' id='line_1_16' title="bbox 341 1238 2376 1309; baseline -0.002 -15"><span class='ocrx_word' id='word_1_164' title='bbox 341 1238 502 1294; x_wconf 80' lang='lat' dir='ltr'>.fluunt</span> <span class='ocrx_word' id='word_1_165' title='bbox 535 1247 586 1293; x_wconf 74' lang='grc' dir='ltr'>ὅτ</span> <span class='ocrx_word' id='word_1_166' title='bbox 609 1245 959 1309; x_wconf 83' lang='lat' dir='ltr'>producuntur;</span> <span class='ocrx_word' id='word_1_167' title='bbox 994 1242 1149 1307; x_wconf 89' lang='lat' dir='ltr'>quales</span> <span class='ocrx_word' id='word_1_168' title='bbox 1171 1241 1470 1305; x_wconf 67' lang='lat' dir='ltr'>persuasiones</span> <span class='ocrx_word' id='word_1_169' title='bbox 1493 1240 1587 1289; x_wconf 90' lang='lat' dir='ltr'>falfi</span> <span class='ocrx_word' id='word_1_170' title='bbox 1611 1241 1729 1298; x_wconf 90' lang='lat' dir='ltr'>sunt,</span> <span class='ocrx_word' id='word_1_171' title='bbox 1766 1240 1988 1304; x_wconf 89' lang='lat' dir='ltr'>nusquam</span> <span class='ocrx_word' id='word_1_172' title='bbox 1999 1242 2207 1290; x_wconf 19' lang='lat' dir='ltr'>*constare</span> <span class='ocrx_word' id='word_1_173' title='bbox 2228 1242 2376 1306; x_wconf 80' lang='lat' dir='ltr'>potest</span> 
     </span>
    </p>
   </div>
   <div class='ocr_carea' id='block_1_5' title="bbox 348 1306 2515 1375">
    <p class='ocr_par' dir='ltr' id='par_1_7' title="bbox 348 1306 2515 1375">
     <span class='ocr_line' id='line_1_17' title="bbox 348 1306 2515 1375; baseline -0.001 -15"><span class='ocrx_word' id='word_1_174' title='bbox 348 1313 484 1361; x_wconf 89' lang='lat' dir='ltr'>alicui</span> <span class='ocrx_word' id='word_1_175' title='bbox 502 1313 698 1369; x_wconf 88' lang='lat' dir='ltr'>homini,</span> <span class='ocrx_word' id='word_1_176' title='bbox 735 1314 816 1374; x_wconf 92' lang='lat' dir='ltr'>qui</span> <span class='ocrx_word' id='word_1_177' title='bbox 839 1312 921 1358; x_wconf 88' lang='lat' dir='ltr'>vix</span> <span class='ocrx_word' id='word_1_178' title='bbox 946 1309 1050 1375; x_wconf 91' lang='lat' dir='ltr'>plus</span> <span class='ocrx_word' id='word_1_179' title='bbox 1074 1310 1222 1366; x_wconf 91' lang='lat' dir='ltr'>novit,</span> <span class='ocrx_word' id='word_1_180' title='bbox 1258 1325 1398 1374; x_wconf 91' lang='lat' dir='ltr'>quam</span> <span class='ocrx_word' id='word_1_181' title='bbox 1422 1309 1553 1373; x_wconf 91' lang='lat' dir='ltr'>quod</span> <span class='ocrx_word' id='word_1_182' title='bbox 1575 1307 1798 1373; x_wconf 73' lang='lat' dir='ltr'>persuasio</span> <span class='ocrx_word' id='word_1_183' title='bbox 1821 1306 1917 1355; x_wconf 87' lang='lat' dir='ltr'>falsi</span> <span class='ocrx_word' id='word_1_184' title='bbox 1939 1309 1989 1356; x_wconf 75' lang='grc' dir='ltr'>δε</span> <span class='ocrx_word' id='word_1_185' title='bbox 2013 1309 2238 1373; x_wconf 90' lang='lat' dir='ltr'>cupiditas</span> <span class='ocrx_word' id='word_1_186' title='bbox 2264 1310 2377 1358; x_wconf 83' lang='lat' dir='ltr'>mali</span> <span class='ocrx_word' id='word_1_187' title='bbox 2423 1361 2430 1366; x_wconf 61' lang='grc'><strong>,</strong></span> <span class='ocrx_word' id='word_1_188' title='bbox 2513 1311 2515 1314; x_wconf 73' lang='grc'>’</span> 
     </span>
    </p>
   </div>
   <div class='ocr_carea' id='block_1_6' title="bbox 342 1373 2376 3171">
    <p class='ocr_par' dir='ltr' id='par_1_8' title="bbox 342 1373 2376 3171">
     <span class='ocr_line' id='line_1_18' title="bbox 347 1373 2374 1440; baseline -0.001 -13"><span class='ocrx_word' id='word_1_189' title='bbox 347 1379 505 1435; x_wconf 89' lang='lat' dir='ltr'>detur,</span> <span class='ocrx_word' id='word_1_190' title='bbox 540 1391 586 1426; x_wconf 90' lang='lat' dir='ltr'>at</span> <span class='ocrx_word' id='word_1_191' title='bbox 609 1380 655 1425; x_wconf 90' lang='lat' dir='ltr'>in</span> <span class='ocrx_word' id='word_1_192' title='bbox 679 1378 815 1426; x_wconf 88' lang='lat' dir='ltr'>altera</span> <span class='ocrx_word' id='word_1_193' title='bbox 836 1378 931 1424; x_wconf 91' lang='lat' dir='ltr'>vita</span> <span class='ocrx_word' id='word_1_194' title='bbox 954 1379 1002 1424; x_wconf 86' lang='lat' dir='ltr'>in</span> <span class='ocrx_word' id='word_1_195' title='bbox 1024 1377 1099 1425; x_wconf 90' lang='lat' dir='ltr'>sua</span> <span class='ocrx_word' id='word_1_196' title='bbox 1121 1391 1287 1440; x_wconf 87' lang='lat' dir='ltr'>genera</span> <span class='ocrx_word' id='word_1_197' title='bbox 1323 1376 1374 1424; x_wconf 75' lang='grc' dir='ltr'>δε</span> <span class='ocrx_word' id='word_1_198' title='bbox 1412 1376 1460 1423; x_wconf 88' lang='lat' dir='ltr'>in</span> <span class='ocrx_word' id='word_1_199' title='bbox 1490 1375 1586 1423; x_wconf 86' lang='lat' dir='ltr'>suas</span> <span class='ocrx_word' id='word_1_200' title='bbox 1611 1373 1775 1438; x_wconf 90' lang='lat' dir='ltr'>species</span> <span class='ocrx_word' id='word_1_201' title='bbox 1798 1373 2123 1422; x_wconf 65' lang='lat' dir='ltr'>distinciiffime</span> <span class='ocrx_word' id='word_1_202' title='bbox 2146 1375 2374 1439; x_wconf 84' lang='lat' dir='ltr'>dispofitae</span> 
     </span>
     <span class='ocr_line' id='line_1_19' title="bbox 348 1440 2374 1508; baseline -0.002 -14"><span class='ocrx_word' id='word_1_203' title='bbox 348 1445 479 1494; x_wconf 86' lang='lat' dir='ltr'>sunt:</span> <span class='ocrx_word' id='word_1_204' title='bbox 517 1446 749 1493; x_wconf 69' lang='lat' dir='ltr'>diriffimae</span> <span class='ocrx_word' id='word_1_205' title='bbox 773 1444 1073 1508; x_wconf 71' lang='lat' dir='ltr'>persuasiones</span> <span class='ocrx_word' id='word_1_206' title='bbox 1096 1442 1193 1489; x_wconf 83' lang='lat' dir='ltr'>falfi</span> <span class='ocrx_word' id='word_1_207' title='bbox 1228 1440 1415 1490; x_wconf 89' lang='lat' dir='ltr'>fuerunt</span> <span class='ocrx_word' id='word_1_208' title='bbox 1454 1442 1578 1506; x_wconf 89' lang='lat' dir='ltr'>apud</span> <span class='ocrx_word' id='word_1_209' title='bbox 1614 1457 1710 1498; x_wconf 83' lang='lat' dir='ltr'>eos,</span> <span class='ocrx_word' id='word_1_210' title='bbox 1750 1440 1833 1504; x_wconf 81' lang='lat' dir='ltr'>qui</span> <span class='ocrx_word' id='word_1_211' title='bbox 1865 1453 1968 1488; x_wconf 91' lang='lat' dir='ltr'>ante</span> <span class='ocrx_word' id='word_1_212' title='bbox 1991 1441 2221 1488; x_wconf 88' lang='lat' dir='ltr'>diluvium</span> <span class='ocrx_word' id='word_1_213' title='bbox 2245 1444 2374 1490; x_wconf 84' lang='lat' dir='ltr'>vixe-</span> 
     </span>
     <span class='ocr_line' id='line_1_20' title="bbox 347 1506 2374 1575; baseline -0.002 -15"><span class='ocrx_word' id='word_1_214' title='bbox 347 1525 474 1569; x_wconf 83' lang='lat' dir='ltr'>runt,</span> <span class='ocrx_word' id='word_1_215' title='bbox 510 1513 740 1574; x_wconf 84' lang='lat' dir='ltr'>imprimis</span> <span class='ocrx_word' id='word_1_216' title='bbox 762 1509 886 1575; x_wconf 77' lang='lat' dir='ltr'>apud</span> <span class='ocrx_word' id='word_1_217' title='bbox 909 1526 989 1558; x_wconf 86' lang='lat' dir='ltr'>eos</span> <span class='ocrx_word' id='word_1_218' title='bbox 1009 1510 1091 1574; x_wconf 92' lang='lat' dir='ltr'>qui</span> <span class='ocrx_word' id='word_1_219' title='bbox 1113 1507 1355 1572; x_wconf 91' lang='lat' dir='ltr'>Nephilim</span> <span class='ocrx_word' id='word_1_220' title='bbox 1378 1508 1521 1564; x_wconf 55' lang='lat' dir='ltr'>diem</span> <span class='ocrx_word' id='word_1_221' title='bbox 1558 1507 1606 1555; x_wconf 86' lang='lat' dir='ltr'>hi</span> <span class='ocrx_word' id='word_1_222' title='bbox 1629 1508 1737 1556; x_wconf 88' lang='lat' dir='ltr'>tales</span> <span class='ocrx_word' id='word_1_223' title='bbox 1763 1506 1963 1565; x_wconf 85' lang='lat' dir='ltr'>fuerunt,</span> <span class='ocrx_word' id='word_1_224' title='bbox 2001 1520 2054 1555; x_wconf 88' lang='lat' dir='ltr'>ut</span> <span class='ocrx_word' id='word_1_225' title='bbox 2085 1508 2374 1573; x_wconf 76' lang='lat' dir='ltr'>persuasioni-</span> 
     </span>
     <span class='ocr_line' id='line_1_21' title="bbox 349 1573 2375 1639; baseline -0.001 -13"><span class='ocrx_word' id='word_1_226' title='bbox 349 1578 434 1626; x_wconf 90' lang='lat' dir='ltr'>bus</span> <span class='ocrx_word' id='word_1_227' title='bbox 460 1577 548 1626; x_wconf 88' lang='lat' dir='ltr'>suis</span> <span class='ocrx_word' id='word_1_228' title='bbox 577 1579 624 1624; x_wconf 91' lang='lat' dir='ltr'>in</span> <span class='ocrx_word' id='word_1_229' title='bbox 650 1578 786 1624; x_wconf 83' lang='lat' dir='ltr'>altera</span> <span class='ocrx_word' id='word_1_230' title='bbox 806 1574 906 1624; x_wconf 86' lang='lat' dir='ltr'>vita</span> <span class='ocrx_word' id='word_1_231' title='bbox 925 1593 1117 1624; x_wconf 86' lang='lat' dir='ltr'>ornnem</span> <span class='ocrx_word' id='word_1_232' title='bbox 1139 1573 1402 1625; x_wconf 77' lang='lat' dir='ltr'>facultatem</span> <span class='ocrx_word' id='word_1_233' title='bbox 1442 1575 1677 1639; x_wconf 89' lang='lat' dir='ltr'>cogitandi</span> <span class='ocrx_word' id='word_1_234' title='bbox 1701 1575 1902 1622; x_wconf 86' lang='lat' dir='ltr'>adimant</span> <span class='ocrx_word' id='word_1_235' title='bbox 1926 1574 2153 1639; x_wconf 89' lang='lat' dir='ltr'>spiritibus</span> <span class='ocrx_word' id='word_1_236' title='bbox 2177 1576 2230 1623; x_wconf 89' lang='lat' dir='ltr'>ad</span> <span class='ocrx_word' id='word_1_237' title='bbox 2257 1593 2375 1639; x_wconf 88' lang='lat' dir='ltr'>quos</span> 
     </span>
     <span class='ocr_line' id='line_1_22' title="bbox 348 1642 2376 1706; baseline -0.003 -12"><span class='ocrx_word' id='word_1_238' title='bbox 348 1645 545 1702; x_wconf 87' lang='lat' dir='ltr'>alluunt,</span> <span class='ocrx_word' id='word_1_239' title='bbox 581 1655 634 1690; x_wconf 92' lang='lat' dir='ltr'>ut</span> <span class='ocrx_word' id='word_1_240' title='bbox 656 1643 704 1690; x_wconf 90' lang='lat' dir='ltr'>hi</span> <span class='ocrx_word' id='word_1_241' title='bbox 726 1643 968 1690; x_wconf 80' lang='lat' dir='ltr'>videantur</span> <span class='ocrx_word' id='word_1_242' title='bbox 990 1642 1072 1690; x_wconf 81' lang='lat' dir='ltr'>fibi</span> <span class='ocrx_word' id='word_1_243' title='bbox 1095 1643 1178 1688; x_wconf 80' lang='lat' dir='ltr'>vix&#39;</span> <span class='ocrx_word' id='word_1_244' title='bbox 1199 1642 1370 1699; x_wconf 90' lang='lat' dir='ltr'>vivere,</span> <span class='ocrx_word' id='word_1_245' title='bbox 1407 1645 1559 1689; x_wconf 87' lang='lat' dir='ltr'>minus</span> <span class='ocrx_word' id='word_1_246' title='bbox 1583 1642 1755 1705; x_wconf 86' lang='lat' dir='ltr'>aliquid</span> <span class='ocrx_word' id='word_1_247' title='bbox 1780 1657 1943 1689; x_wconf 90' lang='lat' dir='ltr'>verum</span> <span class='ocrx_word' id='word_1_248' title='bbox 1969 1643 2093 1706; x_wconf 84' lang='lat' dir='ltr'>poffe</span> <span class='ocrx_word' id='word_1_249' title='bbox 2132 1644 2335 1706; x_wconf 89' lang='lat' dir='ltr'>cogitare</span> <span class='ocrx_word' id='word_1_250' title='bbox 2356 1665 2376 1700; x_wconf 74' lang='lat' dir='ltr'>3v</span> 
     </span>
     <span class='ocr_line' id='line_1_23' title="bbox 345 1708 2375 1772; baseline -0.002 -12"><span class='ocrx_word' id='word_1_251' title='bbox 345 1711 412 1760; x_wconf 83' lang='lat' dir='ltr'>est</span> <span class='ocrx_word' id='word_1_252' title='bbox 432 1712 576 1768; x_wconf 88' lang='lat' dir='ltr'>enim,</span> <span class='ocrx_word' id='word_1_253' title='bbox 612 1721 665 1758; x_wconf 93' lang='lat' dir='ltr'>ut</span> <span class='ocrx_word' id='word_1_254' title='bbox 698 1708 943 1766; x_wconf 90' lang='lat' dir='ltr'>ostensum,</span> <span class='ocrx_word' id='word_1_255' title='bbox 979 1709 1340 1757; x_wconf 84' lang='lat' dir='ltr'>communicatio</span> <span class='ocrx_word' id='word_1_256' title='bbox 1369 1709 1583 1755; x_wconf 91' lang='lat' dir='ltr'>omnium</span> <span class='ocrx_word' id='word_1_257' title='bbox 1623 1710 1961 1772; x_wconf 88' lang='lat' dir='ltr'>cogitationum</span> <span class='ocrx_word' id='word_1_258' title='bbox 2002 1710 2049 1755; x_wconf 88' lang='lat' dir='ltr'>in</span> <span class='ocrx_word' id='word_1_259' title='bbox 2086 1710 2221 1756; x_wconf 77' lang='lat' dir='ltr'>altem</span> <span class='ocrx_word' id='word_1_260' title='bbox 2259 1712 2375 1767; x_wconf 82' lang='lat' dir='ltr'>vita,</span> 
     </span>
     <span class='ocr_line' id='line_1_24' title="bbox 346 1774 2373 1843; baseline -0 -18"><span class='ocrx_word' id='word_1_261' title='bbox 346 1795 484 1843; x_wconf 89' lang='lat' dir='ltr'>quare</span> <span class='ocrx_word' id='word_1_262' title='bbox 507 1792 618 1825; x_wconf 90' lang='lat' dir='ltr'>cum</span> <span class='ocrx_word' id='word_1_263' title='bbox 639 1775 952 1840; x_wconf 77' lang='lat' dir='ltr'>persuafivum</span> <span class='ocrx_word' id='word_1_264' title='bbox 975 1776 1060 1839; x_wconf 87' lang='lat' dir='ltr'>tale</span> <span class='ocrx_word' id='word_1_265' title='bbox 1084 1776 1251 1832; x_wconf 86' lang='lat' dir='ltr'>influit,</span> <span class='ocrx_word' id='word_1_266' title='bbox 1287 1792 1380 1824; x_wconf 90' lang='lat' dir='ltr'>non</span> <span class='ocrx_word' id='word_1_267' title='bbox 1404 1774 1552 1839; x_wconf 88' lang='lat' dir='ltr'>potest</span> <span class='ocrx_word' id='word_1_268' title='bbox 1587 1775 1731 1832; x_wconf 85' lang='lat' dir='ltr'>aliter,</span> <span class='ocrx_word' id='word_1_269' title='bbox 1759 1791 1908 1839; x_wconf 88' lang='lat' dir='ltr'>quam</span> <span class='ocrx_word' id='word_1_270' title='bbox 1939 1776 2063 1840; x_wconf 86' lang='lat' dir='ltr'>quasi</span> <span class='ocrx_word' id='word_1_271' title='bbox 2089 1792 2244 1823; x_wconf 89' lang='lat' dir='ltr'>necare</span> <span class='ocrx_word' id='word_1_272' title='bbox 2267 1792 2373 1824; x_wconf 83' lang='lat' dir='ltr'>om-</span> 
     </span>
     <span class='ocr_line' id='line_1_25' title="bbox 347 1841 2373 1908; baseline -0.001 -16"><span class='ocrx_word' id='word_1_273' title='bbox 347 1861 456 1892; x_wconf 90' lang='lat' dir='ltr'>nem</span> <span class='ocrx_word' id='word_1_274' title='bbox 496 1843 786 1907; x_wconf 88' lang='lat' dir='ltr'>cogitationis</span> <span class='ocrx_word' id='word_1_275' title='bbox 832 1842 1042 1908; x_wconf 20' lang='lat' dir='ltr'>‘aliorum-</span> <span class='ocrx_word' id='word_1_276' title='bbox 1066 1843 1349 1907; x_wconf 88' lang='lat' dir='ltr'>potentiam:</span> <span class='ocrx_word' id='word_1_277' title='bbox 1405 1843 1513 1889; x_wconf 90' lang='lat' dir='ltr'>tales</span> <span class='ocrx_word' id='word_1_278' title='bbox 1550 1841 1760 1890; x_wconf 86' lang='lat' dir='ltr'>nefandae</span> <span class='ocrx_word' id='word_1_279' title='bbox 1793 1855 1952 1906; x_wconf 87' lang='lat' dir='ltr'>gentes</span> <span class='ocrx_word' id='word_1_280' title='bbox 1977 1841 2177 1899; x_wconf 86' lang='lat' dir='ltr'>fuerunt,</span> <span class='ocrx_word' id='word_1_281' title='bbox 2214 1855 2373 1890; x_wconf 88' lang='lat' dir='ltr'>contra</span> 
     </span>
     <span class='ocr_line' id='line_1_26' title="bbox 344 1909 2373 1976; baseline -0.001 -18"><span class='ocrx_word' id='word_1_282' title='bbox 344 1927 459 1976; x_wconf 88' lang='lat' dir='ltr'>quas</span> <span class='ocrx_word' id='word_1_283' title='bbox 481 1911 714 1959; x_wconf 89' lang='lat' dir='ltr'>Dominus</span> <span class='ocrx_word' id='word_1_284' title='bbox 738 1911 788 1957; x_wconf 87' lang='lat' dir='ltr'>in</span> <span class='ocrx_word' id='word_1_285' title='bbox 815 1909 965 1973; x_wconf 89' lang='lat' dir='ltr'>prima</span> <span class='ocrx_word' id='word_1_286' title='bbox 986 1911 1177 1974; x_wconf 88' lang='lat' dir='ltr'>pueritia</span> <span class='ocrx_word' id='word_1_287' title='bbox 1199 1909 1439 1973; x_wconf 89' lang='lat' dir='ltr'>pugnavit,</span> <span class='ocrx_word' id='word_1_288' title='bbox 1474 1910 1529 1957; x_wconf 70' lang='grc' dir='ltr'>δι’</span> <span class='ocrx_word' id='word_1_289' title='bbox 1555 1925 1666 1973; x_wconf 87' lang='lat' dir='ltr'>quas</span> <span class='ocrx_word' id='word_1_290' title='bbox 1698 1910 1835 1957; x_wconf 88' lang='lat' dir='ltr'>evicit</span> <span class='ocrx_word' id='word_1_291' title='bbox 1855 1932 1869 1966; x_wconf 78' lang='lat'>3</span> <span class='ocrx_word' id='word_1_292' title='bbox 1904 1925 2014 1973; x_wconf 75' lang='lat' dir='ltr'>quis</span> <span class='ocrx_word' id='word_1_293' title='bbox 2035 1910 2115 1956; x_wconf 86' lang='lat' dir='ltr'>nisi</span> <span class='ocrx_word' id='word_1_294' title='bbox 2138 1910 2373 1957; x_wconf 91' lang='lat' dir='ltr'>Dominus</span> 
     </span>
     <span class='ocr_line' id='line_1_27' title="bbox 346 1975 2375 2041; baseline -0 -17"><span class='ocrx_word' id='word_1_295' title='bbox 346 1993 430 2041; x_wconf 89' lang='lat' dir='ltr'>per</span> <span class='ocrx_word' id='word_1_296' title='bbox 453 1978 727 2024; x_wconf 89' lang='lat' dir='ltr'>Adventum</span> <span class='ocrx_word' id='word_1_297' title='bbox 753 1975 885 2024; x_wconf 91' lang='lat' dir='ltr'>suum</span> <span class='ocrx_word' id='word_1_298' title='bbox 926 1977 1230 2025; x_wconf 91' lang='lat' dir='ltr'>in-mundum</span> <span class='ocrx_word' id='word_1_299' title='bbox 1255 1976 1469 2034; x_wconf 74' lang='lat' dir='ltr'>evicisset,</span> <span class='ocrx_word' id='word_1_300' title='bbox 1505 1975 1727 2040; x_wconf 87' lang='lat' dir='ltr'>nusquam</span> <span class='ocrx_word' id='word_1_301' title='bbox 1769 1977 1931 2040; x_wconf 89' lang='lat' dir='ltr'>aliquis</span> <span class='ocrx_word' id='word_1_302' title='bbox 1959 1977 2104 2024; x_wconf 89' lang='lat' dir='ltr'>homo</span> <span class='ocrx_word' id='word_1_303' title='bbox 2149 1976 2285 2024; x_wconf 92' lang='lat' dir='ltr'>hodie</span> <span class='ocrx_word' id='word_1_304' title='bbox 2322 1979 2375 2035; x_wconf 67' lang='lat' dir='ltr'>in-</span> 
     </span>
     <span class='ocr_line' id='line_1_28' title="bbox 345 2042 2370 2107; baseline -0.001 -16"><span class='ocrx_word' id='word_1_305' title='bbox 345 2043 506 2091; x_wconf 83' lang='lat' dir='ltr'>tellure</span> <span class='ocrx_word' id='word_1_306' title='bbox 530 2044 614 2092; x_wconf 79' lang='lat' dir='ltr'>hac</span> <span class='ocrx_word' id='word_1_307' title='bbox 639 2043 893 2107; x_wconf 84' lang='lat' dir='ltr'>supereffet,</span> <span class='ocrx_word' id='word_1_308' title='bbox 929 2060 1039 2092; x_wconf 86' lang='lat' dir='ltr'>nam</span> <span class='ocrx_word' id='word_1_309' title='bbox 1058 2045 1210 2092; x_wconf 89' lang='lat' dir='ltr'>omnis</span> <span class='ocrx_word' id='word_1_310' title='bbox 1234 2044 1379 2091; x_wconf 89' lang='lat' dir='ltr'>homo</span> <span class='ocrx_word' id='word_1_311' title='bbox 1399 2044 1574 2107; x_wconf 87' lang='lat' dir='ltr'>regitur</span> <span class='ocrx_word' id='word_1_312' title='bbox 1595 2059 1677 2107; x_wconf 88' lang='lat' dir='ltr'>per</span> <span class='ocrx_word' id='word_1_313' title='bbox 1700 2042 1879 2107; x_wconf 89' lang='lat' dir='ltr'>spiritus</span> <span class='ocrx_word' id='word_1_314' title='bbox 1912 2060 1937 2090; x_wconf 88' lang='lat' dir='ltr'>a</span> <span class='ocrx_word' id='word_1_315' title='bbox 1952 2044 2194 2092; x_wconf 87' lang='lat' dir='ltr'>Domino:</span> <span class='ocrx_word' id='word_1_316' title='bbox 2233 2042 2370 2090; x_wconf 82' lang='lat' dir='ltr'>hodie</span> 
     </span>
     <span class='ocr_line' id='line_1_29' title="bbox 342 2108 2371 2175; baseline -0.001 -17"><span class='ocrx_word' id='word_1_317' title='bbox 342 2110 489 2158; x_wconf 84' lang='lat' dir='ltr'>iidem</span> <span class='ocrx_word' id='word_1_318' title='bbox 512 2127 571 2158; x_wconf 85' lang='lat' dir='ltr'>ex</span> <span class='ocrx_word' id='word_1_319' title='bbox 598 2111 837 2174; x_wconf 74' lang='lat' dir='ltr'>phantasiis</span> <span class='ocrx_word' id='word_1_320' title='bbox 861 2110 949 2162; x_wconf 89' lang='lat' dir='ltr'>suis</span> <span class='ocrx_word' id='word_1_321' title='bbox 973 2112 1244 2159; x_wconf 90' lang='lat' dir='ltr'>circumdati</span> <span class='ocrx_word' id='word_1_322' title='bbox 1268 2110 1372 2158; x_wconf 86' lang='lat' dir='ltr'>sunt</span> <span class='ocrx_word' id='word_1_323' title='bbox 1386 2110 1512 2175; x_wconf 84' lang='lat' dir='ltr'>quasi</span> <span class='ocrx_word' id='word_1_324' title='bbox 1536 2109 1741 2166; x_wconf 85' lang='lat' dir='ltr'>nimbosa</span> <span class='ocrx_word' id='word_1_325' title='bbox 1762 2123 1905 2175; x_wconf 88' lang='lat' dir='ltr'>petra,</span> <span class='ocrx_word' id='word_1_326' title='bbox 1939 2127 1965 2157; x_wconf 92' lang='lat' dir='ltr'>e</span> <span class='ocrx_word' id='word_1_327' title='bbox 1987 2127 2078 2174; x_wconf 90' lang='lat' dir='ltr'>qua</span> <span class='ocrx_word' id='word_1_328' title='bbox 2093 2108 2274 2173; x_wconf 84' lang='lat' dir='ltr'>jugiter·</span> <span class='ocrx_word' id='word_1_329' title='bbox 2291 2126 2371 2156; x_wconf 79' lang='lat' dir='ltr'>ex-</span> 
     </span>
     <span class='ocr_line' id='line_1_30' title="bbox 347 2175 2371 2243; baseline -0 -18"><span class='ocrx_word' id='word_1_330' title='bbox 347 2175 529 2240; x_wconf 87' lang='lat' dir='ltr'>surgere</span> <span class='ocrx_word' id='word_1_331' title='bbox 553 2189 790 2233; x_wconf 74' lang='lat' dir='ltr'>coriantur,</span> <span class='ocrx_word' id='word_1_332' title='bbox 816 2175 890 2224; x_wconf 90' lang='lat' dir='ltr'>sed</span> <span class='ocrx_word' id='word_1_333' title='bbox 915 2179 1149 2235; x_wconf 81' lang='lat' dir='ltr'>incaffum,</span> <span class='ocrx_word' id='word_1_334' title='bbox 1186 2179 1244 2226; x_wconf 92' lang='lat' dir='ltr'>de</span> <span class='ocrx_word' id='word_1_335' title='bbox 1259 2178 1424 2243; x_wconf 86' lang='lat' dir='ltr'>quibus</span> <span class='ocrx_word' id='word_1_336' title='bbox 1437 2177 1647 2225; x_wconf 90' lang='lat' dir='ltr'>videatur</span> <span class='ocrx_word' id='word_1_337' title='bbox 1669 2194 1700 2224; x_wconf 94' lang='lat' dir='ltr'>n</span> <span class='ocrx_word' id='word_1_338' title='bbox 1719 2195 1730 2225; x_wconf 76' lang='grc' dir='ltr'><strong><em>ε</em></strong></span> <span class='ocrx_word' id='word_1_339' title='bbox 1748 2178 1885 2240; x_wconf 57' lang='grc'>71265</span> <span class='ocrx_word' id='word_1_340' title='bbox 1904 2175 1963 2223; x_wconf 89' lang='lat' dir='ltr'>ad</span> <span class='ocrx_word' id='word_1_341' title='bbox 1986 2176 2128 2240; x_wconf 79' lang='lat'>1272,</span> <span class='ocrx_word' id='word_1_342' title='bbox 2168 2178 2218 2224; x_wconf 88' lang='lat'>&amp;</span> <span class='ocrx_word' id='word_1_343' title='bbox 2243 2178 2371 2240; x_wconf 76' lang='lat' dir='ltr'>prius</span> 
     </span>
     <span class='ocr_line' id='line_1_31' title="bbox 345 2243 2370 2309; baseline -0.002 -18"><span class='ocrx_word' id='word_1_344' title='bbox 345 2243 579 2291; x_wconf 85' lang='lat' dir='ltr'>multoties</span> <span class='ocrx_word' id='word_1_345' title='bbox 598 2265 613 2298; x_wconf 92' lang='lat'>·,</span> <span class='ocrx_word' id='word_1_346' title='bbox 648 2243 729 2306; x_wconf 92' lang='lat' dir='ltr'>qui</span> <span class='ocrx_word' id='word_1_347' title='bbox 752 2259 955 2307; x_wconf 87' lang='lat' dir='ltr'>quoque,</span> <span class='ocrx_word' id='word_1_348' title='bbox 992 2247 1042 2293; x_wconf 87' lang='lat'>&amp;</span> <span class='ocrx_word' id='word_1_349' title='bbox 1064 2245 1191 2304; x_wconf 89' lang='lat' dir='ltr'>tales,</span> <span class='ocrx_word' id='word_1_350' title='bbox 1218 2244 1430 2293; x_wconf 61' lang='lat' dir='ltr'>intellecti</span> <span class='ocrx_word' id='word_1_351' title='bbox 1454 2244 1555 2292; x_wconf 88' lang='lat' dir='ltr'>sunt</span> <span class='ocrx_word' id='word_1_352' title='bbox 1578 2261 1660 2309; x_wconf 88' lang='lat' dir='ltr'>per</span> <span class='ocrx_word' id='word_1_353' title='bbox 1675 2243 1872 2302; x_wconf 91' lang='lat' dir='ltr'>Esaiam,</span> <span class='ocrx_word' id='word_1_354' title='bbox 1897 2296 1902 2299; x_wconf 44' lang='grc'>,</span> <span class='ocrx_word' id='word_1_355' title='bbox 1924 2249 1958 2270; x_wconf 92' lang='lat'><strong>“</strong></span> <span class='ocrx_word' id='word_1_356' title='bbox 1981 2244 2163 2291; x_wconf 89' lang='lat' dir='ltr'>Mortui</span> <span class='ocrx_word' id='word_1_357' title='bbox 2182 2260 2279 2302; x_wconf 15' lang='lat' dir='ltr'>non,</span> <span class='ocrx_word' id='word_1_358' title='bbox 2299 2244 2370 2309; x_wconf 69' lang='lat' dir='ltr'>vi-</span> 
     </span>
     <span class='ocr_line' id='line_1_32' title="bbox 348 2310 2368 2376; baseline -0.004 -11"><span class='ocrx_word' id='word_1_359' title='bbox 348 2314 385 2336; x_wconf 76' lang='lat'>‘⁶</span> <span class='ocrx_word' id='word_1_360' title='bbox 415 2322 540 2365; x_wconf 90' lang='lat' dir='ltr'>vent,</span> <span class='ocrx_word' id='word_1_361' title='bbox 577 2310 791 2370; x_wconf 78' lang='lat' dir='ltr'>Rephaim</span> <span class='ocrx_word' id='word_1_362' title='bbox 824 2326 917 2357; x_wconf 90' lang='lat' dir='ltr'>non</span> <span class='ocrx_word' id='word_1_363' title='bbox 941 2310 1142 2376; x_wconf 86' lang='lat' dir='ltr'>surgent,</span> <span class='ocrx_word' id='word_1_364' title='bbox 1183 2328 1250 2360; x_wconf 83' lang='lat' dir='ltr'>-eo</span> <span class='ocrx_word' id='word_1_365' title='bbox 1283 2313 1411 2375; x_wconf 91' lang='lat' dir='ltr'>quod</span> <span class='ocrx_word' id='word_1_366' title='bbox 1434 2311 1637 2369; x_wconf 84' lang='lat' dir='ltr'>vifitasti,</span> <span class='ocrx_word' id='word_1_367' title='bbox 1673 2313 1723 2359; x_wconf 84' lang='lat'>&amp;</span> <span class='ocrx_word' id='word_1_368' title='bbox 1749 2310 1953 2358; x_wconf 90' lang='lat' dir='ltr'>delevisti</span> <span class='ocrx_word' id='word_1_369' title='bbox 1986 2324 2092 2368; x_wconf 89' lang='lat' dir='ltr'>eos,.</span> <span class='ocrx_word' id='word_1_370' title='bbox 2129 2311 2180 2358; x_wconf 73' lang='grc' dir='ltr'>δε</span> <span class='ocrx_word' id='word_1_371' title='bbox 2215 2311 2368 2374; x_wconf 87' lang='lat' dir='ltr'>perdi-</span> 
     </span>
     <span class='ocr_line' id='line_1_33' title="bbox 348 2374 2371 2443; baseline 0 -20"><span class='ocrx_word' id='word_1_372' title='bbox 348 2379 384 2402; x_wconf 88' lang='lat'><strong>“</strong></span> <span class='ocrx_word' id='word_1_373' title='bbox 416 2374 522 2423; x_wconf 88' lang='lat' dir='ltr'>disti</span> <span class='ocrx_word' id='word_1_374' title='bbox 555 2391 747 2423; x_wconf 86' lang='lat' dir='ltr'>omnem</span> <span class='ocrx_word' id='word_1_375' title='bbox 778 2379 1051 2427; x_wconf 84' lang='lat' dir='ltr'>memoriam</span> <span class='ocrx_word' id='word_1_376' title='bbox 1090 2380 1302 2436; x_wconf 89' lang='lat' dir='ltr'>eorum,’&#39;</span> <span class='ocrx_word' id='word_1_377' title='bbox 1342 2394 1492 2426; x_wconf 87' lang='lat' dir='ltr'>xxvi:</span> <span class='ocrx_word' id='word_1_378' title='bbox 1526 2397 1599 2439; x_wconf 88' lang='lat'>14.</span> <span class='ocrx_word' id='word_1_379' title='bbox 1648 2378 1699 2425; x_wconf 85' lang='lat'>&amp;</span> <span class='ocrx_word' id='word_1_380' title='bbox 1731 2377 1854 2443; x_wconf 90' lang='lat' dir='ltr'>apud</span> <span class='ocrx_word' id='word_1_381' title='bbox 1875 2378 2125 2431; x_wconf 83' lang='lat' dir='ltr'>Davidem,</span> <span class='ocrx_word' id='word_1_382' title='bbox 2176 2383 2209 2405; x_wconf 86' lang='lat'>“</span> <span class='ocrx_word' id='word_1_383' title='bbox 2232 2379 2371 2425; x_wconf 86' lang='lat' dir='ltr'>Num</span> 
     </span>
     <span class='ocr_line' id='line_1_34' title="bbox 348 2439 2365 2509; baseline 0 -21"><span class='ocrx_word' id='word_1_384' title='bbox 348 2445 384 2470; x_wconf 85' lang='lat'>“</span> <span class='ocrx_word' id='word_1_385' title='bbox 404 2442 614 2489; x_wconf 62' lang='lat' dir='ltr'>&gt;-mortuis</span> <span class='ocrx_word' id='word_1_386' title='bbox 652 2439 785 2489; x_wconf 89' lang='lat' dir='ltr'>facies</span> <span class='ocrx_word' id='word_1_387' title='bbox 831 2443 1149 2501; x_wconf 42' lang='lat' dir='ltr'>miraculum?</span> <span class='ocrx_word' id='word_1_388' title='bbox 1179 2450 1294 2492; x_wconf 75' lang='lat' dir='ltr'>nu‘m</span> <span class='ocrx_word' id='word_1_389' title='bbox 1333 2446 1546 2508; x_wconf 81' lang='lat' dir='ltr'>Rephaim</span> <span class='ocrx_word' id='word_1_390' title='bbox 1586 2444 1788 2509; x_wconf 87' lang='lat' dir='ltr'>surgent,</span> <span class='ocrx_word' id='word_1_391' title='bbox 1830 2445 2172 2492; x_wconf 79' lang='lat' dir='ltr'>confitebuntur</span> <span class='ocrx_word' id='word_1_392' title='bbox 2200 2444 2365 2499; x_wconf 91' lang='lat' dir='ltr'>Tibi,&#39;’</span> 
     </span>
     <span class='ocr_line' id='line_1_35' title="bbox 344 2506 2368 2573; baseline -0.001 -17"><span class='ocrx_word' id='word_1_393' title='bbox 344 2506 525 2559; x_wconf 84' lang='lat' dir='ltr'>Psalm:</span> <span class='ocrx_word' id='word_1_394' title='bbox 553 2523 752 2555; x_wconf 71' lang='lat' dir='ltr'>mcxviii</span> <span class='ocrx_word' id='word_1_395' title='bbox 776 2526 785 2554; x_wconf 91' lang='lat'>:</span> <span class='ocrx_word' id='word_1_396' title='bbox 819 2526 838 2556; x_wconf 93' lang='lat'>1</span> <span class='ocrx_word' id='word_1_397' title='bbox 855 2527 891 2556; x_wconf 88' lang='grc' dir='ltr'>ι.</span> <span class='ocrx_word' id='word_1_398' title='bbox 925 2509 1007 2555; x_wconf 92' lang='lat' dir='ltr'>ubi</span> <span class='ocrx_word' id='word_1_399' title='bbox 1032 2526 1111 2572; x_wconf 87' lang='lat' dir='ltr'>per</span> <span class='ocrx_word' id='word_1_400' title='bbox 1132 2519 1340 2558; x_wconf 88' lang='lat' dir='ltr'>mortuos</span> <span class='ocrx_word' id='word_1_401' title='bbox 1363 2528 1456 2559; x_wconf 90' lang='lat' dir='ltr'>non</span> <span class='ocrx_word' id='word_1_402' title='bbox 1474 2511 1792 2573; x_wconf 88' lang='lat' dir='ltr'>intelliguntur</span> <span class='ocrx_word' id='word_1_403' title='bbox 1813 2513 2001 2566; x_wconf 84' lang='lat' dir='ltr'>mortui,</span> <span class='ocrx_word' id='word_1_404' title='bbox 2039 2510 2111 2556; x_wconf 89' lang='lat' dir='ltr'>sed</span> <span class='ocrx_word' id='word_1_405' title='bbox 2146 2508 2368 2556; x_wconf 80' lang='lat' dir='ltr'>damnati..</span> 
     </span>
     <span class='ocr_line' id='line_1_36' title="bbox 345 2573 2361 2640; baseline -0.001 -19"><span class='ocrx_word' id='word_1_406' title='bbox 345 2575 464 2621; x_wconf 92' lang='lat' dir='ltr'>Sunt</span> <span class='ocrx_word' id='word_1_407' title='bbox 486 2590 672 2638; x_wconf 89' lang='lat' dir='ltr'>quoque</span> <span class='ocrx_word' id='word_1_408' title='bbox 692 2573 847 2631; x_wconf 90' lang='lat' dir='ltr'>hodie,</span> <span class='ocrx_word' id='word_1_409' title='bbox 881 2590 939 2621; x_wconf 85' lang='lat' dir='ltr'>ex</span> <span class='ocrx_word' id='word_1_410' title='bbox 959 2575 1068 2622; x_wconf 92' lang='lat' dir='ltr'>orbe</span> <span class='ocrx_word' id='word_1_411' title='bbox 1092 2577 1320 2639; x_wconf 85' lang='lat' dir='ltr'>imprimis</span> <span class='ocrx_word' id='word_1_412' title='bbox 1337 2576 1614 2631; x_wconf 83' lang='lat' dir='ltr'>Christiano,</span> <span class='ocrx_word' id='word_1_413' title='bbox 1646 2576 1813 2638; x_wconf 91' lang='lat' dir='ltr'>quibus</span> <span class='ocrx_word' id='word_1_414' title='bbox 1847 2593 2032 2639; x_wconf 89' lang='lat' dir='ltr'>quoque</span> <span class='ocrx_word' id='word_1_415' title='bbox 2064 2576 2361 2640; x_wconf 76' lang='lat' dir='ltr'>persuasiones</span> 
     </span>
     <span class='ocr_line' id='line_1_37' title="bbox 346 2639 2364 2705; baseline -0.001 -17"><span class='ocrx_word' id='word_1_416' title='bbox 346 2639 464 2702; x_wconf 75' lang='lat' dir='ltr'>sunt,</span> <span class='ocrx_word' id='word_1_417' title='bbox 501 2641 573 2688; x_wconf 86' lang='lat' dir='ltr'>sed</span> <span class='ocrx_word' id='word_1_418' title='bbox 599 2657 691 2693; x_wconf 82' lang='lat' dir='ltr'>non</span> <span class='ocrx_word' id='word_1_419' title='bbox 715 2641 811 2688; x_wconf 87' lang='lat' dir='ltr'>tam</span> <span class='ocrx_word' id='word_1_420' title='bbox 845 2641 975 2698; x_wconf 71' lang='lat' dir='ltr'>dirae,</span> <span class='ocrx_word' id='word_1_421' title='bbox 1009 2641 1161 2705; x_wconf 88' lang='lat' dir='ltr'>quales</span> <span class='ocrx_word' id='word_1_422' title='bbox 1185 2639 1369 2689; x_wconf 86' lang='lat' dir='ltr'>fuerunt</span> <span class='ocrx_word' id='word_1_423' title='bbox 1391 2641 1766 2696; x_wconf 82' lang='lat' dir='ltr'>antediluvianis·,</span> <span class='ocrx_word' id='word_1_424' title='bbox 1802 2643 2100 2704; x_wconf 69' lang='lat' dir='ltr'>persuasiones</span> <span class='ocrx_word' id='word_1_425' title='bbox 2140 2641 2236 2688; x_wconf 83' lang='lat' dir='ltr'>falfi</span> <span class='ocrx_word' id='word_1_426' title='bbox 2261 2641 2364 2687; x_wconf 81' lang='lat' dir='ltr'>sunt</span> 
     </span>
     <span class='ocr_line' id='line_1_38' title="bbox 345 2707 2362 2771; baseline -0.001 -16"><span class='ocrx_word' id='word_1_427' title='bbox 345 2707 445 2755; x_wconf 84' lang='lat' dir='ltr'>aliae</span> <span class='ocrx_word' id='word_1_428' title='bbox 461 2724 586 2770; x_wconf 73' lang='lat' dir='ltr'>‚quae</span> <span class='ocrx_word' id='word_1_429' title='bbox 618 2720 793 2770; x_wconf 83' lang='lat' dir='ltr'>partem</span> <span class='ocrx_word' id='word_1_430' title='bbox 832 2710 882 2757; x_wconf 91' lang='lat'>&amp;</span> <span class='ocrx_word' id='word_1_431' title='bbox 915 2708 1218 2756; x_wconf 85' lang='lat' dir='ltr'>voluntariam</span> <span class='ocrx_word' id='word_1_432' title='bbox 1255 2709 1309 2756; x_wconf 72' lang='grc' dir='ltr'>δι’</span> <span class='ocrx_word' id='word_1_433' title='bbox 1349 2707 1696 2755; x_wconf 68' lang='grc' dir='ltr'>ἱηῖεΠεᾶυειΙειῃ</span> <span class='ocrx_word' id='word_1_434' title='bbox 1732 2707 1932 2755; x_wconf 74' lang='lat' dir='ltr'>hominis</span> <span class='ocrx_word' id='word_1_435' title='bbox 1972 2721 2213 2771; x_wconf 69' lang='lat' dir='ltr'>occupant,</span> <span class='ocrx_word' id='word_1_436' title='bbox 2250 2707 2362 2754; x_wconf 86' lang='lat' dir='ltr'>tales</span> 
     </span>
     <span class='ocr_line' id='line_1_39' title="bbox 344 2771 2360 2839; baseline 0 -20"><span class='ocrx_word' id='word_1_437' title='bbox 344 2771 534 2822; x_wconf 84' lang='lat' dir='ltr'>fuerunt</span> <span class='ocrx_word' id='word_1_438' title='bbox 551 2775 1012 2832; x_wconf 86' lang='lat' dir='ltr'>antediluvianorum,</span> <span class='ocrx_word' id='word_1_439' title='bbox 1054 2777 1103 2823; x_wconf 75' lang='grc' dir='ltr'>δε</span> <span class='ocrx_word' id='word_1_440' title='bbox 1142 2775 1308 2822; x_wconf 88' lang='lat' dir='ltr'>horum</span> <span class='ocrx_word' id='word_1_441' title='bbox 1347 2790 1454 2838; x_wconf 84' lang='lat' dir='ltr'>quae</span> <span class='ocrx_word' id='word_1_442' title='bbox 1491 2775 1799 2837; x_wconf 72' lang='lat' dir='ltr'>significantur</span> <span class='ocrx_word' id='word_1_443' title='bbox 1831 2791 1915 2839; x_wconf 87' lang='lat' dir='ltr'>per</span> <span class='ocrx_word' id='word_1_444' title='bbox 1954 2775 2202 2838; x_wconf 88' lang='lat' dir='ltr'>Rephaim,</span> <span class='ocrx_word' id='word_1_445' title='bbox 2238 2773 2360 2821; x_wconf 82' lang='lat' dir='ltr'>Susi-</span> 
     </span>
     <span class='ocr_line' id='line_1_40' title="bbox 345 2839 2362 2905; baseline 0 -19"><span class='ocrx_word' id='word_1_446' title='bbox 345 2841 524 2888; x_wconf 67' lang='lat' dir='ltr'>mos&amp;</span> <span class='ocrx_word' id='word_1_447' title='bbox 544 2841 707 2888; x_wconf 91' lang='lat' dir='ltr'>Emim</span> <span class='ocrx_word' id='word_1_448' title='bbox 728 2864 742 2897; x_wconf 89' lang='lat'>;</span> <span class='ocrx_word' id='word_1_449' title='bbox 778 2854 823 2888; x_wconf 90' lang='lat' dir='ltr'>at</span> <span class='ocrx_word' id='word_1_450' title='bbox 840 2841 943 2890; x_wconf 86' lang='lat' dir='ltr'>sunt</span> <span class='ocrx_word' id='word_1_451' title='bbox 963 2841 1261 2905; x_wconf 85' lang='lat' dir='ltr'>persuasiones</span> <span class='ocrx_word' id='word_1_452' title='bbox 1285 2839 1383 2888; x_wconf 84' lang='lat' dir='ltr'>falfi·</span> <span class='ocrx_word' id='word_1_453' title='bbox 1399 2841 1497 2888; x_wconf 84' lang='lat' dir='ltr'>aliae</span> <span class='ocrx_word' id='word_1_454' title='bbox 1514 2857 1620 2904; x_wconf 87' lang='lat' dir='ltr'>quae</span> <span class='ocrx_word' id='word_1_455' title='bbox 1644 2841 1789 2888; x_wconf 89' lang='lat' dir='ltr'>solum</span> <span class='ocrx_word' id='word_1_456' title='bbox 1814 2854 1990 2905; x_wconf 88' lang='lat' dir='ltr'>partem</span> <span class='ocrx_word' id='word_1_457' title='bbox 2008 2841 2362 2897; x_wconf 70' lang='lat' dir='ltr'>intelleEtualem</span> 
     </span>
     <span class='ocr_line' id='line_1_41' title="bbox 347 2906 2355 2972; baseline 0.001 -21"><span class='ocrx_word' id='word_1_458' title='bbox 347 2918 591 2968; x_wconf 89' lang='lat' dir='ltr'>occupant,</span> <span class='ocrx_word' id='word_1_459' title='bbox 627 2909 688 2954; x_wconf 76' lang='lat' dir='ltr'>ex</span> <span class='ocrx_word' id='word_1_460' title='bbox 720 2910 954 2972; x_wconf 88' lang='lat' dir='ltr'>principiis</span> <span class='ocrx_word' id='word_1_461' title='bbox 987 2907 1080 2956; x_wconf 83' lang='lat' dir='ltr'>falfi</span> <span class='ocrx_word' id='word_1_462' title='bbox 1113 2909 1235 2972; x_wconf 89' lang='lat' dir='ltr'>apud</span> <span class='ocrx_word' id='word_1_463' title='bbox 1261 2907 1302 2955; x_wconf 88' lang='lat' dir='ltr'>se</span> <span class='ocrx_word' id='word_1_464' title='bbox 1325 2908 1604 2967; x_wconf 81' lang='lat' dir='ltr'>confirmatis</span> <span class='ocrx_word' id='word_1_465' title='bbox 1627 2909 1854 2964; x_wconf 73' lang='lat' dir='ltr'>oriundae,</span> <span class='ocrx_word' id='word_1_466' title='bbox 1889 2908 1962 2969; x_wconf 83' lang='lat' dir='ltr'>hae</span> <span class='ocrx_word' id='word_1_467' title='bbox 1987 2924 2078 2954; x_wconf 90' lang='lat' dir='ltr'>non</span> <span class='ocrx_word' id='word_1_468' title='bbox 2118 2912 2179 2955; x_wconf 89' lang='lat' dir='ltr'>ita</span> <span class='ocrx_word' id='word_1_469' title='bbox 2218 2906 2355 2955; x_wconf 88' lang='lat' dir='ltr'>fortes</span> 
     </span>
     <span class='ocr_line' id='line_1_42' title="bbox 348 2970 2354 3038; baseline 0.001 -22"><span class='ocrx_word' id='word_1_470' title='bbox 348 2970 469 3027; x_wconf 82' lang='lat' dir='ltr'>sunt,</span> <span class='ocrx_word' id='word_1_471' title='bbox 494 2987 576 3018; x_wconf 91' lang='lat' dir='ltr'>nec</span> <span class='ocrx_word' id='word_1_472' title='bbox 599 2977 818 3022; x_wconf 83' lang='lat' dir='ltr'>necativae</span> <span class='ocrx_word' id='word_1_473' title='bbox 837 2974 948 3023; x_wconf 90' lang='lat' dir='ltr'>sicut</span> <span class='ocrx_word' id='word_1_474' title='bbox 971 2975 1174 3032; x_wconf 91' lang='lat' dir='ltr'>illorum,</span> <span class='ocrx_word' id='word_1_475' title='bbox 1210 2974 1286 3022; x_wconf 90' lang='lat' dir='ltr'>sed</span> <span class='ocrx_word' id='word_1_476' title='bbox 1302 2973 1441 3038; x_wconf 88' lang='lat' dir='ltr'>usque</span> <span class='ocrx_word' id='word_1_477' title='bbox 1465 2976 1511 3021; x_wconf 92' lang='lat' dir='ltr'>in</span> <span class='ocrx_word' id='word_1_478' title='bbox 1535 2974 1668 3021; x_wconf 87' lang='lat' dir='ltr'>altera</span> <span class='ocrx_word' id='word_1_479' title='bbox 1690 2976 1784 3021; x_wconf 88' lang='lat' dir='ltr'>vita</span> <span class='ocrx_word' id='word_1_480' title='bbox 1808 2973 2034 3038; x_wconf 89' lang='lat' dir='ltr'>spiritibus</span> <span class='ocrx_word' id='word_1_481' title='bbox 2060 2976 2260 3021; x_wconf 87' lang='lat' dir='ltr'>multum</span> <span class='ocrx_word' id='word_1_482' title='bbox 2285 2977 2354 3020; x_wconf 88' lang='lat' dir='ltr'>in-</span> 
     </span>
     <span class='ocr_line' id='line_1_43' title="bbox 348 3036 2352 3106; baseline -0.003 -14"><span class='ocrx_word' id='word_1_483' title='bbox 348 3037 588 3084; x_wconf 77' lang='lat' dir='ltr'>commodi</span> <span class='ocrx_word' id='word_1_484' title='bbox 609 3036 824 3094; x_wconf 58' lang='lat' dir='ltr'>inferi-am:⁹</span> <span class='ocrx_word' id='word_1_485' title='bbox 864 3043 1089 3106; x_wconf 83' lang='lat' dir='ltr'>&amp;quoad</span> <span class='ocrx_word' id='word_1_486' title='bbox 1114 3053 1306 3105; x_wconf 85' lang='lat' dir='ltr'>partem,</span> <span class='ocrx_word' id='word_1_487' title='bbox 1338 3055 1498 3089; x_wconf 88' lang='lat' dir='ltr'>eorum</span> <span class='ocrx_word' id='word_1_488' title='bbox 1539 3042 1771 3104; x_wconf 82' lang='lat' dir='ltr'>cogitandi</span> <span class='ocrx_word' id='word_1_489' title='bbox 1813 3041 2070 3088; x_wconf 86' lang='lat' dir='ltr'>facultatem</span> <span class='ocrx_word' id='word_1_490' title='bbox 2112 3039 2352 3094; x_wconf 78' lang='lat' dir='ltr'>auferunt3</span> 
     </span>
     <span class='ocr_line' id='line_1_44' title="bbox 348 3103 2353 3171; baseline 0.001 -22"><span class='ocrx_word' id='word_1_491' title='bbox 348 3103 544 3166; x_wconf 87' lang='lat' dir='ltr'>spiritus,</span> <span class='ocrx_word' id='word_1_492' title='bbox 580 3105 661 3166; x_wconf 93' lang='lat' dir='ltr'>qui</span> <span class='ocrx_word' id='word_1_493' title='bbox 683 3105 792 3152; x_wconf 90' lang='lat' dir='ltr'>tales</span> <span class='ocrx_word' id='word_1_494' title='bbox 817 3105 935 3163; x_wconf 89' lang='lat' dir='ltr'>sunt,</span> <span class='ocrx_word' id='word_1_495' title='bbox 970 3109 1093 3171; x_wconf 91' lang='lat' dir='ltr'>apud</span> <span class='ocrx_word' id='word_1_496' title='bbox 1117 3109 1351 3169; x_wconf 88' lang='lat' dir='ltr'>hominem</span> <span class='ocrx_word' id='word_1_497' title='bbox 1370 3110 1568 3155; x_wconf 85' lang='lat' dir='ltr'>excitant</span> <span class='ocrx_word' id='word_1_498' title='bbox 1592 3124 1714 3155; x_wconf 84' lang='lat' dir='ltr'>mera</span> <span class='ocrx_word' id='word_1_499' title='bbox 1733 3108 2047 3159; x_wconf 83' lang='lat' dir='ltr'>confirmantia</span> <span class='ocrx_word' id='word_1_500' title='bbox 2070 3106 2181 3163; x_wconf 84' lang='lat' dir='ltr'>falfi,</span> <span class='ocrx_word' id='word_1_501' title='bbox 2218 3107 2277 3153; x_wconf 85' lang='lat' dir='ltr'>sic</span> <span class='ocrx_word' id='word_1_502' title='bbox 2300 3118 2353 3151; x_wconf 91' lang='lat' dir='ltr'>ut</span> 
     </span>
    </p>
   </div>
   <div class='ocr_carea' id='block_1_7' title="bbox 345 3167 2358 3285">
    <p class='ocr_par' dir='ltr' id='par_1_9' title="bbox 345 3167 2358 3285">
     <span class='ocr_line' id='line_1_45' title="bbox 345 3167 2358 3285; baseline 0 -67"><span class='ocrx_word' id='word_1_503' title='bbox 345 3169 491 3218; x_wconf 88' lang='lat' dir='ltr'>homo</span> <span class='ocrx_word' id='word_1_504' title='bbox 523 3185 617 3218; x_wconf 90' lang='lat' dir='ltr'>non</span> <span class='ocrx_word' id='word_1_505' title='bbox 642 3169 771 3217; x_wconf 86' lang='lat' dir='ltr'>alitet</span> <span class='ocrx_word' id='word_1_506' title='bbox 801 3167 964 3220; x_wconf 66' lang='lat' dir='ltr'>videat-³</span> <span class='ocrx_word' id='word_1_507' title='bbox 977 3176 1267 3240; x_wconf 76' lang='lat' dir='ltr'>quani&#39;quod</span> <span class='ocrx_word' id='word_1_508' title='bbox 1290 3173 1452 3223; x_wconf 83' lang='lat' dir='ltr'>falsum</span> <span class='ocrx_word' id='word_1_509' title='bbox 1476 3175 1531 3223; x_wconf 89' lang='lat' dir='ltr'>sit</span> <span class='ocrx_word' id='word_1_510' title='bbox 1554 3191 1746 3232; x_wconf 73' lang='lat' dir='ltr'>vetum„</span> <span class='ocrx_word' id='word_1_511' title='bbox 1777 3177 1827 3223; x_wconf 73' lang='lat' dir='ltr'>&amp;z</span> <span class='ocrx_word' id='word_1_512' title='bbox 1852 3175 2025 3222; x_wconf 84' lang='lat' dir='ltr'>malum</span> <span class='ocrx_word' id='word_1_513' title='bbox 2049 3173 2105 3220; x_wconf 88' lang='lat' dir='ltr'>sit</span> <span class='ocrx_word' id='word_1_514' title='bbox 2140 3174 2358 3285; x_wconf 54' lang='grc' dir='ltr'>ὺοῃιιτῑιὰ</span> 
     </span>
    </p>
   </div>
  </div>
 </body>
</html>
