2788 3736
815 257 2034 373 CAPuTsnxruM4
2326 309 2452 393 ffi5

394 444 397 447 ’
492 442 604 512 596.
638 439 776 494 Vers:
818 446 861 494 8.
905 444 969 493 Et
991 442 1150 493 Noach
1173 445 1340 494 invenit
1362 443 1561 508 gratiam
1593 445 1639 490 in
1676 443 1802 491 oculis
1825 444 2008 509 Jehovae
2025 462 2040 493 .·
2091 441 2179 492 Per
2199 442 2447 493 Noachum

420 512 701 579 significatur
724 510 925 560 Ecclefia
941 526 1092 560 nova:
1129 510 1258 574 quod
1282 509 1504 558 invenerit
1527 510 1723 572 gratiam
1746 511 1792 558 in
1817 510 1960 559 oculis
1985 509 2200 572 Jehovae,
2230 509 2295 559 est
2316 511 2445 576 quod

400 579 686 646 'praeviderit
708 579 960 634 Dominus,
995 577 1126 641 quod
1149 579 1211 625 ita
1232 575 1392 624 salvari
1415 575 1560 639 poffet
1583 589 1728 638 genus
1751 575 2021 625 humanum.

489 662 600 711 597.
639 645 784 710 Qod
821 661 903 708 per
923 643 1173 692 Noachum
1195 641 1476 704 significetur
1499 656 1621 688 nova
1643 641 1861 698 Ecclesia,
1888 658 1995 707 quae
2012 643 2213 692 Ecclesia
2235 645 2445 710 Antiqua

418 713 639 769 vocanda,
675 711 732 761 ad
773 709 1151 777 distinguendum
1188 708 1306 755 inter
1342 706 1596 756 Ecclesiam
1634 707 2029 772 Antiquissimam,
2066 726 2173 774 quae
2207 708 2299 758 fuit
2335 724 2440 771 ante

419 779 669 838 diluvium,
705 779 756 827 &
782 778 926 834 illam,
961 790 1070 839 quae
1103 772 1194 823 fuit
1223 772 1327 838 post
1366 773 1615 822 diluvium.
1703 773 2009 823 Ecclefiarum
2049 776 2228 824 illarum
2254 777 2438 841 prorsus

418 846 587 894 diversi
622 845 760 893 status
793 842 1013 899 fuerunt3
1049 840 1268 890 Ecclefiae
1293 841 1638 905 Antiquiffimae
1676 839 1814 888 status
1854 839 1958 899 fuit,
2009 854 2062 889 ut
2098 845 2449 906 perceptionem

392 923 398 928 ’
419 913 529 962 boni
555 914 605 961 ὅτ
629 911 736 961 inde
771 910 870 958 veri
893 908 1132 957 habuerint
1154 924 1182 956 a
1201 908 1446 963 Domino·,
1482 907 1708 972 Antiquae
1731 907 1949 956 Ecclefiae
1982 908 2055 956 seu
2088 909 2268 956 Noachi
2306 910 2444 959 status

418 978 579 1036 fastus,
614 989 671 1036 ut
691 975 1025 1026 Conscientiam
1049 974 1160 1023 boni
1185 975 1235 1022 δε
1258 975 1355 1021 veri
1371 973 1554 1021 haberet
1571 996 1589 1031 3-
1610 973 1758 1039 qualis
1781 974 2037 1023 differentia
2060 974 2124 1022 est
2147 976 2263 1022 inter
2285 976 2447 1024 habere

417 1045 775 1111 perceptionem,
824 1044 874 1092 δε
914 1041 1077 1090 habere
1113 1039 1452 1098 conscientiam,
1489 1040 1590 1088 talis
1607 1059 1613 1064 ·
1630 1041 1886 1090 differentia
1922 1041 2060 1090 status
2097 1040 2187 1089 fuit
2226 1043 2444 1091 Ecclefiae

359 1105 363 1109 ⁴
419 1113 781 1177 Antiquiffimae‚
816 1110 869 1158 ὅτ
901 1107 1118 1156 Ecclesiae
1141 1109 1403 1172 Antiquae3
1441 1109 1675 1173 perceptio
1714 1125 1806 1156 non
1829 1108 1892 1156 est
1915 1107 2218 1164 conscientia3
2256 1125 2443 1174 percep-—

417 1181 592 1228 tionem
615 1177 781 1226 habent
802 1175 1043 1232 Coelestes,
1075 1173 1394 1240 conscientiam
1433 1175 1730 1239 Spirituales;
1769 1177 2099 1241 Antiquiffima
2123 1175 2320 1224 Ecclefia
2354 1175 2445 1225 fuit

417 1245 642 1302 Coelestis,
677 1242 752 1291 sed
777 1245 988 1309 Antiqua
1010 1241 1281 1306 Spiritualis.
1353 1243 1681 1306 Antiquiffima
1706 1242 1906 1292 Ecclefia
1925 1243 2249 1291 revelationem
2275 1245 2441 1292 imme·-

415 1309 587 1360 diatam
611 1311 769 1359 habuit
791 1326 874 1375 per
895 1307 1178 1358 consortium
1205 1324 1316 1357 cum
1341 1307 1570 1374 spiritibus
1593 1311 1644 1357 &
1677 1309 1890 1372 Angelis,
1929 1322 1982 1357 ut
2006 1312 2055 1358 δε
2074 1325 2154 1374 per
2169 1309 2365 1358 vifiones
2388 1312 2440 1359 δε

416 1378 605 1437 somnia,
640 1394 667 1426 a
688 1377 915 1435 Domino,
950 1392 1008 1424 ex
1029 1375 1197 1442 quibus
1219 1376 1534 1424 communiter
1557 1375 1674 1442 quid
1698 1376 1875 1424 bonum
1917 1378 1967 1424 &
1990 1392 2157 1424 verum
2190 1376 2281 1425 illis
2321 1377 2443 1425 noffe

417 1446 598 1504 datum,
633 1445 685 1493 &
708 1443 952 1509 postquam
977 1444 1290 1492 communiter
1314 1454 1558 1497 noverunt,
1596 1456 1708 1492 tunc
1733 1444 2003 1492 confirmata
2043 1443 2146 1502 sunt
2169 1444 2442 1492 communia

416 1513 494 1561 illa
521 1511 644 1577 quafi
667 1511 893 1577 principia
915 1509 1318 1561 innumerabilibus
1342 1525 1423 1574 per
1440 1511 1753 1574 perceptiones
1773 1532 1787 1567 ;
1824 1526 1930 1574 quae
1954 1510 2297 1558 innumerabilia
2319 1522 2445 1558 erant

415 1579 699 1643 particularia
728 1577 803 1626 seu
833 1575 1073 1642 singularia
1095 1578 1437 1634 communium,
1474 1577 1533 1625 ad
1555 1593 1663 1641 quae
1685 1576 1728 1625 se
1750 1575 2036 1634 referebant3
2073 1579 2135 1625 ita
2158 1578 2445 1626 Communia

413 1646 539 1710 quasi
563 1647 787 1712 principia
803 1644 1212 1693 corroborabantur
1228 1643 1436 1710 quotidie
1457 1667 1472 1700 ;
1507 1645 1731 1708 quicquid
1754 1661 1848 1692 non
1872 1644 2153 1708 congruebat
2174 1645 2439 1692 communi-

418 1712 521 1771 bus,
568 1713 656 1762 hoc
690 1725 991 1778 perceperunt
1024 1727 1117 1758 non
1141 1713 1202 1758 ita
1237 1711 1338 1769 effe,
1372 1711 1423 1758 ὅτ
1452 1711 1677 1775 quicquid
1710 1711 2005 1775 congruebat,
2026 1720 2343 1776 perceperunt
2381 1711 2444 1760 ita

414 1779 526 1835 effe3
562 1781 662 1827 talis
686 1780 827 1826 status
857 1780 994 1825 etiam
1029 1776 1095 1825 est
1106 1776 1399 1839 Angelorum
1414 1776 1693 1824 coelestium:
1714 1779 2058 1842 Antiquiffimae
2075 1777 2293 1825 Ecclefiae
2308 1793 2444 1826 com--

419 1845 577 1892 munia
598 1845 723 1908 quafi
737 1852 743 1858 ’
755 1845 982 1908 principia
997 1855 1123 1890 erant
1139 1843 1358 1890 veritates
1381 1842 1583 1891 coelestes
1602 1846 1651 1891 ὅτ,
1667 1855 1883 1900 aeternae3
1907 1843 2036 1901 ficut,
2062 1844 2191 1907 quod
2206 1845 2447 1891 Dominus

417 1923 544 1974 regat
557 1909 819 1958 universum
834 1931 848 1965 ;
867 1909 994 1973 quod
1009 1910 1250 1957 aDomino
1266 1915 1405 1958 omne
1422 1909 1597 1958 bonum
1615 1910 1666 1958 δε
1680 1925 1842 1957 verum
1858 1933 1872 1966 ;
1890 1910 2018 1974 quod
2034 1927 2059 1958 a
2071 1911 2281 1957 Domino
2290 1911 2450 1958 omnis-

420 1979 548 2033 vita;
584 1976 712 2043 quod
738 1978 984 2039 proprium
1009 1975 1208 2023 hominis
1231 1991 1324 2024 non
1348 1975 1455 2024 effet
1483 1976 1564 2023 nifi
1589 1977 1796 2025 malum:
1832 1977 1884 2024 ὅτ
1918 1977 2049 2040 quod
2071 1977 2174 2024 esset
2200 1988 2446 2025 mortuum.

415 2044 463 2092 in
501 2043 574 2101 se3
610 2055 778 2109 praeter
799 2041 964 2090 similia
985 2042 1101 2098 alia;
1139 2042 1538 2091 innumerabilium
1575 2043 1651 2090 illa
1673 2043 2051 2091 confirmantium
2087 2044 2136 2090 ὅτ
2162 2041 2445 2091 consentien-

415 2112 535 2164 tium
559 2112 900 2176 perceptionem
924 2122 1194 2173 acceperunt
1218 2126 1243 2157 a
1264 2110 1500 2158 Domino:
1522 2109 1611 2156 illis
1638 2111 1794 2158 Amor
1813 2122 1908 2157 erat
1924 2111 2172 2174 principale
2190 2109 2299 2156 fidei
2321 2132 2334 2166 ;
2360 2126 2443 2174 per

416 2179 650 2226 Amorem·
677 2177 910 2242 percipere
947 2177 1000 2223 iis
1033 2175 1194 2224 datum
1219 2194 1245 2224 a
1275 2177 1486 2224 Domino
1519 2177 1743 2241 quicquid
1782 2177 1888 2224 effet
1921 2177 2045 2235 fidei,
2082 2177 2190 2224 inde
2213 2176 2327 2224 fides
2351 2177 2440 2224 illis

415 2257 513 2291 erat
533 2261 679 2301 amor,
715 2254 772 2291 ut
791 2246 918 2307 prius
952 2243 1144 2291 dietum.
1199 2243 1289 2291 Sed
1308 2245 1514 2308 Antiqua
1530 2243 1748 2301 Ecclesia,
1783 2244 1868 2291 alia
1890 2243 2072 2309 prorsus
2101 2241 2219 2291 facta
2241 2241 2348 2301 fuit,
2381 2244 2445 2292 de

419 2326 526 2374 qua,
562 2327 619 2359 ex
641 2313 815 2358 Divina
836 2311 1033 2358 Domini
1057 2308 1389 2368 Misericordia,
1427 2312 1473 2358 in
1497 2310 1799 2376 sequentibus.

487 2381 598 2440 598.
636 2377 784 2441 Qod
822 2377 1066 2426 invenerit'
1082 2380 1283 2441 gratiam
1319 2379 1366 2426 in
1404 2378 1556 2427 oculis
1573 2378 1788 2440 Jehovae,
1826 2377 2076 2443 significet,
2106 2377 2235 2442 quod
2264 2378 2437 2443 praevi-

419 2442 538 2490 derit
560 2444 811 2501 Dominus,
847 2444 978 2507 quod
998 2446 1061 2492 ita
1083 2444 1239 2492 salvari
1263 2445 1404 2509 poffet
1428 2461 1574 2509 genus
1604 2446 1861 2509 humanum
1883 2465 1896 2494 ε
1931 2445 2246 2494 Misericordia
2267 2447 2444 2492 Domi-

421 2510 467 2556 ni
493 2509 691 2558 involvit
711 2511 762 2558 ὅτ
787 2509 957 2573 spectat
980 2510 1274 2559 salvationem
1298 2515 1443 2560 totius
1463 2513 1639 2577 generis
1678 2513 1890 2570 humani,
1920 2512 2126 2560 similiter
2156 2516 2294 2560 etiam
2318 2513 2438 2561 Gra-

416 2577 493 2634 tia,
519 2593 655 2641 quare
679 2575 863 2625 salvatio
886 2579 1065 2640 generis
1089 2577 1278 2626 humani
1302 2579 1584 2642 significatur
1603 2598 1612 2627 :
1639 2597 1722 2643 per
1744 2579 1992 2628 Noachum
2012 2596 2105 2627 non
2129 2579 2277 2627 solum
2304 2579 2443 2642 figni-

416 2642 579 2691 ficatur
604 2643 804 2692 Ecclesia
843 2658 978 2700 nova,
1015 2642 1090 2690 sed
1130 2645 1267 2691 etiam
1299 2645 1516 2693 Ecclefiae
1549 2645 1673 2693 istius
1694 2646 1837 2705 fides,
1874 2662 1982 2709 quae
2017 2658 2112 2694 erat
2146 2646 2259 2693 fides
2283 2644 2440 2692 Chari-

417 2711 517 2758 tatis
535 2732 550 2767 ;
590 2711 653 2758 ita
674 2709 893 2775 praevidit
915 2710 1167 2768 Dominus,
1190 2710 1319 2773 quod
1339 2727 1422 2775 per
1444 2712 1587 2760 fidem
1612 2712 1848 2760 Charitatis
1867 2712 2025 2771 salvari
2047 2712 2257 2776 potuiflet
2280 2711 2441 2760 Genus

418 2776 691 2835 humanum,
727 2777 785 2824 de
825 2793 915 2840 qua
953 2777 1046 2825 fide
1087 2778 1134 2824 in
1182 2776 1481 2842 sequentibus.
1552 2778 1641 2825 Sed
1665 2777 1980 2826 Misericordia
2014 2779 2064 2826 &-
2101 2780 2259 2827 Gratia
2281 2777 2439 2826 distin-

419 2856 625 2905 guuntur
658 2846 706 2891 in
728 2844 903 2901 Verbo,
940 2845 989 2892 δι
1025 2843 1214 2908 quidem
1262 2843 1514 2891 secundum
1528 2845 1845 2892 differentiam
1869 2861 2048 2902 eorum,
2073 2847 2169 2911 'qui
2188 2847 2450 2909 recipiunt·:z

419 2908 736 2959 Misericordia
756 2911 1009 2974 applicatur
1042 2910 1129 2958 illis
1150 2911 1231 2975 qui
1256 2911 1457 2958 coelestes
1491 2911 1620 2969 sunt,
1646 2913 1805 2959 Gratia
1827 2925 1980 2959 autem
2007 2911 2098 2959 illis-
2114 2913 2196 2976 qui
2235 2911 2441 2977 spiritua-

419 2973 518 3030 les·,
553 2992 666 3024 nam
700 2977 928 3025 Coelestes
957 2993 1050 3026 non
1089 2977 1341 3042 agnoscunt
1363 2978 1486 3034 alin
1511 2995 1652 3042 quam
1678 2978 2063 3036 Misericordiam,
2094 2980 2144 3027 &
2178 2978 2441 3042 Spirituales

419 3041 504 3087 vix
542 3041 668 3089 aliud
713 3059 855 3108 quam
878 3045 1122 3101 Gratiam.;
1173 3044 1392 3093 Coelestes
1427 3044 1629 3106 nesciunt
1671 3046 1786 3109 quid
1824 3046 2000 3103 Gratia,
2063 3045 2326 3110 Spirituales
2358 3046 2447 3091 vix

420 3106 567 3156 sciunt
613 3108 730 3171 quid
776 3109 1106 3168 Misericordia,
1165 3128 1309 3175 quarn
1358 3127 1501 3160 unam
1549 3112 1832 3176 eandemque
1884 3111 2059 3160 faciunt
2100 3128 2208 3159 cum
2258 3111 2407 3174 gratia
2422 3131 2446 3165 ·,„

419 3173 550 3238 quod
573 3174 701 3220 venit
733 3190 793 3222 ex
823 3175 952 3224 causa
974 3177 1300 3228 humiliationis
1322 3179 1569 3243 utriusque,
1605 3196 1712 3244 quae
1737 3182 1798 3227 ita
1818 3179 1972 3227 differt
1993 3201 2007 3235 ;
2043 3180 2124 3242 qui
2148 3180 2195 3226 in
2227 3176 2446 3224 humilia-.-⁴

419 3241 542 3289 tione
566 3239 718 3288 cordis
740 3240 858 3299 sunt,
894 3243 926 3289 ii
950 3243 1200 3308 implorant
1223 3244 1598 3296 Misericordiam
1614 3248 1839 3305 Domini,
1868 3259 1913 3294 at
1937 3247 2019 3310 qui
2053 3248 2099 3293 in
2124 3243 2439 3314 humiliatione

2312 3320 2449 3369 cog}-
