2788 3736
347 247 502 326 4701
891 230 953 295 o
1048 226 1294 297 EN
1381 224 1453 322 Ε,
1541 223 1593 291 s
1682 227 1729 292 1
1814 226 1881 300 S.

350 371 572 424 terrestria
610 371 658 418 δε
687 367 931 424 mundana,
966 378 1020 415 ut
1059 376 1201 416 creata
1225 382 1250 414 a
1271 366 1393 423 De0‚
1428 364 1479 414 &
1504 363 1659 415 omnia
1681 364 1731 413 &
1759 363 1936 428 singula
1958 365 2017 414 ad
2039 365 2206 424 finem,
2242 365 2291 416 δε
2312 363 2365 414 'm

346 441 569 490 .·omnibus
586 438 634 485 δε
659 435 844 499 singulis
868 433 1052 497 aliquod
1093 432 1226 482 instar
1249 433 1407 498 Regni
1448 432 1537 481 Dei
1557 453 1575 487 ·,
1610 431 1697 479 hoc
1720 446 1883 482 verum
1925 430 2113 482 sensuale
2144 449 2236 490 non
2260 432 2363 481 insi·

357 519 519 555 nuatur
543 503 622 551 nisi
669 502 793 566 apud
825 502 1060 550 hominem
1084 500 1312 550 coelestem
1332 523 1348 556 ·,
1383 500 1434 549 &
1473 498 1581 564 quia
1602 498 1841 547 Dominus
1863 498 1998 547 Solus
2038 496 2127 547 fuit
2171 498 2366 562 coelestis

356 574 516 628 homo,
552 570 650 617 haec
675 571 725 622 ,δι
766 568 928 620 fimnia
948 584 1056 618 vera
1075 566 1287 616 sensualia
1308 566 1399 635 Ipsi
1424 564 1642 618 insinuata
1682 564 1786 615 sunt
1815 566 1863 615 in
1887 565 2037 632 prima
2064 567 2271 632 pueritia,
2307 567 2370 615 ita

364 651 644 704 praeparatus
656 635 713 684 ad
743 636 1002 700 recipienda
1024 634 1234 684 coelestia.
1432 686 1435 689 ,
1860 642 1863 644 “
2377 664 2380 669 »

439 721 582 768 1435.
619 704 683 752 Et
699 720 888 751 omnem
917 703 1278 766 acquisitionem,
1314 709 1454 764 quam
1478 699 1836 764 acquisiverunt,
1869 699 1999 764 quod
2022 698 2247 764 significet
2268 715 2371 748 om·

355 772 435 821 nia
451 788 557 836 quae
581 769 684 818 sunt
706 787 812 818 vera
834 768 1055 827 sensualia,
1093 768 1263 817 constat
1288 783 1345 815 ex
1378 767 1464 815 illis
1494 783 1601 831 quae
1634 766 1756 817 dicta
1778 766 1907 815 sunt:
1945 767 2181 830 acquisitio
2203 766 2373 817 dicitur

356 855 503 887 xomne
527 837 844 896 scientificum,
877 853 933 885 ex
969 853 1064 900 quo
1086 839 1258 899 cogitat
1280 835 1458 892 homo;
1494 832 1659 898 absque
1692 832 1944 886 scientificis
1967 833 2192 898 acquisitis
2229 834 2371 882 homo

358 917 586 970 «quatenus
618 904 762 953 homo
785 920 878 953 non
894 903 1035 951 ullam
1053 904 1200 950 ideam
1234 902 1522 965 cogitationis
1545 900 1703 952 habere
1725 899 1872 967 potest
1891 923 1906 958 3
1945 900 2060 948 ideae
2083 900 2382 965 cogitationis⁴

366 970 765 1035 fundantursuper
781 970 885 1027 illis,
921 987 1026 1034 quae
1061 986 1118 1020 ex
1139 968 1405 1018 sensualibus
1442 968 1648 1032 impreffa
1683 966 1784 1015 sunt
1809 968 2045 1018 memoriae
2065 989 2083 1024 3
2116 983 2254 1032 quare
2287 966 2371 1016 sci-

366 1039 546 1086 entifica
569 1037 670 1090 sunt
692 1036 794 1085 vasa
807 1037 1121 1100 spiritualium,
1155 1038 1205 1084 &
1222 1035 1478 1084 affefitiones
1500 1050 1556 1084 ex
1572 1033 1884 1098 voluptatibus
1895 1036 2102 1098 corporis
2118 1034 2249 1082 bonis
2272 1033 2375 1083 sunt

369 1105 473 1154 vasa
495 1104 748 1154 coelestium
775 1128 789 1160 ς
825 1105 979 1151 omnia
1013 1103 1111 1151 haec
1144 1115 1366 1151 vocantur
1397 1100 1726 1165 acquisitiones,
1761 1101 1812 1150 δε
1845 1100 2036 1163 quidem
2075 1102 2123 1149 in
2151 1101 2375 1161 Charane,

377 1188 475 1236 quo
490 1172 767 1234 fignificatur
784 1170 919 1218 status
935 1169 1149 1217 obscurus
1171 1169 1314 1232 qualis
1337 1167 1402 1215 est
1423 1165 1625 1216 infantiae
1648 1167 1705 1214 ad
1723 1167 1977 1230 pueritiam.

397 1269 402 1274 -
451 1239 587 1302 1436.
624 1238 688 1285 Et
711 1238 910 1284 animam
927 1252 1066 1299 quam
1080 1233 1276 1282 fecerant
1293 1235 1338 1282 in
1357 1233 1551 1290 Charan,
1584 1233 1713 1297 quod
1736 1233 1958 1295 fignificet
1987 1248 2125 1283 omne
2154 1234 2374 1286 essentiale

371 1305 557 1361 vivum,
592 1303 720 1367 quod
758 1302 903 1350 dabile
949 1305 997 1350 in
1035 1302 1147 1349 statu
1181 1301 1260 1348 illo
1282 1299 1489 1357 obscuro,
1526 1298 1698 1348 constat
1743 1315 1801 1346 ex
1824 1297 2150 1362 significatione
2188 1303 2373 1359 animae,

377 1371 503 1434 quod
522 1371 574 1417 fit
597 1370 814 1418 essentiale
836 1371 1018 1423 vivum,
1035 1370 1085 1416 δε
1109 1384 1165 1417 ex
1188 1367 1511 1431 significatione
1528 1366 1741 1414 Charanis
1764 1366 1891 1426 quod
1914 1366 1970 1415 fit
1985 1365 2120 1415 status
2142 1366 2386 1424 obscurus,-

373 1438 438 1487 „de
454 1453 545 1502 qua
564 1436 692 1485 vers:
729 1452 851 1501 praec
871 1454 882 1484 :
919 1437 1093 1484 Anima
1109 1437 1154 1482 in
1177 1436 1364 1499 proprio
1386 1432 1510 1481 sensu
1533 1432 1758 1496 fignificat
1781 1431 1893 1479 illud
1924 1432 2053 1496 quod
2075 1434 2199 1496 apud
2229 1434 2383 1482 homi-

376 1521 491 1565 nem
512 1504 646 1561 vivit,
684 1506 744 1553 ita
767 1502 905 1567 ipsam
923 1501 1020 1565 ejus
1042 1502 1185 1548 vitam
1206 1523 1221 1557 ·,
1255 1500 1383 1564 quod
1418 1501 1541 1547 vivit
1563 1499 1684 1562 apud
1709 1497 1946 1547 hominem
1980 1515 2073 1546 non
2095 1499 2159 1546 est
2198 1516 2381 1564 corpus,

379 1570 456 1621 sed
483 1570 545 1618 est
562 1572 725 1627 anima,
760 1571 809 1617 δε
833 1585 913 1632 per
929 1571 1125 1623 animam
1144 1568 1264 1615 vivit
1287 1581 1452 1629 corpus
1473 1589 1488 1621 ·‚
1521 1565 1616 1629 ipsa
1637 1566 1732 1612 vita
1763 1564 1977 1621 hominis,
2012 1564 2085 1618 seu
2110 1564 2260 1629 ipsum
2289 1564 2385 1630 ejus

382 1639 570 1693 vivum,
606 1636 669 1684 est
702 1652 758 1683 ex
781 1650 933 1682 amore
956 1634 1144 1691 coelesti,
1183 1633 1401 1697 nusquam
1432 1631 1618 1696 aliquod
1650 1632 1815 1679 vivum
1845 1630 1940 1681 dari
1976 1630 2138 1694 potest,
2175 1633 2255 1681 nis1
2280 1632 2385 1680 inde

388 1704 526 1751 ducat
549 1704 791 1767 originem,
826 1717 962 1765 quare
985 1701 1058 1748 hic
1075 1717 1156 1764 per
1170 1701 1370 1748 animam
1392 1697 1668 1765 significatur
1684 1697 1861 1746 bonum
1877 1698 2005 1762 quod
2027 1695 2145 1746 vivit
2165 1715 2222 1746 ex
2236 1715 2390 1747 amore

380 1769 579 1826 (coelesti,
605 1769 731 1833 quod
748 1768 811 1815 est
830 1767 980 1832 ipsum
1003 1767 1218 1815 essentiale
1235 1769 1416 1815 vivum.
1482 1766 1542 1816 ,In
1565 1762 1687 1812 sensu
1703 1764 1862 1813 literali
1884 1781 1965 1828 per
1995 1765 2195 1812 animam
2225 1765 2392 1813 intelli-

383 1838 516 1900 ,gitur
537 1836 608 1883 hic
624 1837 773 1883 omnis
797 1834 956 1892 homo,
981 1835 1085 1882 tum'
1101 1835 1252 1882 omnis
1267 1833 1420 1890 bestia,
1456 1848 1563 1897 quae
1582 1833 1702 1889 viva,
1720 1832 1769 1880 &
1787 1832 1868 1880 fibi
1886 1844 2280 1896 comparaverunt,
2314 1830 2394 1881 sed

397 1907 444 1950 in
469 1901 592 1950 sensu
619 1905 795 1955 interno
819 1901 931 1952 nihil
954 1901 1075 1948 aliud
1091 1901 1383 1964 significatur,
1419 1915 1558 1963 quam
1575 1899 1793 1947 essentiale
1811 1902 1988 1947 vivum.

468 1985 607 2032 1437.
625 1968 770 2033 Qod
788 1969 1023 2020 exiverunt
1045 1968 1102 2015 ad
1119 1967 1323 2015 eundum
1345 1969 1391 2014 in
1408 1978 1573 2014 terram
1596 1966 1792 2023 Canaan,
1810 1965 2034 2030 significet
2056 1964 2184 2029 quod
2207 1966 2268 2012 ita
2291 1964 2393 2027 perss

390 2047 524 2100 >vgeret
547 2035 604 2081 ad
637 2034 834 2082 coelestia
855 2036 1037 2091 amoris,
1074 2033 1246 2082 constat
1280 2051 1305 2081 a
1329 2033 1649 2098 significatione
1673 2046 1805 2080 terrae
1841 2032 2094 2087 Canaanis;
2129 2031 2255 2095 quod
2280 2043 2394 2079 terra

392 2104 581 2150 Canaan
599 2100 881 2164 repraesentet
910 2102 1130 2163 Regnum
1146 2101 1341 2148 Domini
1365 2102 1412 2147 in
1429 2099 1558 2147 coelis
1581 2100 1639 2146 ·&
1664 2101 1711 2146 in
1734 2099 1877 2154 terriS,
1914 2113 1970 2145 ex
1994 2097 2150 2144 multis
2170 2099 2217 2145 in
2239 2097 2398 2144 Verbo

400 2167 601 2215 constare
625 2167 771 2232 potest
792 2189 807 2223 ·,
842 2166 968 2214 causa
983 2166 1061 2224 est,
1086 2168 1198 2230 quia
1215 2167 1276 2214 ibi
1294 2165 1491 2214 Ecclesia
1513 2164 1896 2228 Repraesentativa
1913 2163 2112 2211 instituta
2131 2163 2210 2220 est,
2246 2165 2293 2211 in
2311 2179 2399 2225 qua

396 2235 556 2283 omnia
588 2235 638 2282 δε
665 2234 838 2297 singula
866 2233 1237 2297 repraesentabant
1258 2233 1536 2288 Dominum,
1572 2230 1778 2294 &Ipsius
1795 2231 1949 2292 Regni
1967 2230 2179 2278 coelestiae
2198 2231 2248 2277 &
2273 2229 2398 2293 spiri-

403 2301 539 2348 tualia
559 2323 572 2355 3
609 2317 691 2347 nec
716 2300 860 2347 solum
887 2302 1014 2356 ritus,
1050 2298 1123 2346 sed
1145 2300 1280 2346 etiam
1305 2299 1461 2345 omnia
1473 2313 1582 2360 quae
1605 2295 1813 2360 adjunfta
1829 2296 2006 2354 ritibus,
2041 2309 2135 2344 tam
2161 2298 2242 2360 qui
2266 2298 2401 2346 mini-

404 2366 620 2423 strabant,
656 2382 795 2430 quam
821 2382 900 2429 per
931 2381 1038 2429 quae
1054 2364 1434 2421 ministrabantur,
1469 2364 1602 2410 etiam
1621 2363 1721 2426 loca
1735 2363 1815 2410 ubi
1833 2363 2104 2411 ministratio
2130 2386 2144 2419 ;
2181 2365 2287 2426 quia
2309 2363 2403 2412 Ec-

399 2432 534 2480 clesia
558 2431 941 2497 Repraesentativa
973 2432 1053 2489 ibi,
1088 2444 1203 2479 terra
1225 2431 1330 2478 inde
1354 2430 1572 2495 appellata
1594 2428 1681 2477 fuit
1716 2431 1859 2477 Terra
1897 2429 2058 2486 san&a‚
2093 2430 2266 2477 tametfi
2290 2431 2404 2479 nihil

410 2500 561 2546 minus
578 2515 716 2562 quam
735 2498 880 2546 sancta
893 2497 998 2556 fuit,
1032 2499 1205 2562 quippe
1222 2498 1413 2546 habitata
1434 2496 1490 2544 ab
1514 2496 1760 2544 idololatris
1785 2499 1833 2545 δε
1851 2496 2095 2560 prophanis
2115 2519 2128 2552 ;
2165 2496 2264 2546 haec
2282 2515 2404 2546 nunc

405 2565 538 2613 ‚causa
560 2566 638 2623 est,
675 2565 800 2629 quod
826 2581 906 2629 per
928 2578 1090 2612 terram
1115 2566 1294 2612 Canaan
1318 2565 1392 2612 hic
1422 2565 1472 2611 δε
1501 2566 1549 2612 in
1573 2563 1856 2627 sequentibus
1881 2563 2191 2626 signifi-centur
2213 2565 2409 2613 coelestia

410 2633 579 2679 amoris
600 2656 613 2689 3
650 2628 851 2680 coelestia
871 2634 993 2679 enim
1018 2633 1183 2679 amoris
1207 2630 1309 2679 sunt
1328 2631 1458 2678 unice
1481 2646 1588 2694 quae
1606 2630 1712 2679 sunt
1727 2632 1774 2678 in
1798 2632 1966 2693 Regno
1988 2631 2199 2688 Domini,
2235 2632 2285 2678 &
2299 2647 2406 2694 quae

408 2698 694 2765 ,constituunt
717 2700 937 2762 Regnum
960 2700 1169 2747 Domini.
1476 2758 1479 2759 ⁷

413 2805 418 2808 .
487 2771 626 2827 1438.
664 2767 728 2813 Et
774 2778 994 2813 venerunt
1031 2767 1078 2816 'm
1101 2777 1266 2827 terram
1291 2760 1487 2821 Caman,
1523 2765 1651 2828 quod
1683 2762 1905 2826 significet
1942 2760 2069 2824 quod
2105 2761 2161 2809 ad
2204 2763 2405 2813 coelestia

409 2832 580 2883 ,amoris
605 2834 827 2895 pervenit,
863 2832 1034 2879 constat
1057 2848 1112 2879 ex
1135 2833 1221 2879 illis
1259 2847 1366 2894 quae
1387 2847 1511 2880 nunc
1551 2829 1792 2879 dictasunt
1828 2827 1885 2874 de
1924 2840 2038 2873 terra
2061 2827 2298 2886 Canaane3
2334 2831 2408 2879 hic

419 2895 684 2943 describitur
719 2899 922 2959 primum
959 2899 1055 2944 vita
1095 2899 1306 2953 Domini,
1342 2913 1507 2959 nempe
1553 2912 1579 2943 a
1624 2897 1857 2942 nativitate
1881 2891 2021 2955 usque
2061 2896 2116 2942 ad
2150 2898 2410 2959 pueritiam,

421 2962 550 3026 quod
590 2979 755 3025 nempe
795 2965 1049 3025 pervenerit
1072 2964 1126 3011 ad
1165 2962 1363 3011 coelestia
1385 2963 1578 3008 amoris:
1615 2959 1828 3007 coelestia·
1848 2960 2016 3006 amoris
2040 2959 2141 3009 sunt
2164 2963 2255 3026 ipsa
2277 2964 2413 3011 effen-

415 3029 557 3086 ·2tialia,
570 3041 731 3077 caetera
748 3029 852 3074 inde
867 3031 1076 3075 veniunt:
1104 3029 1190 3076 illis
1206 3029 1416 3076 omnium
1434 3028 1588 3089 primo
1603 3026 1806 3072 imbutus
1825 3025 1903 3082 est,
1917 3042 2022 3073 nam
2048 3028 2154 3075 inde
2177 3030 2297 3087 dein,
2317 3042 2370 3076 ut
2388 3047 2416 3077 a

424 3097 503 3144 suo
541 3095 724 3152 semine,
749 3093 1015 3142 fruetificata
1038 3094 1139 3141 sunt
1161 3095 1314 3141 omnia
1340 3115 1354 3147 ·,
1390 3092 1539 3155 ipsum
1573 3091 1723 3139 semen
1748 3090 1836 3141 fuit
1881 3093 2003 3155 apud
2036 3093 2192 3157 Ipsum
2217 3096 2411 3153 coeleste,

415 3165 529 3227 :quia
566 3174 694 3222 natus
741 3178 766 3208 a
808 3160 1029 3222 Jehovah,
1065 3160 1169 3207 inde
1209 3159 1339 3206 Solus
1379 3157 1466 3205 fuit
1512 3160 1595 3222 qui
1630 3160 1676 3205 in
1716 3158 1756 3205 se
1779 3158 1935 3206 habuit
1971 3159 2058 3215 hoc
2095 3161 2276 3218 semen3
2311 3179 2413 3209 om—

419 3247 517 3288 -nes,
543 3241 836 3294 quotcunque
858 3226 975 3285 sunt,
1000 3227 1205 3276 homines
1228 3242 1319 3275 non
1343 3225 1464 3273 aliud
1487 3224 1636 3275 semen
1659 3225 1839 3284 habent,
1876 3242 2014 3290 quam
2030 3228 2264 3291 quoddam
2288 3226 2413 3291 spur-

2309 3310 2415 3342 cum
