2788 3736
702 239 1192 304 CAPUT
1284 240 2032 307 oc'rAthM.
2295 244 2430 326 269

398 379 611 445 piditates
641 377 693 426 &
740 373 948 425 falfitates
1002 378 1247 442 imperant,
1301 389 1433 442 putat
1468 375 1629 435 homo,
1677 377 1759 442 qui
1794 377 1852 426 ab
1890 376 1978 424 illis
2023 372 2288 441 subjugatus
2342 376 2422 434 est,

394 445 524 510 quod
546 445 594 492 in
616 443 732 492 statu
756 443 972 492 libertatis
995 443 1067 502 fit,
1104 443 1180 493 sed
1203 445 1340 493 craffa
1360 444 1426 493 est
1447 442 1627 502 falsitas,
1662 442 1864 492 aufertur
1884 445 2007 492 enim
2029 455 2142 491 tunc
2165 461 2190 492 a
2202 441 2417 507 jucundo

393 511 704 576 cupiditatum
730 512 781 558 &
804 510 1099 575 voluptatum
1128 512 1252 569 inde,
1289 510 1363 573 seu
1387 527 1412 558 a
1426 508 1640 575 jucundo
1661 526 1875 559 amorum
1918 510 2123 567 suorum,
2157 511 2210 559 &
2245 511 2354 575 quia
2391 527 2418 558 a

384 576 614 644 jucundo,
650 590 839 643 apparet
871 579 911 625 ei
946 578 1061 626 ficut
1090 577 1321 634 liberum;
1356 576 1547 642 quisque
1577 577 1693 624 dum
1739 594 1766 624 a
1795 577 2002 641 quodam
2022 594 2179 625 amore
2208 577 2412 638 ducitur,

389 661 670 710 quocunque
692 643 908 702 aufertur,
944 646 1059 694 dum
1084 644 1299 709 sequitur,
1334 644 1531 692 liberum
1569 656 1719 709 putat,
1744 643 1820 691 sed
1852 644 1954 691 sunt
1970 645 2182 692 diabolici
2215 646 2411 710 spirituS,

392 713 439 760 in
484 728 688 777 quorum
727 711 955 760 consortio
991 714 1043 760 &5
1087 711 1212 776 quasi
1252 723 1452 759 torrente
1490 709 1571 768 est,
1619 711 1703 776 qui
1748 709 1957 758 auferunt
1990 727 2115 769 eum,
2161 711 2248 760 hoc
2281 725 2415 777 putat

389 779 535 828 homo
568 779 856 828 liberrimum
893 778 998 836 effe,
1032 777 1083 826 &
1113 779 1307 842 quidem
1339 780 1387 826 in
1429 790 1629 836 tantum,
1666 790 1720 825 ut
1758 778 1929 834 credat,
1966 778 1998 824 fi
2038 781 2292 842 privaretur
2324 779 2411 827 hoc

389 846 521 903 statu,
557 846 686 911 quod
709 847 757 894 in
777 847 924 894 vitam
947 843 1245 894 miserrimam
1286 846 1478 902 veniret,
1514 847 1611 893 imo
1634 845 1760 909 quod
1789 860 1882 892 non
1906 846 1953 891 in
1977 844 2176 908 aliquam
2196 868 2211 902 3
2247 848 2296 893 δε
2322 846 2410 894 hoc

391 930 484 961 non
508 912 655 962 solum
678 929 736 960 ex
757 928 831 970 eo,
867 910 997 976 quod
1022 911 1185 959 nesciat
1212 911 1307 959 dari
1327 912 1462 960 aliam
1485 913 1647 969 vitam,
1683 911 1760 959 sed
1800 913 1936 959 etiam
1977 927 2035 958 ex
2059 928 2132 968 eo,
2167 912 2296 976 quod
2321 914 2408 960 im-

390 982 631 1044 pressiones
648 979 918 1045 captaverit,
954 979 1083 1043 quod
1104 995 1243 1026 nemo
1279 981 1327 1027 in
1350 979 1527 1027 coelum
1569 979 1721 1026 venire
1751 981 1903 1042 poffit,
1939 978 2022 1026 nisi
2066 994 2149 1042 per
2194 978 2407 1037 miseriaS,

389 1060 719 1112 paupertatem,
753 1047 804 1094 ὅτ
827 1045 1121 1110 voluptatum
1144 1046 1421 1110 privationes
1438 1068 1461 1103 ·,·
1489 1045 1563 1094 sed
1587 1045 1713 1111 quod
1738 1045 1827 1093 hoc
1849 1043 2012 1093 falsum
2030 1045 2101 1102 sit,
2138 1062 2164 1092 a
2188 1046 2310 1110 pluri
2332 1063 2412 1094 ex-

388 1116 604 1178 perientia
634 1113 748 1161 mihi
785 1111 894 1160 scire
924 1113 1085 1160 datum
1126 1112 1206 1171 est,
1242 1114 1305 1162 de
1337 1129 1429 1178 qua
1460 1114 1753 1179 experientia,
1789 1129 1846 1160 ex
1885 1112 2060 1160 Divina
2080 1114 2276 1161 Domini
2312 1113 2408 1160 Mi-

387 1181 638 1238 sericordia,
673 1182 722 1228 in
745 1178 1048 1244 sequentibus.
1118 1181 1291 1229 Homo
1323 1180 1546 1245 nusquam
1586 1181 1633 1228 in
1673 1180 1839 1228 statum
1864 1180 2077 1228 libertatis
2108 1182 2252 1238 venit,
2287 1193 2411 1228 ante·

385 1264 525 1312 quam
550 1259 833 1312 regeneratus
853 1246 933 1304 est,
968 1248 1019 1295 &
1056 1264 1138 1314 per
1161 1263 1367 1296 amorem
1399 1247 1507 1296 boni
1531 1248 1582 1296 δε
1606 1250 1702 1295 veri
1725 1248 1912 1295 ducitur
1933 1264 1958 1294 a
1979 1248 2206 1305 Domino,
2242 1249 2289 1295 in
2313 1263 2408 1311 quo

384 1315 497 1365 statu
521 1331 631 1379 cum
654 1314 735 1371 est,
771 1326 882 1362 tunc
906 1316 1112 1378 primum
1137 1314 1246 1363 scire
1269 1315 1319 1364 δε
1344 1316 1576 1380 percipere
1599 1315 1764 1378 potest,
1789 1315 1903 1379 quid
1927 1314 2141 1372 liberum,
2166 1317 2273 1379 quia
2295 1327 2407 1363 tunc

383 1383 497 1447 quid
519 1383 631 1440 vita,
667 1382 718 1430 δε
741 1381 856 1446 quid
881 1383 1130 1430 vera-vitae·
1149 1379 1434 1445 jucunditas,
1470 1384 1526 1430 δε·
1561 1382 1675 1446 quid
1710 1380 1913 1439 felicitaS,
1967 1384 2094 1446 prius
2133 1398 2190 1429 ne
2214 1383 2407 1446 quidem

386 1451 468 1498 scit
490 1449 605 1514 quid
631 1448 823 1506 bonum,
859 1449 907 1496 id
930 1449 1221 1514 quandoque·
1249 1449 1486 1498 summum
1527 1448 1702 1497 bonum
1726 1454 1862 1497 vocat
1894 1449 2023 1514 quod
2047 1448 2284 1496 summum
2308 1465 2406 1497 ma·

383 1517 511 1566 lum:
547 1518 629 1582 qui
652 1517 700 1564 in
724 1516 838 1564 statu
862 1515 1079 1564 libertatis
1102 1533 1128 1564 a
1149 1517 1360 1565 Domino
1390 1516 1509 1575 sunt,
1545 1532 1655 1564 cum
1679 1516 1856 1574 vident,
1893 1517 2043 1580 magis
2066 1532 2176 1563 cum
2209 1515 2406 1564 sentiunt

380 1586 528 1632 vitam
551 1583 859 1649 cupiditatum
888 1584 939 1632 δι
971 1581 1232 1642 falsitatum,
1268 1587 1332 1632 ita
1364 1601 1469 1632 eam
1501 1583 1760 1640 abhorrent,
1794 1583 2021 1649 ficutqui
2048 1581 2278 1631 infernum
2302 1596 2406 1632 ante

381 1652 540 1700 oculos
562 1662 773 1716 apertum
795 1650 983 1699 vident:
1018 1650 1094 1698 sed
1115 1652 1584 1715 quiaignotiffimum
1604 1650 1827 1715 plerisque
1849 1651 1930 1707 est,
1966 1651 2085 1715 quid·
2103 1653 2199 1698 vita
2221 1650 2402 1699 liberta-

381 1722 456 1775 tis,
491 1718 598 1766 licet
619 1717 689 1765 his
712 1719 866 1782 paucis
905 1717 1074 1775 dicere,
1109 1717 1224 1781 quid
1248 1718 1318 1775 sir,
1355 1734 1524 1782 nempe
1543 1718 1672 1782 quod
1692 1718 1789 1766 vita
1826 1717 2060 1775 libertatis,
2096 1716 2169 1764 seu
2202 1716 2400 1775 libertas»,

382 1785 678 1833 solummodo
717 1784 916 1831 sit-‘duci
940 1799 966 1830 a
987 1780 1211 1834 Domino.
1283 1785 1372 1831 Sed
1396 1786 1503 1848 quia
1526 1784 1659 1849 plura
1688 1783 1806 1841 sunt,
1842 1801 1951 1848 quae
1982 1785 2255 1842 obveniunt,
2287 1785 2401 1849 quin

382 1853 527 1906 homo
550 1850 731 1899 credere
769 1851 919 1912 poffit,
954 1849 1083 1913 quod
1117 1851 1312 1898 illavita
1334 1851 1388 1898 fit
1405 1874 1407 1877 ·
1426 1852 1522 1899 vita
1555 1851 1786 1907 libertatis,
1838 1864 1935 1898 tam
1981 1853 2089 1916 quia
2130 1853 2401 1900 tentationes

381 1919 588 1976 subeunt,
625 1933 733 1981 quae
755 1916 875 1964 fiunt
907 1916 1189 1975 abcausam,
1225 1930 1278 1964 ut
1301 1917 1554 1966 liberentur
1580 1935 1605 1965 a
1627 1918 1836 1966 dominio
1875 1918 2116 1984 spirituum
2150 1917 2399 1966 diabolico·

381 2002 485 2034 rum
510 2007 524 2041 ;
558 2000 698 2049 quam
721 1984 830 2047 quia
861 1983 1099 2031 non-aliud
1117 1982 1381 2048 jucundum
1427 1987 1478 2033 δε
1520 1984 1694 2032 bonum
1720 1998 1889 2032 norunt
1926 2001 2067 2050 quam
2091 1987 2400 2048 cupiditatum
2475 2033 2480 2036 .

379 2069 438 2101 ex
469 2067 623 2099 amore
668 2049 735 2098 sui
780 2051 832 2098 ὅτ
866 2051 1065 2107 mundi,
1117 2064 1220 2099 tum
1260 2054 1397 2100 etiam
1436 2053 1543 2116 quia
1580 2050 1735 2100 falsam
1782 2053 2046 2116 opinionem
2094 2065 2402 2116 conceperunt

379 2120 438 2168 de
459 2118 675 2167 omnibus
698 2133 805 2181 quae
828 2116 931 2165 sunt
953 2118 1066 2165 vitae
1088 2118 1298 2174 coelestis,
1333 2134 1471 2183 quare
1514 2135 1608 2166 non
1646 2118 1830 2183 poffunt
1874 2136 1955 2182 per
1977 2118 2297 2183 descriptiones
2338 2121 2401 2167 ita

377 2186 564 2244 erudiri,
599 2200 739 2249 quam
776 2201 859 2248 per
896 2185 1023 2232 vivas
1060 2187 1369 2250 experientias,
1404 2186 1527 2244 ideo,
1562 2202 1620 2233 ex
1654 2187 1828 2234 Divina
1840 2187 2044 2235 'Domini
2068 2185 2397 2243 Misericordia,

380 2257 427 2301 in
451 2251 735 2316 sequentibus
759 2252 855 2299 illas
878 2251 983 2299 licet
1006 2252 1242 2300 adducere.

451 2326 560 2383 893.
596 2316 739 2365 Vers:
779 2336 853 2381 13.
892 2321 959 2368 Et
982 2319 1156 2382 fastum
1186 2322 1242 2371 in‘
1262 2322 1416 2383 primo
1447 2320 1503 2369 &³
1530 2320 1819 2384 fixcentestmo
1858 2337 1986 2377 anno,
2020 2322 2067 2366 in
2094 2322 2310 2383 principio
2349 2322 2414 2368 in³

371 2388 511 2449 primo
535 2385 693 2445 menfis,
718 2396 924 2432 aruerunt
951 2403 1076 2450 aquae
1109 2387 1442 2451 de’fitpertma,
1478 2387 1534 2437 &
1572 2391 1754 2435 removit
1778 2388 1937 2437 Nouch
1975 2392 2130 2435 teblum
2155 2390 2300 2444 Arcae,
2337 2386 2396 2438 ὃ
2404 2393 2421 2403 ”

378 2453 511 2509 vidit,
548 2451 603 2500 ξεῖ
626 2468 715 2498 ecce
735 2452 938 2512 arefaHae
966 2454 1072 2515 sunt
1098 2456 1241 2516 facies
1274 2455 1407 2502 humi.
1480 2455 1627 2519 Quod
1651 2453 1822 2502 faetum
1847 2457 1894 2502 in
1918 2457 2071 2518 primo
2094 2455 2143 2502 δε
2168 2453 2394 2502 sexcente-

378 2520 494 2567 fimo
522 2534 658 2575 anno,
709 2517 964 2581 significant
1002 2520 1253 2568 terminum
1290 2522 1541 2570 ultimum:
1593 2520 1639 2568 in
1674 2523 1899 2585 principio
1935 2523 1982 2568 in
2020 2522 2175 2586 primo
2213 2521 2392 2578 mensis,

378 2586 634 2649 significant
658 2586 908 2632 terminum
929 2586 1166 2648 primum:
1202 2602 1416 2635 aruerunt
1447 2604 1579 2650 aquae
1608 2587 1797 2652 desuper
1818 2602 1949 2645 terra,
1985 2588 2240 2652 significant
2263 2587 2391 2651 quod

375 2651 581 2701 falsitates
604 2663 714 2699 tunc
744 2667 836 2699 non
867 2664 1160 2715 apparerent:
1208 2654 1258 2700 δε
1283 2656 1483 2701 removit
1506 2654 1673 2701 Noach
1695 2656 1870 2702 tecitum
1907 2671 2024 2702 arcae
2056 2656 2107 2702 ὅτ
2131 2655 2266 2710 vidit,
2302 2655 2391 2717 fig·

378 2720 564 2768 nificant
591 2719 776 2766 remotis
805 2716 923 2765 falfis
946 2718 1097 2765 lucem
1121 2720 1368 2766 veritatum
1402 2720 1528 2776 fidei,
1564 2737 1677 2784 quas
1709 2723 1915 2784 agnovit,
1953 2723 2002 2769 &
2039 2721 2204 2783 quibus
2244 2720 2387 2768 fidem

376 2786 566 2839 habuit:
598 2786 648 2833 &
688 2801 792 2833 ecce
828 2783 1031 2833 arefaCtae
1056 2783 1158 2832 sunt
1181 2784 1316 2833 facies
1351 2786 1500 2843 humi,
1536 2786 1791 2850 significant
1832 2790 2234 2851 regenerationem.

446 2852 594 2917 Qod
632 2851 806 2900 fafitum
841 2853 887 2899 in
924 2854 1079 2915 primo
1102 2854 1152 2899 δε
1190 2852 1511 2912 sexcentesimo
1549 2869 1669 2900 anno
1704 2853 1959 2917 significent
1998 2856 2250 2901 terminum
2282 2853 2390 2901 ulti-

378 2934 526 2972 mum,
561 2918 732 2966 constat
770 2935 828 2966 ex
866 2919 1195 2983 significatione
1235 2922 1415 2967 numeri
1456 2920 1724 2977 sexcenteni,
1779 2921 1835 2968 de
1872 2937 1966 2984 quo
2003 2925 2050 2968 in
2090 2923 2211 2986 Cap:
2237 2938 2385 2985 praec:

377 2982 506 3032 vers:
531 2984 578 3039 6,
614 3000 664 3032 n:
695 3000 807 3049 737,
847 2986 974 3048 quod
994 2986 1048 3033 s1t
1070 2987 1369 3050 principium,
1405 2989 1455 3035 ὅτ
1478 2986 1666 3050 quidem
1690 2987 1769 3043 ibi,
1806 2988 2086 3052 principium
2110 2990 2386 3044 tentationis,

377 3050 480 3096 finis
517 3047 613 3113 ejus
651 3049 911 3114 designatur
948 3069 1036 3116 per—
1067 3054 1266 3101 eundem
1294 3070 1558 3110 numerum,
1610 3053 1828 3106 transaCto
1867 3056 2048 3119 integro
2081 3072 2216 3111 anno,
2251 3056 2311 3102 fic
2336 3068 2388 3102 ut

375 3116 547 3164 saelum
569 3117 616 3162 in
640 3115 730 3162 fine
754 3120 874 3173 anni,
909 3126 1046 3182 quare
1069 3121 1205 3167 etiam
1230 3118 1456 3183 adjicitur,
1492 3120 1620 3184 quod
1650 3123 1697 3168 in
1737 3123 1964 3186 principio
1997 3124 2043 3168 in
2081 3124 2233 3184 primo
2257 3138 2385 3169 men-

374 3184 447 3239 fis,
484 3198 580 3245 quo
617 3181 895 3244 significatur
930 3187 1149 3232 terminus
1172 3189 1362 3250 primus.
1434 3189 1559 3235 Tota
1581 3188 1729 3251 aliqua
1751 3189 1967 3252 periodus
1991 3190 2036 3235 in
2059 3189 2216 3235 Verbo
2239 3188 2385 3249 desig-

374 3263 506 3298 natur
528 3248 602 3294 vel
633 3263 714 3310 per
736 3247 876 3304 diem,
911 3251 987 3296 vel
1017 3267 1099 3313 per
1132 3252 1445 3316 septimanam,
1497 3254 1571 3301 vel
1607 3271 1689 3317 per
1712 3255 1930 3312 mensem,
1968 3255 2042 3301 vel
2081 3272 2161 3317 per
2192 3268 2382 3309 annum,

372 3317 471 3365 imo
492 3315 526 3364 fi
550 3314 623 3363 vel
648 3311 765 3376 foret
803 3327 991 3363 centum
1012 3329 1089 3365 aut
1114 3319 1237 3367 mille
1261 3335 1505 3377 annorum,
1554 3321 1668 3368 ficut
1705 3320 1801 3368 dies
1835 3324 1883 3368 in
1917 3322 2079 3368 Primo
2102 3321 2262 3382 Capizc
2288 3320 2382 3365 Ge·

2219 3384 2369 3433 neseos
