2788 3736
660 270 1002 354 CAPUT
1050 213 1535 336 DECIMUM
1581 264 2122 357 QJARTUMi
2232 273 2371 361 56⁷

347 416 494 474 diunt,
562 413 739 461 Omnia
759 427 868 475 qu‘e
888 410 937 458 in
959 408 1168 458 Externo
1189 407 1422 465 Homine,
1457 417 1700 472 antequam
1721 406 1796 455 hie
1819 407 2030 456 liberatus
2051 405 2118 455 est
2137 405 2190 468 δε
2213 408 2368 457 vindi-

347 497 489 540 catus,
525 479 742 530 dicuntur
764 478 896 535 servi,
931 493 1041 525 nam
1065 493 1160 526 non
1193 476 1321 524 aliter
1351 491 1405 524 ac
1430 474 1654 524 obediunt
1681 476 1920 532 Interiori;
1957 488 2010 524 ut
2031 490 2118 539 pro
2132 476 2385 540 exemplo,

346 550 470 616 apud
493 548 781 598 Exteriorem
798 546 1039 594 hominem
1063 544 1168 593 sunt
1183 543 1440 593 affeffiones
1471 543 1523 591 &
1546 542 1649 592 sunt
1671 541 1929 601 scientifica,
1963 543 2056 591 illae
2079 541 2182 589 sunt
2203 559 2262 590 ex-
2284 543 2368 591 bo-

346 619 415 667 nis
432 617 658 666 Hominis
677 614 923 671 interioris,
947 612 1048 660 haec
1072 611 1176 661 sunt
1189 627 1249 660 ex
1263 612 1382 659 veris
1396 607 1630 676 eJusdem3
1666 627 1776 659 cum
1800 624 1998 674 aguntur
2022 622 2074 658 ut
2096 622 2369 659 concurrant

347 701 456 732 cum
473 683 681 745 Interiori
704 682 935 739 Homine,
971 680 1191 728 dicuntur
1219 675 1384 728 servire
1416 680 1465 726 δι
1489 676 1677 726 obedire
1697 701 1712 734 ;
1746 693 1885 742 quare
1907 678 1982 726 hic
2003 693 2085 743 per
2107 676 2257 726 servos
2274 693 2369 727 non

346 751 430 799 alia
461 750 792 815 significantur,
826 763 968 813 quam
1000 763 1109 811 quae
1147 746 1452 799 obediverunt
1482 746 1532 793 in
1554 745 1762 793 Externo
1778 746 2006 794 Homine.

419 835 558 883 1714.
595 817 743 883 Qod
767 817 981 880 percussit
1002 831 1097 873 eos,
1132 814 1357 880 significet
1378 813 1755 870 vindicationem,
1791 812 1992 862 constare
2023 811 2175 877 potest
2207 827 2266 861 ex
2297 809 2365 862 se-

348 885 429 944 rie,
464 886 516 934 &
540 884 705 948 absque
726 883 1041 949 explicatione.
1547 911 1550 912 ν
2364 885 2366 889 ’

419 968 560 1017 1715.
595 952 663 1000 Et
685 950 981 1015 persequutus
1011 949 1077 998 est
1106 965 1183 998 eos
1199 947 1343 1013 usque
1377 948 1437 997 ad
1466 946 1695 1005 Chobam,
1730 961 1839 1011 quae
1871 962 1898 992 a
1931 945 2100 994 sinistra
2114 945 2362 1005 Damasco,

344 1019 475 1084 quod
497 1018 722 1082 significet
743 1018 1051 1067 extensionem
1087 1015 1340 1081 quousque,
1376 1014 1580 1063 constare
1616 1013 1764 1078 potest
1790 1029 1816 1060 a
1837 1012 2161 1076 significatione
2184 1013 2365 1061 Chobae

342 1102 451 1150 quae
482 1102 509 1133 a
531 1084 702 1133 sinistra
721 1084 948 1133 Damasco
969 1107 986 1141 3
1020 1083 1101 1131 ubi
1125 1083 1306 1140 Choba,
1341 1098 1435 1131 non
1458 1081 1612 1139 scitur,
1647 1081 1756 1145 quia
1778 1080 1975 1144 amplius
2007 1096 2099 1128 non
2134 1096 2362 1128 memora-

342 1165 418 1202 tur
442 1155 489 1202 in
511 1152 684 1208 Verb0,
720 1151 796 1198 sed
818 1149 1070 1198 Damascus
1106 1159 1201 1197 erat
1235 1148 1344 1197 urbs
1383 1148 1645 1214 principalis
1674 1149 1838 1211 Syriae,
1879 1159 1932 1195 ut
1951 1147 2125 1195 constat
2160 1164 2201 1193 11
2223 1148 2361 1195 Sam:

341 1234 441 1268 v111
466 1238 478 1268 :
503 1235 552 1282 5,
579 1219 625 1266 6.
661 1215 794 1265 Esai:
819 1233 896 1264 vn
919 1235 930 1265 z
960 1221 1003 1265 8.
1040 1231 1123 1279 per
1143 1231 1285 1280 quam
1321 1232 1465 1278 paene
1504 1216 1628 1262 idem
1660 1215 1940 1278 significatur
1968 1230 2020 1262 ac
2057 1231 2140 1278 per
2163 1214 2363 1277 Syriam,

338 1287 396 1334 de
428 1303 520 1350 qua
541 1285 668 1350 prius
690 1285 820 1349 Cap:
839 1299 885 1331 x.
922 1282 980 1330 ad
995 1281 1125 1331 vers:
1154 1299 1230 1332 22.
1266 1282 1489 1329 terminus
1512 1281 1704 1328 ultimus
1730 1293 1860 1328 terrae
1877 1281 2112 1338 Canaanis,
2152 1280 2227 1328 sed
2244 1281 2364 1329 ultra

337 1352 554 1410 Danem,
574 1349 841 1399 describitur
865 1366 946 1415 per
968 1345 1263 1406 Damascum,
1298 1361 1354 1396 ut
1386 1348 1512 1413 apud
1528 1349 1700 1406 Amos,
1737 1352 1772 1376 ‘⁶
1796 1346 2056 1412 Suscepistis
2076 1346 2269 1396 Siccuth
2293 1363 2364 1394 re-

338 1423 375 1447 “
409 1435 520 1482 gem
549 1416 771 1474 vestrum,
806 1418 857 1466 &
881 1414 1024 1480 Kijun
1057 1417 1278 1479 imagines
1301 1415 1484 1472 vestras,
1520 1414 1696 1462 stellam
1718 1415 1912 1463 deorum
1935 1415 2209 1471 vestrorum,
2245 1429 2363 1478 quos

337 1489 373 1514 ‘⁶
407 1484 573 1534 fecistis
585 1484 750 1541 vobis,
773 1485 822 1532 &
848 1487 1051 1546 migrare.
1073 1480 1236 1529 faciam
1259 1497 1344 1529 vos
1367 1481 1488 1528 ultra
1507 1483 1816 1543 Damascum,”
1841 1497 1902 1530 v:
1929 1487 2009 1539 26,
2038 1497 2115 1546 27·
2141 1484 2363 1528 terminus

337 1562 470 1601 terrae
493 1551 664 1611 sanetae.
687 1549 760 1598 seu
778 1550 936 1614 Regni
957 1549 1154 1597 Domini
1178 1546 1332 1597 versus
1372 1547 1723 1612 septentrionem
1747 1548 1920 1596 dicitur
1939 1563 2126 1612 quoque
2158 1550 2363 1595 terminus

336 1619 563 1683 Damasci,
599 1616 988 1665 Ezech:x1.v11:
1022 1616 1097 1672 16,
1131 1632 1206 1679 17,
1238 1619 1310 1665 18.
1347 1616 1476 1679 Cap:
1497 1631 1701 1663 xtvrnt
1734 1633 1774 1663 1.
1811 1616 1887 1663 hic
1910 1631 2020 1664 cum
2045 1614 2215 1663 dicitur
2231 1614 2362 1678 quod

332 1687 525 1749 percussi
560 1684 612 1731 &
650 1681 885 1746 profugati
910 1681 1052 1745 usque
1075 1682 1132 1729 ad
1155 1681 1368 1730 Chobam
1400 1697 1509 1745 quae
1546 1698 1573 1729 a
1610 1681 1780 1729 finistra
1801 1682 2046 1740 Damasco,
2081 1680 2362 1746 significatur

333 1751 536 1800 extensio
557 1748 794 1815 quousque
810 1750 930 1798 bona
950 1749 1002 1796 &
1025 1764 1131 1796 vera
1145 1749 1405 1813 apparentia
1425 1748 1664 1813 purificata
1685 1747 1819 1804 sunt;
1855 1760 1902 1796 at
1922 1749 2004 1796 nisi
2027 1749 2190 1796 sciatur
2211 1749 2365 1812 qualia

336 1819 412 1865 illa
442 1819 562 1866 bona
599 1819 651 1866 ὅτ
683 1832 792 1864 vera
813 1817 1072 1882 apparentia
1109 1814 1321 1873 fuerunt,
1346 1817 1396 1864 &
1429 1832 1456 1862 a
1476 1815 1645 1879 quibus
1667 1815 1905 1881 purificata
1926 1827 1981 1863 ut
2003 1814 2121 1863 faCta
2142 1817 2364 1879 genuina,

338 1901 431 1932 non
447 1884 666 1951 explicari
698 1883 861 1947 potest,
886 1882 1003 1947 quid
1027 1886 1212 1948 proprie
1250 1882 1325 1930 hic
1364 1881 1634 1947 intelligitur
1669 1899 1751 1947 per
1773 1882 1986 1931 Chobam
2009 1899 2035 1931 a
2072 1881 2242 1931 sinistra
2263 1883 2361 1930 Da-

339 1951 511 2010 masco,
531 1949 695 1998 -solum
718 1951 766 1997 in
788 1966 955 2013 genere
985 1950 1114 2013 quod
1139 1950 1375 2014 purificata
1407 1949 1508 1997 sint.

411 2036 429 2065 1
442 2033 468 2081 7
484 2018 552 2065 26.
590 2016 712 2064 Vers
721 2034 732 2064 :
765 2017 837 2065 16.
875 2018 938 2064 Et
961 2017 1133 2073 reduxit
1157 2033 1312 2065 omnem
1335 2016 1643 2081 acquisitionem
1664 2037 1679 2073 ;
1717 2018 1774 2069 δέ*
1810 2019 1941 2065 et‘iam
1961 2017 2153 2066 Lothum
2167 2015 2362 2078 fratrem

326 2085 473 2149 suum,
502 2085 558 2135 &
582 2083 890 2148 acquisitionem
913 2084 1020 2148 ejus,
1044 2083 1233 2141 reduxtt,
1252 2084 1308 2134 ἐξ
1326 2086 1454 2132 etiam
1471 2083 1663 2132 mulieres
1684 2085 1744 2134 {9²
1754 2085 1976 2147 populum.
2024 2084 2234 2132 Reduxit
2257 2099 2362 2130 om·

335 2166 444 2197 nem
481 2151 845 2217 acquisitionem,
896 2151 1122 2214 significat
1152 2151 1283 2216 quod
1320 2151 1512 2198 Interior
1548 2151 1717 2199 Homo
1756 2152 1936 2215 redegit
1974 2153 2129 2200 omnia
2165 2167 2272 2215 quae
2313 2149 2360 2197 in

333 2216 541 2265 Externo
566 2218 778 2264 Homine
800 2218 848 2264 in
872 2217 1039 2265 statum
1061 2219 1439 2267 convenientem:
1464 2218 1515 2266 &
1536 2218 1672 2265 etiam
1687 2217 1900 2265 Lothum
1923 2216 2108 2266 fratrem
2127 2217 2279 2273 suurn,
2304 2217 2356 2263 ὅτ.

335 2284 679 2346 acquisitionem
709 2280 806 2346 ejus
837 2283 1036 2340 reduxit,
1072 2284 1297 2348 significat
1317 2286 1577 2333 Externum
1604 2285 1882 2342 Hominem,
1918 2286 1968 2334 &
1995 2287 2151 2333 omnia
2173 2299 2280 2348 quae
2303 2282 2359 2330 il-

335 2348 450 2396 lius:
488 2349 699 2397 mulieres
713 2349 764 2396 &
783 2350 1030 2413 populum,
1055 2350 1279 2416 significat
1296 2364 1394 2400 tam
1411 2352 1528 2400 bona
1548 2367 1687 2416 quam
1706 2367 1825 2399 vera·

410 2430 468 2479 17
485 2455 489 2459 .
506 2431 550 2480 7.
588 2415 737 2481 Quod
761 2415 943 2464 reduxit
965 2434 1153 2467 omnem
1178 2419 1538 2484 acquisitionem,
1560 2418 1805 2483 -significet
1829 2418 1957 2483 quod
1980 2419 2174 2467 Interior
2188 2418 2361 2464 Homo

339 2481 518 2544 redegit
550 2482 707 2528 omnia
727 2497 834 2546 quae
858 2484 907 2530 in
922 2483 1130 2532 Externo
1143 2487 1355 2541 Homine
1379 2487 1427 2534 in
1450 2486 1618 2534 statum
1643 2488 2010 2543 convenientem,
2047 2486 2244 2534 constare
2275 2500 2361 2546 po-

339 2547 425 2595 test
456 2564 481 2595 a
509 2547 837 2612 significatione
859 2549 1070 2598 reducere
1094 2567 1283 2599 omnem
1306 2554 1649 2615 acquisitionem
1669 2576 1684 2607 3
1721 2553 1958 2616 acquisitio
1987 2553 2062 2601 hic
2096 2554 2215 2609 sunt,
2252 2566 2359 2614 quae

338 2613 672 2682 Kedorlaomer
695 2619 744 2666 &
769 2631 895 2679 reges
918 2632 1029 2664 cum
1052 2616 1133 2665 illo
1162 2617 1414 2665 sumserunt
1452 2618 1510 2664 ab
1546 2617 1767 2675 hostibus,
1805 2619 1862 2664 de
1900 2619 2068 2682 quibus
2105 2622 2150 2666 in
2186 2633 2359 2680 praece-

342 2680 555 2728 dentibus
575 2704 590 2737 3
626 2698 707 2745 per
729 2683 1133 2731 Kedorlaomerem
1158 2686 1208 2732 δε
1233 2700 1358 2747 reges
1383 2700 1492 2731 cum
1527 2685 1624 2741 illo,
1650 2683 1899 2747 significata
1916 2686 2018 2732 sunt
2043 2687 2158 2732 bona
2181 2686 2231 2732 δε
2252 2700 2362 2732 vera

341 2747 592 2795 Exterioris
608 2749 849 2806 Hominis,
885 2749 1071 2797 illorum
1095 2750 1330 2814 acquisitio
1353 2767 1410 2798 ex
1432 2750 1633 2798 hostibus
1658 2751 1774 2798 nihil
1795 2751 1916 2798 aliud
1942 2751 2046 2808 fuit,
2073 2752 2358 2816 quamquod

339 2815 508 2876 privati
530 2814 617 2861 sint
634 2818 838 2878 potentia
861 2815 1038 2863 malum
1062 2817 1227 2880 agendi
1252 2819 1300 2865 &
1327 2815 1491 2865 falsum
1516 2818 1769 2880 cogitandi,
1807 2818 1936 2882 quod
1960 2819 2265 2881 significatum
2292 2818 2359 2866 est

341 2895 426 2991 {3:32
446 2881 1687 3013 2532323052}:⁸1⁶1.A“<'{32³132<5⁸309⁶1502¹¹}3¹i1¹3²b{¹t?u3{
1706 2884 2363 3016 fississ‘ssusss'ffi‘ssnsszu‘ffisqssl

343 3013 454 3074 poni
478 3011 640 3074 potest,
675 3026 728 3061 ut
750 3012 902 3063 tamen
940 3020 1069 3064 notio
1105 3015 1202 3080 ejus
1227 3017 1458 3075 habeatur,
1496 3017 1595 3065 haec
1619 3017 1739 3073 sint3
1775 3019 1855 3081 qui
1881 3019 1926 3065 in
1952 3021 2122 3083 pugnis
2148 3021 2358 3066 tentatio-

344 3092 459 3123 num
482 3077 562 3133 est,
600 3079 649 3125 &
672 3081 753 3141 qui
776 3083 937 3139 vincit,
974 3083 1050 3131 ille
1073 3083 1155 3131 fibi
1180 3086 1330 3147 mag-is
1355 3087 1405 3133 δε
1429 3087 1574 3147 magis
1599 3086 1793 3149 acquirit
1816 3082 2088 3148 potestatem
2113 3086 2242 3148 super
2259 3101 2358 3132 ma·

344 3142 412 3190 los
436 3141 615 3206 spiritus
640 3143 713 3191 seu
736 3144 867 3209 super
882 3149 1065 3197 turbam
1082 3150 1372 3209 diabolicam,
1412 3151 1552 3215 usque
1576 3151 1760 3206 tandem
1786 3163 1839 3198 ut
1862 3151 1973 3199 nihil
1992 3152 2136 3198 ausint
2154 3163 2320 3197 tentare
2339 3172 2354 3204 3

343 3207 415 3254 sed
443 3211 620 3272 quoties
642 3211 832 3259 Vfflol'ia
851 3211 1107 3271 obtinetur,
1132 3219 1263 3265 toties
1287 3219 1463 3266 reducit
1478 3220 1710 3266 Dominus
1730 3219 1774 3265 in
1795 3219 2002 3265 ordinem
2024 3216 2141 3262 bona
2164 3218 2213 3262 &
2230 3232 2360 3272 vera,

342 3290 399 3348 ex
422 3275 587 3338 quibus
610 3290 891 3339 pugnatum,
921 3279 972 3326 &
995 3279 1056 3328 sic
1090 3284 1221 3331 toties
1245 3286 1544 3348 purificantur
1567 3285 1658 3342 illa,
1695 3286 1744 3333 δι
1779 3296 2004 3347 quantum
2037 3282 2361 3346 Purificantur,

2175 3359 2360 3394 tantum
