<?xml version="1.0" encoding="UTF-8"?>
<!DOCTYPE html PUBLIC "-//W3C//DTD XHTML 1.0 Transitional//EN"
    "http://www.w3.org/TR/xhtml1/DTD/xhtml1-transitional.dtd">
<html xmlns="http://www.w3.org/1999/xhtml" xml:lang="en" lang="en">
 <head>
  <title>
</title>
<meta http-equiv="Content-Type" content="text/html;charset=utf-8" />
  <meta name='ocr-system' content='tesseract 3.04.00' />
  <meta name='ocr-capabilities' content='ocr_page ocr_carea ocr_par ocr_line ocrx_word'/>
</head>
<body>
  <div class='ocr_page' id='page_1' title='image "arcanacaelestiaq01sweduoft_0333.png"; bbox 0 0 2788 3736; ppageno 0'>
   <div class='ocr_carea' id='block_1_1' title="bbox 818 302 2419 391">
    <p class='ocr_par' dir='ltr' id='par_1_1' title="bbox 818 302 2419 391">
     <span class='ocr_line' id='line_1_1' title="bbox 818 302 2419 391; baseline 0.002 -25"><span class='ocrx_word' id='word_1_1' title='bbox 818 302 1300 366; x_wconf 89' lang='lat' dir='ltr'><strong>CAPUT</strong></span> <span class='ocrx_word' id='word_1_2' title='bbox 1393 303 1934 365; x_wconf 87' lang='lat' dir='ltr'>NONUM.</span> <span class='ocrx_word' id='word_1_3' title='bbox 2289 329 2419 391; x_wconf 80' lang='lat'><strong>323</strong></span> 
     </span>
    </p>
   </div>
   <div class='ocr_carea' id='block_1_2' title="bbox 375 436 2481 3414">
    <p class='ocr_par' dir='ltr' id='par_1_2' title="bbox 398 436 2425 838">
     <span class='ocr_line' id='line_1_2' title="bbox 398 436 2423 506; baseline -0.002 -14"><span class='ocrx_word' id='word_1_4' title='bbox 398 443 605 498; x_wconf 66' lang='lat' dir='ltr'><strong>tellectus</strong></span> <span class='ocrx_word' id='word_1_5' title='bbox 625 442 748 490; x_wconf 86' lang='lat' dir='ltr'><strong>enim</strong></span> <span class='ocrx_word' id='word_1_6' title='bbox 774 453 966 489; x_wconf 89' lang='lat' dir='ltr'><strong>vocatur</strong></span> <span class='ocrx_word' id='word_1_7' title='bbox 986 441 1075 498; x_wconf 86' lang='lat' dir='ltr'><strong>vir,</strong></span> <span class='ocrx_word' id='word_1_8' title='bbox 1111 457 1170 488; x_wconf 90' lang='lat' dir='ltr'><strong>n:</strong></span> <span class='ocrx_word' id='word_1_9' title='bbox 1203 444 1311 504; x_wconf 87' lang='lat'>158,</span> <span class='ocrx_word' id='word_1_10' title='bbox 1354 441 1467 502; x_wconf 81' lang='lat'><em>265.</em></span> <span class='ocrx_word' id='word_1_11' title='bbox 1506 439 1555 486; x_wconf 86' lang='lat'>&amp;</span> <span class='ocrx_word' id='word_1_12' title='bbox 1581 436 1715 486; x_wconf 88' lang='lat' dir='ltr'><strong>frater</strong></span> <span class='ocrx_word' id='word_1_13' title='bbox 1741 438 2004 495; x_wconf 87' lang='lat' dir='ltr'><strong>voluntatis,</strong></span> <span class='ocrx_word' id='word_1_14' title='bbox 2041 455 2103 506; x_wconf 53' lang='lat' dir='ltr'><strong>n}</strong></span> <span class='ocrx_word' id='word_1_15' title='bbox 2134 440 2244 504; x_wconf 85' lang='lat'><strong><em>367.</em></strong></span> <span class='ocrx_word' id='word_1_16' title='bbox 2313 441 2423 488; x_wconf 80' lang='lat' dir='ltr'><strong>Ho-</strong></span> 
     </span>
     <span class='ocr_line' id='line_1_3' title="bbox 401 504 2425 573; baseline -0.002 -15"><span class='ocrx_word' id='word_1_17' title='bbox 401 527 484 559; x_wconf 90' lang='lat' dir='ltr'><strong>mo</strong></span> <span class='ocrx_word' id='word_1_18' title='bbox 514 512 562 556; x_wconf 88' lang='lat'>&amp;</span> <span class='ocrx_word' id='word_1_19' title='bbox 587 510 660 556; x_wconf 89' lang='lat' dir='ltr'><strong>vir</strong></span> <span class='ocrx_word' id='word_1_20' title='bbox 683 507 816 556; x_wconf 84' lang='lat' dir='ltr'><strong>frater</strong></span> <span class='ocrx_word' id='word_1_21' title='bbox 834 509 906 555; x_wconf 91' lang='lat' dir='ltr'><strong>hic</strong></span> <span class='ocrx_word' id='word_1_22' title='bbox 927 508 1112 564; x_wconf 91' lang='lat' dir='ltr'><strong>dicitur,</strong></span> <span class='ocrx_word' id='word_1_23' title='bbox 1148 523 1198 554; x_wconf 89' lang='lat' dir='ltr'><strong>ac</strong></span> <span class='ocrx_word' id='word_1_24' title='bbox 1220 509 1283 553; x_wconf 91' lang='lat' dir='ltr'><strong>ita</strong></span> <span class='ocrx_word' id='word_1_25' title='bbox 1304 518 1495 554; x_wconf 74' lang='lat' dir='ltr'><strong>vocatur</strong></span> <span class='ocrx_word' id='word_1_26' title='bbox 1518 504 1733 569; x_wconf 86' lang='lat' dir='ltr'><strong>spurcum</strong></span> <span class='ocrx_word' id='word_1_27' title='bbox 1757 505 2088 564; x_wconf 88' lang='lat' dir='ltr'><strong>voluntarium,</strong></span> <span class='ocrx_word' id='word_1_28' title='bbox 2125 507 2175 554; x_wconf 71' lang='grc' dir='ltr'><strong>δε</strong></span> <span class='ocrx_word' id='word_1_29' title='bbox 2207 505 2425 573; x_wconf 85' lang='lat' dir='ltr'><strong>spurcum</strong></span> 
     </span>
     <span class='ocr_line' id='line_1_4' title="bbox 401 569 2425 639; baseline -0.001 -14"><span class='ocrx_word' id='word_1_30' title='bbox 401 575 720 633; x_wconf 68' lang='lat' dir='ltr'><strong>intelleciuale‚</strong></span> <span class='ocrx_word' id='word_1_31' title='bbox 755 591 812 622; x_wconf 86' lang='lat' dir='ltr'><strong>ex</strong></span> <span class='ocrx_word' id='word_1_32' title='bbox 836 573 963 622; x_wconf 88' lang='lat' dir='ltr'><strong>causa</strong></span> <span class='ocrx_word' id='word_1_33' title='bbox 985 577 1092 639; x_wconf 87' lang='lat' dir='ltr'><strong>quia</strong></span> <span class='ocrx_word' id='word_1_34' title='bbox 1112 574 1187 622; x_wconf 89' lang='lat' dir='ltr'><strong>hic</strong></span> <span class='ocrx_word' id='word_1_35' title='bbox 1212 574 1268 620; x_wconf 93' lang='lat' dir='ltr'><strong>de</strong></span> <span class='ocrx_word' id='word_1_36' title='bbox 1292 572 1648 636; x_wconf 88' lang='lat' dir='ltr'><strong>prophanatione</strong></span> <span class='ocrx_word' id='word_1_37' title='bbox 1674 573 1842 635; x_wconf 86' lang='lat' dir='ltr'><strong>agitur,</strong></span> <span class='ocrx_word' id='word_1_38' title='bbox 1881 569 2011 636; x_wconf 90' lang='lat' dir='ltr'><strong>cujus</strong></span> <span class='ocrx_word' id='word_1_39' title='bbox 2044 573 2221 620; x_wconf 80' lang='lat' dir='ltr'><strong>mentio</strong></span> <span class='ocrx_word' id='word_1_40' title='bbox 2245 574 2295 622; x_wconf 84' lang='lat'>&amp;</span> <span class='ocrx_word' id='word_1_41' title='bbox 2320 574 2425 624; x_wconf 83' lang='lat' dir='ltr'><strong>inde</strong></span> 
     </span>
     <span class='ocr_line' id='line_1_5' title="bbox 403 638 2424 707; baseline -0.001 -16"><span class='ocrx_word' id='word_1_42' title='bbox 403 643 734 707; x_wconf 85' lang='lat' dir='ltr'><strong>repraesentatio</strong></span> <span class='ocrx_word' id='word_1_43' title='bbox 757 658 850 689; x_wconf 91' lang='lat' dir='ltr'><strong>non</strong></span> <span class='ocrx_word' id='word_1_44' title='bbox 874 641 1092 690; x_wconf 87' lang='lat' dir='ltr'><strong>toleratur</strong></span> <span class='ocrx_word' id='word_1_45' title='bbox 1113 641 1160 687; x_wconf 90' lang='lat' dir='ltr'><strong>in</strong></span> <span class='ocrx_word' id='word_1_46' title='bbox 1185 640 1325 696; x_wconf 89' lang='lat' dir='ltr'><strong>coelo,</strong></span> <span class='ocrx_word' id='word_1_47' title='bbox 1360 638 1442 686; x_wconf 52' lang='lat' dir='ltr'><strong>sed*</strong></span> <span class='ocrx_word' id='word_1_48' title='bbox 1477 638 1599 686; x_wconf 85' lang='lat' dir='ltr'><strong>illico</strong></span> <span class='ocrx_word' id='word_1_49' title='bbox 1639 638 1878 696; x_wconf 81' lang='lat' dir='ltr'><strong>resuuitur,</strong></span> <span class='ocrx_word' id='word_1_50' title='bbox 1915 640 2019 686; x_wconf 91' lang='lat' dir='ltr'><strong>ideo</strong></span> <span class='ocrx_word' id='word_1_51' title='bbox 2056 640 2131 687; x_wconf 92' lang='lat' dir='ltr'><strong>hic</strong></span> <span class='ocrx_word' id='word_1_52' title='bbox 2162 651 2255 688; x_wconf 87' lang='lat' dir='ltr'><strong>tam</strong></span> <span class='ocrx_word' id='word_1_53' title='bbox 2290 642 2424 697; x_wconf 86' lang='lat' dir='ltr'><strong>mites</strong></span> 
     </span>
     <span class='ocr_line' id='line_1_6' title="bbox 404 704 2424 772; baseline 0 -16"><span class='ocrx_word' id='word_1_54' title='bbox 404 725 555 765; x_wconf 63' lang='lat' dir='ltr'><strong>voces,</strong></span> <span class='ocrx_word' id='word_1_55' title='bbox 594 722 693 756; x_wconf 83' lang='lat' dir='ltr'><strong>tum</strong></span> <span class='ocrx_word' id='word_1_56' title='bbox 718 724 904 772; x_wconf 86' lang='lat' dir='ltr'><strong>quoque</strong></span> <span class='ocrx_word' id='word_1_57' title='bbox 933 708 1179 755; x_wconf 83' lang='lat' dir='ltr'><strong>verborum</strong></span> <span class='ocrx_word' id='word_1_58' title='bbox 1213 705 1347 770; x_wconf 87' lang='lat' dir='ltr'><strong>hujus</strong></span> <span class='ocrx_word' id='word_1_59' title='bbox 1383 704 1537 753; x_wconf 90' lang='lat' dir='ltr'><strong>versus</strong></span> <span class='ocrx_word' id='word_1_60' title='bbox 1561 704 1808 768; x_wconf 88' lang='lat' dir='ltr'><strong>ambiguus</strong></span> <span class='ocrx_word' id='word_1_61' title='bbox 1838 705 1961 769; x_wconf 89' lang='lat' dir='ltr'><strong>quafi</strong></span> <span class='ocrx_word' id='word_1_62' title='bbox 1998 705 2159 764; x_wconf 88' lang='lat' dir='ltr'><strong>sensus,</strong></span> <span class='ocrx_word' id='word_1_63' title='bbox 2195 718 2249 754; x_wconf 91' lang='lat' dir='ltr'><strong>ut</strong></span> <span class='ocrx_word' id='word_1_64' title='bbox 2271 723 2327 755; x_wconf 92' lang='lat' dir='ltr'><strong>ne</strong></span> <span class='ocrx_word' id='word_1_65' title='bbox 2350 708 2424 756; x_wconf 87' lang='lat' dir='ltr'><strong>vel</strong></span> 
     </span>
     <span class='ocr_line' id='line_1_7' title="bbox 403 774 1546 838; baseline -0.003 -15"><span class='ocrx_word' id='word_1_66' title='bbox 403 776 565 823; x_wconf 83' lang='lat' dir='ltr'>sciatur</span> <span class='ocrx_word' id='word_1_67' title='bbox 588 778 635 823; x_wconf 92' lang='lat' dir='ltr'><strong>in</strong></span> <span class='ocrx_word' id='word_1_68' title='bbox 660 776 799 832; x_wconf 89' lang='lat' dir='ltr'><strong>coelo,</strong></span> <span class='ocrx_word' id='word_1_69' title='bbox 834 774 962 838; x_wconf 90' lang='lat' dir='ltr'><strong>quod</strong></span> <span class='ocrx_word' id='word_1_70' title='bbox 986 774 1089 821; x_wconf 89' lang='lat' dir='ltr'><strong>talia</strong></span> <span class='ocrx_word' id='word_1_71' title='bbox 1110 774 1184 821; x_wconf 91' lang='lat' dir='ltr'><strong>hic</strong></span> <span class='ocrx_word' id='word_1_72' title='bbox 1215 774 1546 820; x_wconf 87' lang='lat' dir='ltr'><strong>contineantur.</strong></span> 
     </span>
    </p>

    <p class='ocr_par' dir='ltr' id='par_1_3' title="bbox 375 837 2481 3410">
     <span class='ocr_line' id='line_1_8' title="bbox 477 837 2421 903; baseline -0.001 -12"><span class='ocrx_word' id='word_1_73' title='bbox 477 847 614 891; x_wconf 87' lang='lat'>1008.</span> <span class='ocrx_word' id='word_1_74' title='bbox 654 843 874 903; x_wconf 78' lang='lat' dir='ltr'><strong>Quaerere</strong></span> <span class='ocrx_word' id='word_1_75' title='bbox 900 843 1098 888; x_wconf 88' lang='lat' dir='ltr'><strong>animam</strong></span> <span class='ocrx_word' id='word_1_76' title='bbox 1122 840 1336 896; x_wconf 89' lang='lat' dir='ltr'><strong>hominis,</strong></span> <span class='ocrx_word' id='word_1_77' title='bbox 1361 839 1490 902; x_wconf 87' lang='lat' dir='ltr'><strong>quod</strong></span> <span class='ocrx_word' id='word_1_78' title='bbox 1522 839 1576 886; x_wconf 89' lang='lat' dir='ltr'><strong>fit</strong></span> <span class='ocrx_word' id='word_1_79' title='bbox 1602 837 1829 886; x_wconf 88' lang='lat' dir='ltr'><strong>vindicare</strong></span> <span class='ocrx_word' id='word_1_80' title='bbox 1846 837 2268 902; x_wconf 75' lang='lat' dir='ltr'><strong>prophanationem,</strong></span> <span class='ocrx_word' id='word_1_81' title='bbox 2311 857 2421 889; x_wconf 89' lang='lat' dir='ltr'><strong>con-</strong></span> 
     </span>
     <span class='ocr_line' id='line_1_9' title="bbox 405 904 2419 972; baseline -0.001 -15"><span class='ocrx_word' id='word_1_82' title='bbox 405 908 490 957; x_wconf 88' lang='lat' dir='ltr'><strong>stat·</strong></span> <span class='ocrx_word' id='word_1_83' title='bbox 510 909 567 956; x_wconf 86' lang='lat' dir='ltr'><strong>ab</strong></span> <span class='ocrx_word' id='word_1_84' title='bbox 591 909 678 957; x_wconf 88' lang='lat' dir='ltr'><strong>illis</strong></span> <span class='ocrx_word' id='word_1_85' title='bbox 701 924 807 972; x_wconf 81' lang='lat' dir='ltr'><strong>quae</strong></span> <span class='ocrx_word' id='word_1_86' title='bbox 831 909 876 955; x_wconf 91' lang='lat' dir='ltr'><strong>in</strong></span> <span class='ocrx_word' id='word_1_87' title='bbox 901 906 1027 954; x_wconf 88' lang='lat' dir='ltr'><strong>versu</strong></span> <span class='ocrx_word' id='word_1_88' title='bbox 1052 907 1355 971; x_wconf 70' lang='lat' dir='ltr'><strong>praecedente,</strong></span> <span class='ocrx_word' id='word_1_89' title='bbox 1391 908 1441 953; x_wconf 84' lang='lat'>&amp;</span> <span class='ocrx_word' id='word_1_90' title='bbox 1481 905 1539 952; x_wconf 91' lang='lat' dir='ltr'><strong>ab</strong></span> <span class='ocrx_word' id='word_1_91' title='bbox 1562 908 1614 953; x_wconf 93' lang='lat' dir='ltr'><strong>iis</strong></span> <span class='ocrx_word' id='word_1_92' title='bbox 1638 921 1745 968; x_wconf 82' lang='lat' dir='ltr'><strong>quae</strong></span> <span class='ocrx_word' id='word_1_93' title='bbox 1785 906 1830 952; x_wconf 90' lang='lat' dir='ltr'><strong>in</strong></span> <span class='ocrx_word' id='word_1_94' title='bbox 1870 904 1958 951; x_wconf 91' lang='lat' dir='ltr'><strong>hoc</strong></span> <span class='ocrx_word' id='word_1_95' title='bbox 1982 905 2111 952; x_wconf 92' lang='lat' dir='ltr'><strong>versu</strong></span> <span class='ocrx_word' id='word_1_96' title='bbox 2142 906 2262 952; x_wconf 70' lang='lat' dir='ltr'><strong>dicta</strong></span> <span class='ocrx_word' id='word_1_97' title='bbox 2283 905 2419 962; x_wconf 86' lang='lat' dir='ltr'><strong>sunt;</strong></span> 
     </span>
     <span class='ocr_line' id='line_1_10' title="bbox 405 971 2422 1039; baseline -0.001 -17"><span class='ocrx_word' id='word_1_98' title='bbox 405 978 557 1039; x_wconf 84' lang='lat' dir='ltr'><strong>agitur</strong></span> <span class='ocrx_word' id='word_1_99' title='bbox 579 977 703 1022; x_wconf 86' lang='lat' dir='ltr'><strong>enim</strong></span> <span class='ocrx_word' id='word_1_100' title='bbox 732 975 791 1021; x_wconf 90' lang='lat' dir='ltr'><strong>de</strong></span> <span class='ocrx_word' id='word_1_101' title='bbox 811 974 886 1022; x_wconf 89' lang='lat' dir='ltr'><strong>esu</strong></span> <span class='ocrx_word' id='word_1_102' title='bbox 917 973 1158 1038; x_wconf 88' lang='lat' dir='ltr'><strong>sanguinis,</strong></span> <span class='ocrx_word' id='word_1_103' title='bbox 1190 989 1285 1036; x_wconf 91' lang='lat' dir='ltr'><strong>quo</strong></span> <span class='ocrx_word' id='word_1_104' title='bbox 1308 972 1556 1035; x_wconf 70' lang='lat' dir='ltr'><strong>significata</strong></span> <span class='ocrx_word' id='word_1_105' title='bbox 1588 971 1651 1018; x_wconf 91' lang='lat' dir='ltr'><strong>est</strong></span> <span class='ocrx_word' id='word_1_106' title='bbox 1680 972 1991 1035; x_wconf 85' lang='lat' dir='ltr'><strong>prophanatio.</strong></span> <span class='ocrx_word' id='word_1_107' title='bbox 2063 972 2197 1036; x_wconf 80' lang='lat' dir='ltr'><strong>Qid</strong></span> <span class='ocrx_word' id='word_1_108' title='bbox 2220 973 2422 1036; x_wconf 82' lang='lat' dir='ltr'><strong>Propha—</strong></span> 
     </span>
     <span class='ocr_line' id='line_1_11' title="bbox 404 1034 2437 1106; baseline -0 -18"><span class='ocrx_word' id='word_1_109' title='bbox 404 1043 543 1098; x_wconf 84' lang='lat' dir='ltr'><strong>natio,</strong></span> <span class='ocrx_word' id='word_1_110' title='bbox 579 1043 712 1106; x_wconf 82' lang='lat' dir='ltr'><strong>pauci</strong></span> <span class='ocrx_word' id='word_1_111' title='bbox 735 1052 921 1098; x_wconf 88' lang='lat' dir='ltr'><strong>norunt,</strong></span> <span class='ocrx_word' id='word_1_112' title='bbox 964 1042 1011 1087; x_wconf 87' lang='lat'>&amp;</span> <span class='ocrx_word' id='word_1_113' title='bbox 1038 1043 1190 1088; x_wconf 91' lang='lat' dir='ltr'><strong>minus</strong></span> <span class='ocrx_word' id='word_1_114' title='bbox 1219 1055 1325 1102; x_wconf 85' lang='lat' dir='ltr'><strong>quae</strong></span> <span class='ocrx_word' id='word_1_115' title='bbox 1364 1035 1459 1102; x_wconf 90' lang='lat' dir='ltr'><strong>ejus</strong></span> <span class='ocrx_word' id='word_1_116' title='bbox 1482 1054 1621 1102; x_wconf 89' lang='lat' dir='ltr'><strong>poena</strong></span> <span class='ocrx_word' id='word_1_117' title='bbox 1642 1037 1699 1085; x_wconf 82' lang='lat' dir='ltr'><strong>sit</strong></span> <span class='ocrx_word' id='word_1_118' title='bbox 1730 1039 1776 1084; x_wconf 92' lang='lat' dir='ltr'><strong>in</strong></span> <span class='ocrx_word' id='word_1_119' title='bbox 1799 1037 1933 1085; x_wconf 86' lang='lat' dir='ltr'><strong>altera</strong></span> <span class='ocrx_word' id='word_1_120' title='bbox 1958 1038 2080 1086; x_wconf 88' lang='lat' dir='ltr'><strong>vita:</strong></span> <span class='ocrx_word' id='word_1_121' title='bbox 2126 1034 2437 1102; x_wconf 75' lang='lat' dir='ltr'><strong>prophanatio</strong></span> 
     </span>
     <span class='ocr_line' id='line_1_12' title="bbox 402 1105 2424 1173; baseline -0.001 -17"><span class='ocrx_word' id='word_1_122' title='bbox 402 1108 468 1156; x_wconf 89' lang='lat' dir='ltr'><strong>est</strong></span> <span class='ocrx_word' id='word_1_123' title='bbox 493 1107 768 1171; x_wconf 70' lang='lat' dir='ltr'><strong>multiple83</strong></span> <span class='ocrx_word' id='word_1_124' title='bbox 804 1108 883 1173; x_wconf 84' lang='lat' dir='ltr'><strong>qni</strong></span> <span class='ocrx_word' id='word_1_125' title='bbox 913 1105 1092 1169; x_wconf 86' lang='lat' dir='ltr'><strong>prorsus</strong></span> <span class='ocrx_word' id='word_1_126' title='bbox 1122 1117 1257 1169; x_wconf 89' lang='lat' dir='ltr'><strong>negat</strong></span> <span class='ocrx_word' id='word_1_127' title='bbox 1282 1105 1489 1153; x_wconf 88' lang='lat' dir='ltr'><strong>veritates</strong></span> <span class='ocrx_word' id='word_1_128' title='bbox 1527 1105 1652 1161; x_wconf 89' lang='lat' dir='ltr'><strong>fidei,</strong></span> <span class='ocrx_word' id='word_1_129' title='bbox 1689 1120 1782 1152; x_wconf 90' lang='lat' dir='ltr'><strong>non</strong></span> <span class='ocrx_word' id='word_1_130' title='bbox 1812 1105 2078 1169; x_wconf 85' lang='lat' dir='ltr'><strong>prophanat,</strong></span> <span class='ocrx_word' id='word_1_131' title='bbox 2115 1105 2228 1152; x_wconf 76' lang='lat' dir='ltr'><strong>sicut</strong></span> <span class='ocrx_word' id='word_1_132' title='bbox 2266 1118 2424 1169; x_wconf 84' lang='lat' dir='ltr'><strong>gentes</strong></span> 
     </span>
     <span class='ocr_line' id='line_1_13' title="bbox 402 1170 2423 1239; baseline -0.001 -17"><span class='ocrx_word' id='word_1_133' title='bbox 402 1191 510 1239; x_wconf 85' lang='lat' dir='ltr'><strong>quae</strong></span> <span class='ocrx_word' id='word_1_134' title='bbox 544 1187 671 1222; x_wconf 80' lang='lat' dir='ltr'><strong>extra</strong></span> <span class='ocrx_word' id='word_1_135' title='bbox 705 1172 973 1229; x_wconf 83' lang='lat' dir='ltr'><strong>Ecclefiam,</strong></span> <span class='ocrx_word' id='word_1_136' title='bbox 1009 1173 1060 1220; x_wconf 90' lang='lat'>&amp;</span> <span class='ocrx_word' id='word_1_137' title='bbox 1098 1185 1224 1220; x_wconf 85' lang='lat' dir='ltr'><strong>extra</strong></span> <span class='ocrx_word' id='word_1_138' title='bbox 1262 1172 1564 1235; x_wconf 88' lang='lat' dir='ltr'><strong>cognitiones,</strong></span> <span class='ocrx_word' id='word_1_139' title='bbox 1598 1173 1802 1228; x_wconf 85' lang='lat' dir='ltr'><strong>vivunt;</strong></span> <span class='ocrx_word' id='word_1_140' title='bbox 1839 1170 1912 1219; x_wconf 92' lang='lat' dir='ltr'><strong>sed</strong></span> <span class='ocrx_word' id='word_1_141' title='bbox 1953 1174 1990 1219; x_wconf 90' lang='lat' dir='ltr'><strong>is</strong></span> <span class='ocrx_word' id='word_1_142' title='bbox 2029 1171 2299 1236; x_wconf 85' lang='lat' dir='ltr'><strong>prophanat,</strong></span> <span class='ocrx_word' id='word_1_143' title='bbox 2342 1175 2423 1236; x_wconf 90' lang='lat' dir='ltr'><strong>qui</strong></span> 
     </span>
     <span class='ocr_line' id='line_1_14' title="bbox 405 1237 2421 1303; baseline -0.001 -15"><span class='ocrx_word' id='word_1_144' title='bbox 405 1257 511 1288; x_wconf 87' lang='lat' dir='ltr'><strong>vera</strong></span> <span class='ocrx_word' id='word_1_145' title='bbox 533 1239 640 1287; x_wconf 80' lang='lat' dir='ltr'><strong>fidei</strong></span> <span class='ocrx_word' id='word_1_146' title='bbox 664 1240 812 1296; x_wconf 84' lang='lat' dir='ltr'><strong>novit,</strong></span> <span class='ocrx_word' id='word_1_147' title='bbox 847 1240 897 1287; x_wconf 72' lang='grc' dir='ltr'><strong>δε</strong></span> <span class='ocrx_word' id='word_1_148' title='bbox 922 1239 1069 1287; x_wconf 90' lang='lat' dir='ltr'><strong>adhuc</strong></span> <span class='ocrx_word' id='word_1_149' title='bbox 1106 1240 1250 1302; x_wconf 89' lang='lat' dir='ltr'><strong>magis</strong></span> <span class='ocrx_word' id='word_1_150' title='bbox 1285 1241 1367 1301; x_wconf 91' lang='lat' dir='ltr'><strong>qui</strong></span> <span class='ocrx_word' id='word_1_151' title='bbox 1390 1238 1608 1302; x_wconf 89' lang='lat' dir='ltr'><strong>agnoscit,</strong></span> <span class='ocrx_word' id='word_1_152' title='bbox 1643 1254 1720 1286; x_wconf 91' lang='lat' dir='ltr'><strong>ore</strong></span> <span class='ocrx_word' id='word_1_153' title='bbox 1749 1237 1851 1295; x_wconf 90' lang='lat' dir='ltr'><strong>fert,</strong></span> <span class='ocrx_word' id='word_1_154' title='bbox 1888 1237 2122 1302; x_wconf 69' lang='lat' dir='ltr'><strong>praedicat,</strong></span> <span class='ocrx_word' id='word_1_155' title='bbox 2160 1240 2209 1286; x_wconf 89' lang='lat'>&amp;</span> <span class='ocrx_word' id='word_1_156' title='bbox 2244 1238 2421 1303; x_wconf 88' lang='lat' dir='ltr'><strong>persua-</strong></span> 
     </span>
     <span class='ocr_line' id='line_1_15' title="bbox 403 1305 2422 1368; baseline -0.001 -14"><span class='ocrx_word' id='word_1_157' title='bbox 403 1307 483 1356; x_wconf 90' lang='lat' dir='ltr'><strong>det</strong></span> <span class='ocrx_word' id='word_1_158' title='bbox 506 1306 615 1359; x_wconf 83' lang='lat' dir='ltr'><strong>aliis,</strong></span> <span class='ocrx_word' id='word_1_159' title='bbox 643 1307 693 1355; x_wconf 77' lang='grc' dir='ltr'><strong>ὅτ</strong></span> <span class='ocrx_word' id='word_1_160' title='bbox 717 1318 867 1353; x_wconf 83' lang='lat' dir='ltr'><strong>tamen</strong></span> <span class='ocrx_word' id='word_1_161' title='bbox 892 1308 938 1353; x_wconf 91' lang='lat' dir='ltr'><strong>in</strong></span> <span class='ocrx_word' id='word_1_162' title='bbox 959 1306 1092 1363; x_wconf 87' lang='lat' dir='ltr'><strong>odiis,</strong></span> <span class='ocrx_word' id='word_1_163' title='bbox 1130 1305 1362 1362; x_wconf 67' lang='lat' dir='ltr'><strong>vindictis,</strong></span> <span class='ocrx_word' id='word_1_164' title='bbox 1404 1305 1682 1361; x_wconf 90' lang='lat' dir='ltr'><strong>crudelitate,</strong></span> <span class='ocrx_word' id='word_1_165' title='bbox 1720 1306 1903 1368; x_wconf 78' lang='lat' dir='ltr'><strong>rapinis,</strong></span> <span class='ocrx_word' id='word_1_166' title='bbox 1939 1307 1989 1354; x_wconf 73' lang='grc' dir='ltr'><strong>δε</strong></span> <span class='ocrx_word' id='word_1_167' title='bbox 2006 1305 2252 1363; x_wconf 86' lang='lat' dir='ltr'><strong>adulteriis,</strong></span> <span class='ocrx_word' id='word_1_168' title='bbox 2287 1307 2422 1363; x_wconf 89' lang='lat' dir='ltr'><strong>vivit,</strong></span> 
     </span>
     <span class='ocr_line' id='line_1_16' title="bbox 403 1371 2425 1437; baseline 0 -16"><span class='ocrx_word' id='word_1_169' title='bbox 403 1374 455 1421; x_wconf 75' lang='grc' dir='ltr'><strong>ὅτ</strong></span> <span class='ocrx_word' id='word_1_170' title='bbox 491 1372 613 1437; x_wconf 91' lang='lat' dir='ltr'><strong>apud</strong></span> <span class='ocrx_word' id='word_1_171' title='bbox 654 1371 696 1420; x_wconf 89' lang='lat' dir='ltr'><strong>se</strong></span> <span class='ocrx_word' id='word_1_172' title='bbox 742 1372 985 1420; x_wconf 87' lang='lat' dir='ltr'><strong>confirmat</strong></span> <span class='ocrx_word' id='word_1_173' title='bbox 1029 1373 1131 1420; x_wconf 84' lang='lat' dir='ltr'><strong>talia</strong></span> <span class='ocrx_word' id='word_1_174' title='bbox 1162 1371 1384 1437; x_wconf 89' lang='lat' dir='ltr'><strong>pluribus,</strong></span> <span class='ocrx_word' id='word_1_175' title='bbox 1420 1388 1528 1436; x_wconf 87' lang='lat' dir='ltr'><strong>quae</strong></span> <span class='ocrx_word' id='word_1_176' title='bbox 1566 1388 1623 1420; x_wconf 85' lang='lat' dir='ltr'><strong>ex</strong></span> <span class='ocrx_word' id='word_1_177' title='bbox 1662 1371 1819 1419; x_wconf 88' lang='lat' dir='ltr'><strong>Verbo</strong></span> <span class='ocrx_word' id='word_1_178' title='bbox 1852 1372 2063 1429; x_wconf 87' lang='lat' dir='ltr'><strong>corradit,</strong></span> <span class='ocrx_word' id='word_1_179' title='bbox 2122 1373 2425 1435; x_wconf 80' lang='lat' dir='ltr'><strong>pervertendo</strong></span> 
     </span>
     <span class='ocr_line' id='line_1_17' title="bbox 403 1437 2423 1503; baseline -0 -15"><span class='ocrx_word' id='word_1_180' title='bbox 403 1440 494 1498; x_wconf 77' lang='lat' dir='ltr'><strong>illa,</strong></span> <span class='ocrx_word' id='word_1_181' title='bbox 530 1440 580 1487; x_wconf 81' lang='grc' dir='ltr'><strong>ὅτ.</strong></span> <span class='ocrx_word' id='word_1_182' title='bbox 614 1439 674 1489; x_wconf 88' lang='lat' dir='ltr'><strong>fic</strong></span> <span class='ocrx_word' id='word_1_183' title='bbox 698 1439 1016 1503; x_wconf 87' lang='lat' dir='ltr'><strong>immergendo</strong></span> <span class='ocrx_word' id='word_1_184' title='bbox 1039 1437 1177 1487; x_wconf 88' lang='lat' dir='ltr'><strong>foedis</strong></span> <span class='ocrx_word' id='word_1_185' title='bbox 1201 1438 1291 1487; x_wconf 90' lang='lat' dir='ltr'><strong>istis</strong></span> <span class='ocrx_word' id='word_1_186' title='bbox 1312 1461 1326 1494; x_wconf 87' lang='lat'>;</span> <span class='ocrx_word' id='word_1_187' title='bbox 1351 1441 1400 1486; x_wconf 77' lang='lat' dir='ltr'><strong>‘is</strong></span> <span class='ocrx_word' id='word_1_188' title='bbox 1421 1438 1485 1487; x_wconf 89' lang='lat' dir='ltr'><strong>est</strong></span> <span class='ocrx_word' id='word_1_189' title='bbox 1507 1440 1588 1503; x_wconf 91' lang='lat' dir='ltr'><strong>qui</strong></span> <span class='ocrx_word' id='word_1_190' title='bbox 1614 1438 1865 1503; x_wconf 81' lang='lat' dir='ltr'><strong>prophanat</strong></span> <span class='ocrx_word' id='word_1_191' title='bbox 1886 1462 1900 1495; x_wconf 79' lang='lat'>3</span> <span class='ocrx_word' id='word_1_192' title='bbox 1937 1438 2036 1486; x_wconf 87' lang='lat' dir='ltr'><strong>haec</strong></span> <span class='ocrx_word' id='word_1_193' title='bbox 2060 1438 2177 1496; x_wconf 77' lang='lat' dir='ltr'><strong>fiint,</strong></span> <span class='ocrx_word' id='word_1_194' title='bbox 2211 1455 2317 1502; x_wconf 85' lang='lat' dir='ltr'><strong>quae</strong></span> <span class='ocrx_word' id='word_1_195' title='bbox 2335 1441 2423 1487; x_wconf 87' lang='lat' dir='ltr'><strong>im-</strong></span> 
     </span>
     <span class='ocr_line' id='line_1_18' title="bbox 404 1502 2421 1570; baseline -0 -16"><span class='ocrx_word' id='word_1_196' title='bbox 404 1508 565 1570; x_wconf 82' lang='lat' dir='ltr'><strong>primis</strong></span> <span class='ocrx_word' id='word_1_197' title='bbox 589 1518 787 1554; x_wconf 87' lang='lat' dir='ltr'><strong>mortem</strong></span> <span class='ocrx_word' id='word_1_198' title='bbox 812 1506 987 1554; x_wconf 81' lang='lat' dir='ltr'><strong>homini</strong></span> <span class='ocrx_word' id='word_1_199' title='bbox 1012 1504 1209 1554; x_wconf 90' lang='lat' dir='ltr'><strong>inferunt</strong></span> <span class='ocrx_word' id='word_1_200' title='bbox 1230 1529 1244 1562; x_wconf 91' lang='lat'>;</span> <span class='ocrx_word' id='word_1_201' title='bbox 1280 1507 1409 1570; x_wconf 91' lang='lat' dir='ltr'><strong>quod</strong></span> <span class='ocrx_word' id='word_1_202' title='bbox 1432 1518 1631 1554; x_wconf 89' lang='lat' dir='ltr'><strong>mortem</strong></span> <span class='ocrx_word' id='word_1_203' title='bbox 1665 1502 1870 1564; x_wconf 85' lang='lat' dir='ltr'><strong>inferant,</strong></span> <span class='ocrx_word' id='word_1_204' title='bbox 1907 1505 2104 1555; x_wconf 87' lang='lat' dir='ltr'><strong>constare</strong></span> <span class='ocrx_word' id='word_1_205' title='bbox 2129 1505 2275 1570; x_wconf 89' lang='lat' dir='ltr'><strong>potest</strong></span> <span class='ocrx_word' id='word_1_206' title='bbox 2300 1507 2421 1563; x_wconf 88' lang='lat' dir='ltr'><strong>inde,</strong></span> 
     </span>
     <span class='ocr_line' id='line_1_19' title="bbox 400 1571 2423 1638; baseline 0 -19"><span class='ocrx_word' id='word_1_207' title='bbox 400 1573 528 1636; x_wconf 91' lang='lat' dir='ltr'><strong>quod</strong></span> <span class='ocrx_word' id='word_1_208' title='bbox 553 1574 600 1621; x_wconf 90' lang='lat' dir='ltr'><strong>in</strong></span> <span class='ocrx_word' id='word_1_209' title='bbox 623 1572 758 1631; x_wconf 77' lang='lat' dir='ltr'><strong>altera</strong></span> <span class='ocrx_word' id='word_1_210' title='bbox 777 1574 887 1630; x_wconf 85' lang='lat' dir='ltr'><strong>vita,</strong></span> <span class='ocrx_word' id='word_1_211' title='bbox 927 1572 1161 1637; x_wconf 87' lang='lat' dir='ltr'><strong>prophana</strong></span> <span class='ocrx_word' id='word_1_212' title='bbox 1195 1574 1246 1621; x_wconf 71' lang='grc' dir='ltr'><strong>δι</strong></span> <span class='ocrx_word' id='word_1_213' title='bbox 1287 1571 1431 1621; x_wconf 67' lang='lat' dir='ltr'><strong>sancta</strong></span> <span class='ocrx_word' id='word_1_214' title='bbox 1469 1571 1648 1638; x_wconf 90' lang='lat' dir='ltr'><strong>prorsus</strong></span> <span class='ocrx_word' id='word_1_215' title='bbox 1671 1571 1867 1637; x_wconf 89' lang='lat' dir='ltr'><strong>separata</strong></span> <span class='ocrx_word' id='word_1_216' title='bbox 1888 1571 1990 1630; x_wconf 80' lang='lat' dir='ltr'><strong>sint,</strong></span> <span class='ocrx_word' id='word_1_217' title='bbox 2027 1573 2260 1637; x_wconf 85' lang='lat' dir='ltr'><strong>prophana</strong></span> <span class='ocrx_word' id='word_1_218' title='bbox 2283 1574 2330 1620; x_wconf 89' lang='lat' dir='ltr'><strong>in</strong></span> <span class='ocrx_word' id='word_1_219' title='bbox 2354 1574 2423 1620; x_wconf 90' lang='lat' dir='ltr'><strong>in-</strong></span> 
     </span>
     <span class='ocr_line' id='line_1_20' title="bbox 402 1637 2423 1703; baseline -0.001 -15"><span class='ocrx_word' id='word_1_220' title='bbox 402 1637 551 1698; x_wconf 88' lang='lat' dir='ltr'><strong>ferno,</strong></span> <span class='ocrx_word' id='word_1_221' title='bbox 586 1641 636 1688; x_wconf 85' lang='lat'>&amp;</span> <span class='ocrx_word' id='word_1_222' title='bbox 660 1639 806 1694; x_wconf 60' lang='lat' dir='ltr'><strong>sancta</strong></span> <span class='ocrx_word' id='word_1_223' title='bbox 829 1641 874 1687; x_wconf 89' lang='lat' dir='ltr'><strong>in</strong></span> <span class='ocrx_word' id='word_1_224' title='bbox 897 1640 1019 1696; x_wconf 80' lang='lat' dir='ltr'><strong>coelo</strong></span> <span class='ocrx_word' id='word_1_225' title='bbox 1039 1662 1054 1696; x_wconf 74' lang='lat'>3</span> <span class='ocrx_word' id='word_1_226' title='bbox 1089 1653 1200 1688; x_wconf 87' lang='lat' dir='ltr'><strong>curn</strong></span> <span class='ocrx_word' id='word_1_227' title='bbox 1221 1640 1321 1687; x_wconf 90' lang='lat' dir='ltr'><strong>talis</strong></span> <span class='ocrx_word' id='word_1_228' title='bbox 1355 1641 1402 1688; x_wconf 92' lang='lat' dir='ltr'><strong>in</strong></span> <span class='ocrx_word' id='word_1_229' title='bbox 1432 1640 1617 1687; x_wconf 85' lang='lat' dir='ltr'><strong>alteram</strong></span> <span class='ocrx_word' id='word_1_230' title='bbox 1641 1640 1786 1688; x_wconf 84' lang='lat' dir='ltr'><strong>vitam</strong></span> <span class='ocrx_word' id='word_1_231' title='bbox 1807 1642 1950 1697; x_wconf 91' lang='lat' dir='ltr'><strong>venit,</strong></span> <span class='ocrx_word' id='word_1_232' title='bbox 1987 1642 2034 1686; x_wconf 89' lang='lat' dir='ltr'><strong>in</strong></span> <span class='ocrx_word' id='word_1_233' title='bbox 2058 1641 2305 1703; x_wconf 80' lang='lat' dir='ltr'><strong>unaquavis</strong></span> <span class='ocrx_word' id='word_1_234' title='bbox 2328 1638 2423 1703; x_wconf 87' lang='lat' dir='ltr'><strong>ejus</strong></span> 
     </span>
     <span class='ocr_line' id='line_1_21' title="bbox 404 1705 2422 1770; baseline -0 -16"><span class='ocrx_word' id='word_1_235' title='bbox 404 1707 692 1770; x_wconf 71' lang='lat' dir='ltr'><strong>cogitationis</strong></span> <span class='ocrx_word' id='word_1_236' title='bbox 735 1706 851 1763; x_wconf 86' lang='lat' dir='ltr'><strong>idea,</strong></span> <span class='ocrx_word' id='word_1_237' title='bbox 886 1706 1088 1754; x_wconf 81' lang='lat' dir='ltr'><strong>similiter</strong></span> <span class='ocrx_word' id='word_1_238' title='bbox 1110 1722 1161 1754; x_wconf 87' lang='lat' dir='ltr'><strong>ac</strong></span> <span class='ocrx_word' id='word_1_239' title='bbox 1187 1707 1233 1753; x_wconf 90' lang='lat' dir='ltr'><strong>in</strong></span> <span class='ocrx_word' id='word_1_240' title='bbox 1258 1708 1461 1770; x_wconf 90' lang='lat' dir='ltr'><strong>corporis</strong></span> <span class='ocrx_word' id='word_1_241' title='bbox 1483 1708 1593 1762; x_wconf 89' lang='lat' dir='ltr'><strong>vita,</strong></span> <span class='ocrx_word' id='word_1_242' title='bbox 1629 1705 1872 1770; x_wconf 86' lang='lat' dir='ltr'><strong>prophanis</strong></span> <span class='ocrx_word' id='word_1_243' title='bbox 1895 1705 2039 1753; x_wconf 63' lang='lat' dir='ltr'><strong>sancta</strong></span> <span class='ocrx_word' id='word_1_244' title='bbox 2061 1705 2184 1753; x_wconf 69' lang='lat' dir='ltr'><strong>adhst</strong></span> <span class='ocrx_word' id='word_1_245' title='bbox 2193 1718 2307 1762; x_wconf 92' lang='lat' dir='ltr'><strong>rent,</strong></span> <span class='ocrx_word' id='word_1_246' title='bbox 2344 1706 2422 1754; x_wconf 89' lang='lat' dir='ltr'><strong>ubi</strong></span> 
     </span>
     <span class='ocr_line' id='line_1_22' title="bbox 405 1771 2420 1836; baseline 0 -16"><span class='ocrx_word' id='word_1_247' title='bbox 405 1784 517 1821; x_wconf 91' lang='lat' dir='ltr'><strong>tunc</strong></span> <span class='ocrx_word' id='word_1_248' title='bbox 555 1789 636 1820; x_wconf 87' lang='lat' dir='ltr'><strong>nec</strong></span> <span class='ocrx_word' id='word_1_249' title='bbox 673 1788 811 1826; x_wconf 86' lang='lat' dir='ltr'><strong>unam</strong></span> <span class='ocrx_word' id='word_1_250' title='bbox 853 1773 1001 1836; x_wconf 75' lang='lat' dir='ltr'><strong>ideam</strong></span> <span class='ocrx_word' id='word_1_251' title='bbox 1042 1771 1176 1823; x_wconf 62' lang='lat' dir='ltr'><strong>sancti</strong></span> <span class='ocrx_word' id='word_1_252' title='bbox 1212 1771 1462 1836; x_wconf 87' lang='lat' dir='ltr'><strong>producere</strong></span> <span class='ocrx_word' id='word_1_253' title='bbox 1501 1771 1663 1835; x_wconf 91' lang='lat' dir='ltr'><strong>potest,</strong></span> <span class='ocrx_word' id='word_1_254' title='bbox 1700 1773 1811 1835; x_wconf 91' lang='lat' dir='ltr'><strong>quin</strong></span> <span class='ocrx_word' id='word_1_255' title='bbox 1842 1771 2134 1836; x_wconf 90' lang='lat' dir='ltr'><strong>prophanum</strong></span> <span class='ocrx_word' id='word_1_256' title='bbox 2169 1772 2420 1829; x_wconf 87' lang='lat' dir='ltr'><strong>adhaerens,</strong></span> 
     </span>
     <span class='ocr_line' id='line_1_23' title="bbox 408 1837 2421 1903; baseline 0 -18"><span class='ocrx_word' id='word_1_257' title='bbox 408 1837 586 1902; x_wconf 90' lang='lat' dir='ltr'><strong>prorsus</strong></span> <span class='ocrx_word' id='word_1_258' title='bbox 616 1838 729 1885; x_wconf 86' lang='lat' dir='ltr'><strong>ficut</strong></span> <span class='ocrx_word' id='word_1_259' title='bbox 756 1839 801 1885; x_wconf 89' lang='lat' dir='ltr'><strong>in</strong></span> <span class='ocrx_word' id='word_1_260' title='bbox 840 1838 955 1885; x_wconf 90' lang='lat' dir='ltr'><strong>clara</strong></span> <span class='ocrx_word' id='word_1_261' title='bbox 984 1838 1074 1895; x_wconf 91' lang='lat' dir='ltr'><strong>die,</strong></span> <span class='ocrx_word' id='word_1_262' title='bbox 1110 1837 1442 1903; x_wconf 87' lang='lat' dir='ltr'><strong>conspiciatur;</strong></span> <span class='ocrx_word' id='word_1_263' title='bbox 1479 1854 1581 1886; x_wconf 88' lang='lat' dir='ltr'><strong>nam</strong></span> <span class='ocrx_word' id='word_1_264' title='bbox 1625 1838 1724 1886; x_wconf 87' lang='lat' dir='ltr'><strong>talis</strong></span> <span class='ocrx_word' id='word_1_265' title='bbox 1748 1839 1981 1901; x_wconf 87' lang='lat' dir='ltr'><strong>perceptio</strong></span> <span class='ocrx_word' id='word_1_266' title='bbox 2004 1838 2209 1888; x_wconf 87' lang='lat' dir='ltr'><strong>idearum</strong></span> <span class='ocrx_word' id='word_1_267' title='bbox 2239 1838 2421 1886; x_wconf 83' lang='lat' dir='ltr'><strong>alterius</strong></span> 
     </span>
     <span class='ocr_line' id='line_1_24' title="bbox 408 1904 2421 1969; baseline 0 -17"><span class='ocrx_word' id='word_1_268' title='bbox 408 1906 455 1952; x_wconf 89' lang='lat' dir='ltr'><strong>in</strong></span> <span class='ocrx_word' id='word_1_269' title='bbox 489 1904 622 1952; x_wconf 88' lang='lat' dir='ltr'><strong>altera</strong></span> <span class='ocrx_word' id='word_1_270' title='bbox 644 1907 739 1953; x_wconf 87' lang='lat' dir='ltr'><strong>vita</strong></span> <span class='ocrx_word' id='word_1_271' title='bbox 755 1904 921 1960; x_wconf 87' lang='lat' dir='ltr'><strong>datur;</strong></span> <span class='ocrx_word' id='word_1_272' title='bbox 957 1906 1018 1952; x_wconf 90' lang='lat' dir='ltr'><strong>ita</strong></span> <span class='ocrx_word' id='word_1_273' title='bbox 1039 1906 1086 1952; x_wconf 91' lang='lat' dir='ltr'><strong>in</strong></span> <span class='ocrx_word' id='word_1_274' title='bbox 1110 1904 1314 1968; x_wconf 78' lang='lat' dir='ltr'><strong>lingulis,</strong></span> <span class='ocrx_word' id='word_1_275' title='bbox 1348 1921 1455 1969; x_wconf 82' lang='lat' dir='ltr'><strong>quae</strong></span> <span class='ocrx_word' id='word_1_276' title='bbox 1477 1906 1666 1968; x_wconf 88' lang='lat' dir='ltr'><strong>cogitat,</strong></span> <span class='ocrx_word' id='word_1_277' title='bbox 1702 1905 1841 1961; x_wconf 84' lang='lat' dir='ltr'><strong>exstat</strong></span> <span class='ocrx_word' id='word_1_278' title='bbox 1872 1905 2188 1968; x_wconf 85' lang='lat' dir='ltr'><strong>prophanatio,</strong></span> <span class='ocrx_word' id='word_1_279' title='bbox 2225 1906 2275 1951; x_wconf 76' lang='grc' dir='ltr'><strong>ὅτ</strong></span> <span class='ocrx_word' id='word_1_280' title='bbox 2312 1907 2421 1968; x_wconf 88' lang='lat' dir='ltr'><strong>quia</strong></span> 
     </span>
     <span class='ocr_line' id='line_1_25' title="bbox 407 1970 2419 2035; baseline 0 -17"><span class='ocrx_word' id='word_1_281' title='bbox 407 1971 584 2018; x_wconf 82' lang='lat' dir='ltr'><strong>coelum</strong></span> <span class='ocrx_word' id='word_1_282' title='bbox 606 1970 758 2018; x_wconf 92' lang='lat' dir='ltr'><strong>horret</strong></span> <span class='ocrx_word' id='word_1_283' title='bbox 780 1971 1206 2034; x_wconf 82' lang='lat' dir='ltr'><strong>prophanationem,</strong></span> <span class='ocrx_word' id='word_1_284' title='bbox 1242 1988 1332 2019; x_wconf 90' lang='lat' dir='ltr'><strong>non</strong></span> <span class='ocrx_word' id='word_1_285' title='bbox 1357 1971 1504 2035; x_wconf 87' lang='lat' dir='ltr'><strong>potest</strong></span> <span class='ocrx_word' id='word_1_286' title='bbox 1527 1971 1670 2028; x_wconf 84' lang='lat' dir='ltr'><strong>aliter,</strong></span> <span class='ocrx_word' id='word_1_287' title='bbox 1711 1987 1853 2035; x_wconf 88' lang='lat' dir='ltr'><strong>quam</strong></span> <span class='ocrx_word' id='word_1_288' title='bbox 1876 1983 1929 2018; x_wconf 89' lang='lat' dir='ltr'><strong>ut</strong></span> <span class='ocrx_word' id='word_1_289' title='bbox 1952 1973 1988 2018; x_wconf 91' lang='lat' dir='ltr'><strong>is</strong></span> <span class='ocrx_word' id='word_1_290' title='bbox 2014 1973 2062 2017; x_wconf 90' lang='lat' dir='ltr'><strong>in</strong></span> <span class='ocrx_word' id='word_1_291' title='bbox 2086 1970 2315 2019; x_wconf 86' lang='lat' dir='ltr'><strong>infernum</strong></span> <span class='ocrx_word' id='word_1_292' title='bbox 2340 1971 2419 2019; x_wconf 90' lang='lat' dir='ltr'><strong>de-</strong></span> 
     </span>
     <span class='ocr_line' id='line_1_26' title="bbox 404 2037 2420 2102; baseline 0 -18"><span class='ocrx_word' id='word_1_293' title='bbox 404 2037 627 2085; x_wconf 86' lang='lat' dir='ltr'><strong>trudatur.</strong></span> <span class='ocrx_word' id='word_1_294' title='bbox 699 2037 958 2096; x_wconf 83' lang='lat' dir='ltr'><strong>Quomodo</strong></span> <span class='ocrx_word' id='word_1_295' title='bbox 983 2037 1026 2094; x_wconf 63' lang='lat' dir='ltr'><strong>se&gt;</strong></span> <span class='ocrx_word' id='word_1_296' title='bbox 1046 2038 1159 2085; x_wconf 86' lang='lat' dir='ltr'><strong>ideae</strong></span> <span class='ocrx_word' id='word_1_297' title='bbox 1184 2037 1364 2094; x_wconf 91' lang='lat' dir='ltr'><strong>habent,</strong></span> <span class='ocrx_word' id='word_1_298' title='bbox 1414 2039 1494 2085; x_wconf 87' lang='lat' dir='ltr'><strong>vix</strong></span> <span class='ocrx_word' id='word_1_299' title='bbox 1527 2037 1687 2102; x_wconf 86' lang='lat' dir='ltr'><strong>aliquis</strong></span> <span class='ocrx_word' id='word_1_300' title='bbox 1725 2039 1873 2094; x_wconf 91' lang='lat' dir='ltr'><strong>novit,</strong></span> <span class='ocrx_word' id='word_1_301' title='bbox 1910 2050 2072 2101; x_wconf 87' lang='lat' dir='ltr'><strong>putant</strong></span> <span class='ocrx_word' id='word_1_302' title='bbox 2107 2038 2191 2085; x_wconf 83' lang='lat' dir='ltr'><strong>effe</strong></span> <span class='ocrx_word' id='word_1_303' title='bbox 2227 2037 2420 2102; x_wconf 76' lang='lat' dir='ltr'><strong>simplex</strong></span> 
     </span>
     <span class='ocr_line' id='line_1_27' title="bbox 403 2101 2419 2169; baseline 0 -17"><span class='ocrx_word' id='word_1_304' title='bbox 403 2103 517 2166; x_wconf 90' lang='lat' dir='ltr'><strong>quid</strong></span> <span class='ocrx_word' id='word_1_305' title='bbox 538 2126 552 2160; x_wconf 88' lang='lat'>;</span> <span class='ocrx_word' id='word_1_306' title='bbox 590 2101 663 2150; x_wconf 91' lang='lat' dir='ltr'><strong>sed</strong></span> <span class='ocrx_word' id='word_1_307' title='bbox 687 2103 734 2155; x_wconf 89' lang='lat' dir='ltr'><strong>in</strong></span> <span class='ocrx_word' id='word_1_308' title='bbox 756 2106 1007 2167; x_wconf 89' lang='lat' dir='ltr'><strong>unaquavis</strong></span> <span class='ocrx_word' id='word_1_309' title='bbox 1030 2105 1130 2152; x_wconf 90' lang='lat' dir='ltr'><strong>idea</strong></span> <span class='ocrx_word' id='word_1_310' title='bbox 1152 2106 1438 2169; x_wconf 85' lang='lat' dir='ltr'><strong>cogitationis</strong></span> <span class='ocrx_word' id='word_1_311' title='bbox 1463 2103 1807 2152; x_wconf 88' lang='lat' dir='ltr'><strong>innumerabilia</strong></span> <span class='ocrx_word' id='word_1_312' title='bbox 1840 2103 1941 2151; x_wconf 91' lang='lat' dir='ltr'><strong>sunt</strong></span> <span class='ocrx_word' id='word_1_313' title='bbox 1978 2103 2281 2151; x_wconf 76' lang='lat' dir='ltr'><strong>diversimode</strong></span> <span class='ocrx_word' id='word_1_314' title='bbox 2308 2120 2419 2153; x_wconf 83' lang='lat' dir='ltr'><strong>con-</strong></span> 
     </span>
     <span class='ocr_line' id='line_1_28' title="bbox 396 2167 2414 2236; baseline 0 -20"><span class='ocrx_word' id='word_1_315' title='bbox 396 2167 571 2234; x_wconf 56' lang='lat' dir='ltr'><strong>juncta,</strong></span> <span class='ocrx_word' id='word_1_316' title='bbox 607 2182 660 2217; x_wconf 92' lang='lat' dir='ltr'><strong>ut</strong></span> <span class='ocrx_word' id='word_1_317' title='bbox 683 2169 738 2216; x_wconf 85' lang='lat' dir='ltr'><strong>fit</strong></span> <span class='ocrx_word' id='word_1_318' title='bbox 758 2170 973 2233; x_wconf 85' lang='lat' dir='ltr'><strong>quaedam</strong></span> <span class='ocrx_word' id='word_1_319' title='bbox 996 2169 1162 2228; x_wconf 89' lang='lat' dir='ltr'><strong>forma,</strong></span> <span class='ocrx_word' id='word_1_320' title='bbox 1196 2172 1247 2219; x_wconf 88' lang='lat'>&amp;</span> <span class='ocrx_word' id='word_1_321' title='bbox 1270 2172 1375 2219; x_wconf 89' lang='lat' dir='ltr'><strong>inde</strong></span> <span class='ocrx_word' id='word_1_322' title='bbox 1397 2172 1520 2236; x_wconf 62' lang='lat' dir='ltr'><strong>pista</strong></span> <span class='ocrx_word' id='word_1_323' title='bbox 1543 2173 1697 2234; x_wconf 88' lang='lat' dir='ltr'><strong>imago</strong></span> <span class='ocrx_word' id='word_1_324' title='bbox 1719 2170 1935 2227; x_wconf 88' lang='lat' dir='ltr'><strong>hominis,</strong></span> <span class='ocrx_word' id='word_1_325' title='bbox 1972 2186 2079 2234; x_wconf 86' lang='lat' dir='ltr'><strong>quae</strong></span> <span class='ocrx_word' id='word_1_326' title='bbox 2102 2183 2195 2218; x_wconf 89' lang='lat' dir='ltr'><strong>tota</strong></span> <span class='ocrx_word' id='word_1_327' title='bbox 2218 2173 2414 2235; x_wconf 90' lang='lat' dir='ltr'><strong>percipi-</strong></span> 
     </span>
     <span class='ocr_line' id='line_1_29' title="bbox 405 2235 2418 2301; baseline 0.001 -19"><span class='ocrx_word' id='word_1_328' title='bbox 405 2248 496 2292; x_wconf 91' lang='lat' dir='ltr'><strong>tur,</strong></span> <span class='ocrx_word' id='word_1_329' title='bbox 531 2249 584 2283; x_wconf 91' lang='lat' dir='ltr'><strong>ut</strong></span> <span class='ocrx_word' id='word_1_330' title='bbox 606 2237 655 2284; x_wconf 74' lang='grc' dir='ltr'><strong>δε</strong></span> <span class='ocrx_word' id='word_1_331' title='bbox 680 2235 953 2300; x_wconf 89' lang='lat' dir='ltr'><strong>conspicitur</strong></span> <span class='ocrx_word' id='word_1_332' title='bbox 991 2239 1038 2284; x_wconf 92' lang='lat' dir='ltr'><strong>in</strong></span> <span class='ocrx_word' id='word_1_333' title='bbox 1077 2237 1210 2285; x_wconf 84' lang='lat' dir='ltr'><strong>altera</strong></span> <span class='ocrx_word' id='word_1_334' title='bbox 1234 2240 1358 2294; x_wconf 76' lang='lat' dir='ltr'><strong>vita3</strong></span> <span class='ocrx_word' id='word_1_335' title='bbox 1394 2250 1446 2286; x_wconf 92' lang='lat' dir='ltr'><strong>ut</strong></span> <span class='ocrx_word' id='word_1_336' title='bbox 1482 2237 1627 2285; x_wconf 90' lang='lat' dir='ltr'><strong>solum</strong></span> <span class='ocrx_word' id='word_1_337' title='bbox 1668 2254 1754 2301; x_wconf 91' lang='lat' dir='ltr'><strong>pro</strong></span> <span class='ocrx_word' id='word_1_338' title='bbox 1789 2237 2024 2300; x_wconf 88' lang='lat' dir='ltr'><strong>exemplis,</strong></span> <span class='ocrx_word' id='word_1_339' title='bbox 2060 2253 2169 2285; x_wconf 88' lang='lat' dir='ltr'><strong>cum</strong></span> <span class='ocrx_word' id='word_1_340' title='bbox 2207 2237 2306 2284; x_wconf 89' lang='lat' dir='ltr'><strong>idea</strong></span> <span class='ocrx_word' id='word_1_341' title='bbox 2328 2237 2418 2285; x_wconf 88' lang='lat' dir='ltr'><strong>loci</strong></span> 
     </span>
     <span class='ocr_line' id='line_1_30' title="bbox 404 2301 2417 2368; baseline 0.001 -19"><span class='ocrx_word' id='word_1_342' title='bbox 404 2301 609 2353; x_wconf 72' lang='lat' dir='ltr'><strong>obvenit,</strong></span> <span class='ocrx_word' id='word_1_343' title='bbox 645 2301 735 2349; x_wconf 86' lang='lat' dir='ltr'><strong>five</strong></span> <span class='ocrx_word' id='word_1_344' title='bbox 759 2305 886 2367; x_wconf 87' lang='lat' dir='ltr'><strong>regio</strong></span> <span class='ocrx_word' id='word_1_345' title='bbox 908 2304 979 2361; x_wconf 87' lang='lat' dir='ltr'><strong>fit,</strong></span> <span class='ocrx_word' id='word_1_346' title='bbox 1015 2303 1106 2352; x_wconf 88' lang='lat' dir='ltr'><strong>five</strong></span> <span class='ocrx_word' id='word_1_347' title='bbox 1130 2305 1253 2362; x_wconf 89' lang='lat' dir='ltr'><strong>urbs,</strong></span> <span class='ocrx_word' id='word_1_348' title='bbox 1291 2305 1381 2352; x_wconf 79' lang='lat' dir='ltr'><strong>sive</strong></span> <span class='ocrx_word' id='word_1_349' title='bbox 1406 2305 1593 2362; x_wconf 89' lang='lat' dir='ltr'><strong>domus,</strong></span> <span class='ocrx_word' id='word_1_350' title='bbox 1629 2317 1741 2352; x_wconf 90' lang='lat' dir='ltr'><strong>tunc</strong></span> <span class='ocrx_word' id='word_1_351' title='bbox 1776 2304 1876 2351; x_wconf 88' lang='lat' dir='ltr'><strong>idea</strong></span> <span class='ocrx_word' id='word_1_352' title='bbox 1914 2305 1963 2351; x_wconf 78' lang='grc' dir='ltr'><strong>ὅτ.</strong></span> <span class='ocrx_word' id='word_1_353' title='bbox 2006 2305 2162 2368; x_wconf 88' lang='lat' dir='ltr'><strong>imago</strong></span> <span class='ocrx_word' id='word_1_354' title='bbox 2185 2305 2417 2361; x_wconf 90' lang='lat' dir='ltr'><strong>omnium,</strong></span> 
     </span>
     <span class='ocr_line' id='line_1_31' title="bbox 406 2367 2415 2436; baseline 0.002 -23"><span class='ocrx_word' id='word_1_355' title='bbox 406 2383 516 2430; x_wconf 80' lang='lat' dir='ltr'><strong>quae</strong></span> <span class='ocrx_word' id='word_1_356' title='bbox 537 2367 728 2431; x_wconf 85' lang='lat' dir='ltr'><strong>usquam</strong></span> <span class='ocrx_word' id='word_1_357' title='bbox 751 2368 814 2416; x_wconf 83' lang='lat' dir='ltr'><strong>ibi</strong></span> <span class='ocrx_word' id='word_1_358' title='bbox 838 2371 1049 2432; x_wconf 88' lang='lat' dir='ltr'><strong>patravit,</strong></span> <span class='ocrx_word' id='word_1_359' title='bbox 1084 2370 1218 2419; x_wconf 84' lang='lat' dir='ltr'><strong>fimul</strong></span> <span class='ocrx_word' id='word_1_360' title='bbox 1241 2371 1413 2436; x_wconf 87' lang='lat' dir='ltr'><strong>prodit,</strong></span> <span class='ocrx_word' id='word_1_361' title='bbox 1448 2388 1554 2436; x_wconf 67' lang='lat' dir='ltr'><strong>quze</strong></span> <span class='ocrx_word' id='word_1_362' title='bbox 1579 2372 1733 2419; x_wconf 86' lang='lat' dir='ltr'><strong>omnia</strong></span> <span class='ocrx_word' id='word_1_363' title='bbox 1757 2369 1936 2434; x_wconf 90' lang='lat' dir='ltr'><strong>spiritus</strong></span> <span class='ocrx_word' id='word_1_364' title='bbox 1974 2371 2024 2418; x_wconf 76' lang='grc' dir='ltr'><strong>δε</strong></span> <span class='ocrx_word' id='word_1_365' title='bbox 2056 2370 2205 2434; x_wconf 86' lang='lat' dir='ltr'><strong>angeli</strong></span> <span class='ocrx_word' id='word_1_366' title='bbox 2225 2370 2415 2418; x_wconf 88' lang='lat' dir='ltr'><strong>vident:</strong></span> 
     </span>
     <span class='ocr_line' id='line_1_32' title="bbox 407 2433 2419 2502; baseline 0.001 -21"><span class='ocrx_word' id='word_1_367' title='bbox 407 2445 485 2481; x_wconf 89' lang='lat' dir='ltr'><strong>aut</strong></span> <span class='ocrx_word' id='word_1_368' title='bbox 520 2433 561 2480; x_wconf 19' lang='lat' dir='ltr'><strong>fir</strong></span> <span class='ocrx_word' id='word_1_369' title='bbox 590 2433 690 2481; x_wconf 81' lang='lat' dir='ltr'><strong>idea</strong></span> <span class='ocrx_word' id='word_1_370' title='bbox 726 2434 943 2497; x_wconf 86' lang='lat' dir='ltr'><strong>personae,</strong></span> <span class='ocrx_word' id='word_1_371' title='bbox 979 2449 1135 2485; x_wconf 90' lang='lat' dir='ltr'><strong>contra</strong></span> <span class='ocrx_word' id='word_1_372' title='bbox 1172 2455 1312 2502; x_wconf 88' lang='lat' dir='ltr'><strong>quem</strong></span> <span class='ocrx_word' id='word_1_373' title='bbox 1351 2436 1512 2485; x_wconf 83' lang='lat' dir='ltr'><strong>odium</strong></span> <span class='ocrx_word' id='word_1_374' title='bbox 1553 2438 1725 2494; x_wconf 86' lang='lat' dir='ltr'><strong>habuit,</strong></span> <span class='ocrx_word' id='word_1_375' title='bbox 1761 2450 1872 2485; x_wconf 91' lang='lat' dir='ltr'><strong>tunc</strong></span> <span class='ocrx_word' id='word_1_376' title='bbox 1903 2437 2003 2484; x_wconf 90' lang='lat' dir='ltr'><strong>idea</strong></span> <span class='ocrx_word' id='word_1_377' title='bbox 2041 2439 2268 2494; x_wconf 89' lang='lat' dir='ltr'><strong>omnium,</strong></span> <span class='ocrx_word' id='word_1_378' title='bbox 2308 2453 2419 2501; x_wconf 84' lang='lat' dir='ltr'><strong>quae</strong></span> 
     </span>
     <span class='ocr_line' id='line_1_33' title="bbox 407 2501 2481 2568; baseline 0.002 -21"><span class='ocrx_word' id='word_1_379' title='bbox 407 2511 564 2547; x_wconf 88' lang='lat' dir='ltr'><strong>contra</strong></span> <span class='ocrx_word' id='word_1_380' title='bbox 587 2515 695 2547; x_wconf 88' lang='lat' dir='ltr'><strong>eum</strong></span> <span class='ocrx_word' id='word_1_381' title='bbox 722 2501 959 2562; x_wconf 83' lang='lat' dir='ltr'><strong>cogitavit,</strong></span> <span class='ocrx_word' id='word_1_382' title='bbox 995 2503 1212 2566; x_wconf 91' lang='lat' dir='ltr'><strong>loquutus</strong></span> <span class='ocrx_word' id='word_1_383' title='bbox 1244 2504 1325 2562; x_wconf 89' lang='lat' dir='ltr'><strong>est,</strong></span> <span class='ocrx_word' id='word_1_384' title='bbox 1360 2505 1412 2553; x_wconf 86' lang='lat'>&amp;</span> <span class='ocrx_word' id='word_1_385' title='bbox 1448 2506 1559 2568; x_wconf 90' lang='lat' dir='ltr'><strong>egit,</strong></span> <span class='ocrx_word' id='word_1_386' title='bbox 1595 2504 1730 2553; x_wconf 80' lang='lat' dir='ltr'><strong>simul</strong></span> <span class='ocrx_word' id='word_1_387' title='bbox 1754 2504 1943 2568; x_wconf 88' lang='lat' dir='ltr'><strong>prodit;</strong></span> <span class='ocrx_word' id='word_1_388' title='bbox 1979 2503 2183 2568; x_wconf 81' lang='lat' dir='ltr'><strong>similiter</strong></span> <span class='ocrx_word' id='word_1_389' title='bbox 2218 2503 2259 2551; x_wconf 92' lang='lat' dir='ltr'><strong>se</strong></span> <span class='ocrx_word' id='word_1_390' title='bbox 2283 2503 2416 2551; x_wconf 92' lang='lat' dir='ltr'><strong>habet</strong></span> <span class='ocrx_word' id='word_1_391' title='bbox 2476 2506 2481 2511; x_wconf 85' lang='grc'><strong>”</strong></span> 
     </span>
     <span class='ocr_line' id='line_1_34' title="bbox 407 2566 2416 2634; baseline 0.001 -20"><span class='ocrx_word' id='word_1_392' title='bbox 407 2581 515 2614; x_wconf 88' lang='lat' dir='ltr'><strong>curn</strong></span> <span class='ocrx_word' id='word_1_393' title='bbox 537 2566 654 2613; x_wconf 88' lang='lat' dir='ltr'><strong>ideis</strong></span> <span class='ocrx_word' id='word_1_394' title='bbox 671 2569 880 2614; x_wconf 89' lang='lat' dir='ltr'><strong>omniurn</strong></span> <span class='ocrx_word' id='word_1_395' title='bbox 901 2583 1071 2626; x_wconf 89' lang='lat' dir='ltr'><strong>rerum,</strong></span> <span class='ocrx_word' id='word_1_396' title='bbox 1106 2586 1213 2632; x_wconf 86' lang='lat' dir='ltr'><strong>quae</strong></span> <span class='ocrx_word' id='word_1_397' title='bbox 1235 2583 1343 2618; x_wconf 87' lang='lat' dir='ltr'><strong>cum</strong></span> <span class='ocrx_word' id='word_1_398' title='bbox 1368 2572 1613 2634; x_wconf 90' lang='lat' dir='ltr'><strong>prodeunt,</strong></span> <span class='ocrx_word' id='word_1_399' title='bbox 1648 2573 1805 2619; x_wconf 88' lang='lat' dir='ltr'><strong>omnia</strong></span> <span class='ocrx_word' id='word_1_400' title='bbox 1825 2570 1876 2618; x_wconf 76' lang='grc' dir='ltr'><strong>δε</strong></span> <span class='ocrx_word' id='word_1_401' title='bbox 1903 2569 2091 2633; x_wconf 78' lang='lat' dir='ltr'><strong>singula,</strong></span> <span class='ocrx_word' id='word_1_402' title='bbox 2126 2586 2233 2633; x_wconf 84' lang='lat' dir='ltr'><strong>quae</strong></span> <span class='ocrx_word' id='word_1_403' title='bbox 2255 2570 2312 2616; x_wconf 91' lang='lat' dir='ltr'><strong>de</strong></span> <span class='ocrx_word' id='word_1_404' title='bbox 2334 2570 2416 2616; x_wconf 89' lang='lat' dir='ltr'><strong>ali-</strong></span> 
     </span>
     <span class='ocr_line' id='line_1_35' title="bbox 375 2634 2415 2699; baseline 0.002 -20"><span class='ocrx_word' id='word_1_405' title='bbox 375 2640 378 2643; x_wconf 76' lang='grc'><strong>’</strong></span> <span class='ocrx_word' id='word_1_406' title='bbox 406 2648 498 2697; x_wconf 88' lang='lat' dir='ltr'><strong>qua</strong></span> <span class='ocrx_word' id='word_1_407' title='bbox 520 2649 584 2686; x_wconf 88' lang='lat' dir='ltr'><strong>re,</strong></span> <span class='ocrx_word' id='word_1_408' title='bbox 620 2634 846 2696; x_wconf 89' lang='lat' dir='ltr'><strong>concepit,</strong></span> <span class='ocrx_word' id='word_1_409' title='bbox 883 2634 933 2680; x_wconf 87' lang='lat'>&amp;</span> <span class='ocrx_word' id='word_1_410' title='bbox 970 2634 1051 2681; x_wconf 91' lang='lat' dir='ltr'><strong>fibi</strong></span> <span class='ocrx_word' id='word_1_411' title='bbox 1088 2636 1322 2698; x_wconf 87' lang='lat' dir='ltr'><strong>impreffit,</strong></span> <span class='ocrx_word' id='word_1_412' title='bbox 1357 2649 1546 2699; x_wconf 86' lang='lat' dir='ltr'><strong>patent;</strong></span> <span class='ocrx_word' id='word_1_413' title='bbox 1582 2650 1635 2684; x_wconf 90' lang='lat' dir='ltr'><strong>ut</strong></span> <span class='ocrx_word' id='word_1_414' title='bbox 1671 2637 1855 2699; x_wconf 87' lang='lat' dir='ltr'><strong>quando</strong></span> <span class='ocrx_word' id='word_1_415' title='bbox 1891 2636 1990 2683; x_wconf 88' lang='lat' dir='ltr'><strong>idea</strong></span> <span class='ocrx_word' id='word_1_416' title='bbox 2029 2634 2248 2699; x_wconf 88' lang='lat' dir='ltr'><strong>conjugii,</strong></span> <span class='ocrx_word' id='word_1_417' title='bbox 2285 2649 2415 2694; x_wconf 90' lang='lat' dir='ltr'><strong>tunc,</strong></span> 
     </span>
     <span class='ocr_line' id='line_1_36' title="bbox 406 2697 2415 2765; baseline 0.001 -19"><span class='ocrx_word' id='word_1_418' title='bbox 406 2699 440 2746; x_wconf 81' lang='lat' dir='ltr'><strong>si</strong></span> <span class='ocrx_word' id='word_1_419' title='bbox 474 2698 650 2747; x_wconf 88' lang='lat' dir='ltr'><strong>adulter</strong></span> <span class='ocrx_word' id='word_1_420' title='bbox 670 2697 774 2755; x_wconf 91' lang='lat' dir='ltr'><strong>fuit,</strong></span> <span class='ocrx_word' id='word_1_421' title='bbox 826 2700 981 2747; x_wconf 84' lang='lat' dir='ltr'><strong>omnia</strong></span> <span class='ocrx_word' id='word_1_422' title='bbox 1015 2700 1173 2764; x_wconf 87' lang='lat' dir='ltr'><strong>spurca</strong></span> <span class='ocrx_word' id='word_1_423' title='bbox 1210 2702 1261 2748; x_wconf 87' lang='lat'>&amp;</span> <span class='ocrx_word' id='word_1_424' title='bbox 1301 2701 1506 2749; x_wconf 86' lang='lat' dir='ltr'><strong>obscaena</strong></span> <span class='ocrx_word' id='word_1_425' title='bbox 1540 2702 1765 2759; x_wconf 88' lang='lat' dir='ltr'><strong>adulterii,</strong></span> <span class='ocrx_word' id='word_1_426' title='bbox 1799 2703 1934 2748; x_wconf 90' lang='lat' dir='ltr'><strong>etiam</strong></span> <span class='ocrx_word' id='word_1_427' title='bbox 1967 2703 2271 2764; x_wconf 89' lang='lat' dir='ltr'><strong>cogitationis,</strong></span> <span class='ocrx_word' id='word_1_428' title='bbox 2306 2718 2415 2765; x_wconf 86' lang='lat' dir='ltr'><strong>pro·</strong></span> 
     </span>
     <span class='ocr_line' id='line_1_37' title="bbox 404 2766 2415 2830; baseline 0.002 -18"><span class='ocrx_word' id='word_1_429' title='bbox 404 2766 571 2821; x_wconf 89' lang='lat' dir='ltr'><strong>deunt;</strong></span> <span class='ocrx_word' id='word_1_430' title='bbox 606 2766 809 2815; x_wconf 60' lang='lat' dir='ltr'><strong>similiner</strong></span> <span class='ocrx_word' id='word_1_431' title='bbox 839 2768 1008 2823; x_wconf 87' lang='lat' dir='ltr'><strong>omnia,</strong></span> <span class='ocrx_word' id='word_1_432' title='bbox 1044 2767 1209 2830; x_wconf 89' lang='lat' dir='ltr'><strong>quibus</strong></span> <span class='ocrx_word' id='word_1_433' title='bbox 1246 2767 1462 2815; x_wconf 89' lang='lat' dir='ltr'><strong>adulteria</strong></span> <span class='ocrx_word' id='word_1_434' title='bbox 1484 2768 1774 2816; x_wconf 79' lang='lat' dir='ltr'><strong>confirmavit</strong></span> <span class='ocrx_word' id='word_1_435' title='bbox 1810 2767 1902 2814; x_wconf 79' lang='lat' dir='ltr'><strong>sive</strong></span> <span class='ocrx_word' id='word_1_436' title='bbox 1922 2783 1979 2815; x_wconf 84' lang='lat' dir='ltr'><strong>ex</strong></span> <span class='ocrx_word' id='word_1_437' title='bbox 2002 2767 2286 2824; x_wconf 77' lang='lat' dir='ltr'><strong>sensualibuS,</strong></span> <span class='ocrx_word' id='word_1_438' title='bbox 2322 2769 2415 2816; x_wconf 86' lang='lat' dir='ltr'><strong>five</strong></span> 
     </span>
     <span class='ocr_line' id='line_1_38' title="bbox 403 2831 2414 2898; baseline 0.002 -20"><span class='ocrx_word' id='word_1_439' title='bbox 403 2847 460 2878; x_wconf 83' lang='lat' dir='ltr'><strong>ex</strong></span> <span class='ocrx_word' id='word_1_440' title='bbox 483 2831 788 2889; x_wconf 88' lang='lat' dir='ltr'><strong>rationalibus,</strong></span> <span class='ocrx_word' id='word_1_441' title='bbox 824 2831 915 2879; x_wconf 87' lang='lat' dir='ltr'><strong>five</strong></span> <span class='ocrx_word' id='word_1_442' title='bbox 938 2848 994 2879; x_wconf 88' lang='lat' dir='ltr'><strong>ex</strong></span> <span class='ocrx_word' id='word_1_443' title='bbox 1017 2833 1187 2890; x_wconf 88' lang='lat' dir='ltr'><strong>Verbo,</strong></span> <span class='ocrx_word' id='word_1_444' title='bbox 1222 2835 1273 2880; x_wconf 76' lang='grc' dir='ltr'><strong>ὅτ</strong></span> <span class='ocrx_word' id='word_1_445' title='bbox 1296 2834 1535 2897; x_wconf 85' lang='lat' dir='ltr'><strong>quomodo</strong></span> <span class='ocrx_word' id='word_1_446' title='bbox 1559 2850 1665 2881; x_wconf 89' lang='lat' dir='ltr'><strong>vera</strong></span> <span class='ocrx_word' id='word_1_447' title='bbox 1688 2833 1828 2881; x_wconf 88' lang='lat' dir='ltr'><strong>Verbi</strong></span> <span class='ocrx_word' id='word_1_448' title='bbox 1851 2833 2118 2894; x_wconf 86' lang='lat' dir='ltr'><strong>adulteravit</strong></span> <span class='ocrx_word' id='word_1_449' title='bbox 2157 2835 2207 2881; x_wconf 74' lang='grc' dir='ltr'><strong>ὅτ</strong></span> <span class='ocrx_word' id='word_1_450' title='bbox 2231 2851 2414 2898; x_wconf 88' lang='lat' dir='ltr'><strong>perver-</strong></span> 
     </span>
     <span class='ocr_line' id='line_1_39' title="bbox 406 2898 2414 2965; baseline 0.002 -22"><span class='ocrx_word' id='word_1_451' title='bbox 406 2898 462 2943; x_wconf 90' lang='lat' dir='ltr'><strong>tit</strong></span> <span class='ocrx_word' id='word_1_452' title='bbox 484 2919 498 2951; x_wconf 86' lang='lat'>;</span> <span class='ocrx_word' id='word_1_453' title='bbox 533 2899 582 2944; x_wconf 72' lang='grc' dir='ltr'><strong>ὅτ</strong></span> <span class='ocrx_word' id='word_1_454' title='bbox 605 2911 835 2961; x_wconf 82' lang='lat' dir='ltr'><strong>praeterea,</strong></span> <span class='ocrx_word' id='word_1_455' title='bbox 870 2899 970 2948; x_wconf 90' lang='lat' dir='ltr'><strong>idea</strong></span> <span class='ocrx_word' id='word_1_456' title='bbox 991 2901 1124 2947; x_wconf 91' lang='lat' dir='ltr'><strong>unius</strong></span> <span class='ocrx_word' id='word_1_457' title='bbox 1149 2901 1210 2947; x_wconf 89' lang='lat' dir='ltr'><strong>rei</strong></span> <span class='ocrx_word' id='word_1_458' title='bbox 1235 2901 1381 2947; x_wconf 89' lang='lat' dir='ltr'><strong>influit</strong></span> <span class='ocrx_word' id='word_1_459' title='bbox 1407 2902 1454 2947; x_wconf 92' lang='lat' dir='ltr'><strong>in</strong></span> <span class='ocrx_word' id='word_1_460' title='bbox 1478 2901 1626 2947; x_wconf 89' lang='lat' dir='ltr'><strong>ide-am</strong></span> <span class='ocrx_word' id='word_1_461' title='bbox 1650 2900 1843 2956; x_wconf 89' lang='lat' dir='ltr'><strong>alterius,</strong></span> <span class='ocrx_word' id='word_1_462' title='bbox 1891 2900 1941 2948; x_wconf 87' lang='lat'>&amp;</span> <span class='ocrx_word' id='word_1_463' title='bbox 1963 2916 2061 2947; x_wconf 85' lang='lat' dir='ltr'><strong>earn</strong></span> <span class='ocrx_word' id='word_1_464' title='bbox 2087 2900 2252 2962; x_wconf 85' lang='lat' dir='ltr'><strong>inficit,</strong></span> <span class='ocrx_word' id='word_1_465' title='bbox 2287 2902 2414 2965; x_wconf 81' lang='lat' dir='ltr'><strong>quasi</strong></span> 
     </span>
     <span class='ocr_line' id='line_1_40' title="bbox 407 2961 2475 3030; baseline 0.003 -22"><span class='ocrx_word' id='word_1_466' title='bbox 407 2961 522 3011; x_wconf 88' lang='lat' dir='ltr'><strong>dum</strong></span> <span class='ocrx_word' id='word_1_467' title='bbox 566 2964 782 3026; x_wconf 80' lang='lat' dir='ltr'><strong>pusillum</strong></span> <span class='ocrx_word' id='word_1_468' title='bbox 820 2965 940 3028; x_wconf 86' lang='lat' dir='ltr'><strong>nigri</strong></span> <span class='ocrx_word' id='word_1_469' title='bbox 979 2967 1027 3013; x_wconf 91' lang='lat' dir='ltr'><strong>in</strong></span> <span class='ocrx_word' id='word_1_470' title='bbox 1079 2982 1243 3030; x_wconf 88' lang='lat' dir='ltr'><strong>aquam</strong></span> <span class='ocrx_word' id='word_1_471' title='bbox 1288 2968 1503 3024; x_wconf 88' lang='lat' dir='ltr'><strong>mittitur,</strong></span> <span class='ocrx_word' id='word_1_472' title='bbox 1540 2967 1660 3020; x_wconf 84' lang='lat' dir='ltr'><strong>unde</strong></span> <span class='ocrx_word' id='word_1_473' title='bbox 1690 2983 1821 3030; x_wconf 88' lang='lat' dir='ltr'><strong>aquae</strong></span> <span class='ocrx_word' id='word_1_474' title='bbox 1867 2966 2084 3015; x_wconf 85' lang='lat' dir='ltr'><strong>volumen</strong></span> <span class='ocrx_word' id='word_1_475' title='bbox 2117 2966 2408 3016; x_wconf 86' lang='lat' dir='ltr'><strong>obscuratur:</strong></span> <span class='ocrx_word' id='word_1_476' title='bbox 2472 3020 2475 3022; x_wconf 59' lang='grc'><strong>,</strong></span> 
     </span>
     <span class='ocr_line' id='line_1_41' title="bbox 403 3029 2409 3098; baseline 0.004 -25"><span class='ocrx_word' id='word_1_477' title='bbox 403 3043 541 3091; x_wconf 85' lang='lat' dir='ltr'><strong>quare</strong></span> <span class='ocrx_word' id='word_1_478' title='bbox 560 3029 846 3092; x_wconf 78' lang='lat' dir='ltr'><strong>cognoscitur</strong></span> <span class='ocrx_word' id='word_1_479' title='bbox 867 3031 1043 3094; x_wconf 87' lang='lat' dir='ltr'><strong>spiritus</strong></span> <span class='ocrx_word' id='word_1_480' title='bbox 1066 3049 1092 3081; x_wconf 86' lang='lat' dir='ltr'><strong>a</strong></span> <span class='ocrx_word' id='word_1_481' title='bbox 1114 3032 1199 3087; x_wconf 86' lang='lat' dir='ltr'><strong>suis</strong></span> <span class='ocrx_word' id='word_1_482' title='bbox 1223 3033 1358 3091; x_wconf 82' lang='lat' dir='ltr'><strong>ideis,</strong></span> <span class='ocrx_word' id='word_1_483' title='bbox 1384 3035 1434 3082; x_wconf 75' lang='grc' dir='ltr'><strong>ὅτ</strong></span> <span class='ocrx_word' id='word_1_484' title='bbox 1458 3034 1585 3097; x_wconf 87' lang='lat' dir='ltr'><strong>quod</strong></span> <span class='ocrx_word' id='word_1_485' title='bbox 1608 3035 1797 3091; x_wconf 86' lang='lat' dir='ltr'><strong>mirum,</strong></span> <span class='ocrx_word' id='word_1_486' title='bbox 1833 3033 1879 3080; x_wconf 83' lang='lat' dir='ltr'><strong>in</strong></span> <span class='ocrx_word' id='word_1_487' title='bbox 1900 3035 2146 3097; x_wconf 88' lang='lat' dir='ltr'><strong>unaquavis</strong></span> <span class='ocrx_word' id='word_1_488' title='bbox 2170 3035 2267 3082; x_wconf 84' lang='lat' dir='ltr'><strong>idea</strong></span> <span class='ocrx_word' id='word_1_489' title='bbox 2299 3033 2409 3098; x_wconf 87' lang='lat' dir='ltr'><strong>ejus,</strong></span> 
     </span>
     <span class='ocr_line' id='line_1_42' title="bbox 405 3093 2411 3164; baseline 0.004 -25"><span class='ocrx_word' id='word_1_490' title='bbox 405 3093 470 3139; x_wconf 90' lang='lat' dir='ltr'><strong>est</strong></span> <span class='ocrx_word' id='word_1_491' title='bbox 492 3095 647 3156; x_wconf 90' lang='lat' dir='ltr'><strong>imago</strong></span> <span class='ocrx_word' id='word_1_492' title='bbox 670 3093 742 3142; x_wconf 88' lang='lat' dir='ltr'><strong>seu</strong></span> <span class='ocrx_word' id='word_1_493' title='bbox 764 3097 935 3159; x_wconf 86' lang='lat' dir='ltr'><strong>effigies</strong></span> <span class='ocrx_word' id='word_1_494' title='bbox 963 3102 1074 3162; x_wconf 74' lang='lat' dir='ltr'><strong>eJus,</strong></span> <span class='ocrx_word' id='word_1_495' title='bbox 1110 3116 1216 3163; x_wconf 72' lang='lat' dir='ltr'><strong>quae</strong></span> <span class='ocrx_word' id='word_1_496' title='bbox 1253 3099 1367 3148; x_wconf 88' lang='lat' dir='ltr'><strong>dum</strong></span> <span class='ocrx_word' id='word_1_497' title='bbox 1394 3098 1556 3157; x_wconf 87' lang='lat' dir='ltr'><strong>fi&#39;stitur</strong></span> <span class='ocrx_word' id='word_1_498' title='bbox 1580 3099 1833 3164; x_wconf 56' lang='lat' dir='ltr'><strong>spectanda,</strong></span> <span class='ocrx_word' id='word_1_499' title='bbox 1869 3099 2209 3153; x_wconf 24' lang='lat' dir='ltr'><strong>tamldeformis</strong></span> <span class='ocrx_word' id='word_1_500' title='bbox 2231 3101 2310 3157; x_wconf 89' lang='lat' dir='ltr'><strong>est,</strong></span> <span class='ocrx_word' id='word_1_501' title='bbox 2359 3114 2411 3148; x_wconf 89' lang='lat' dir='ltr'><strong>ut</strong></span> 
     </span>
     <span class='ocr_line' id='line_1_43' title="bbox 408 3158 2411 3230; baseline 0.004 -25"><span class='ocrx_word' id='word_1_502' title='bbox 408 3158 570 3210; x_wconf 85' lang='lat' dir='ltr'><strong>horror</strong></span> <span class='ocrx_word' id='word_1_503' title='bbox 608 3159 661 3206; x_wconf 88' lang='lat' dir='ltr'><strong>fit</strong></span> <span class='ocrx_word' id='word_1_504' title='bbox 691 3161 853 3212; x_wconf 83' lang='lat' dir='ltr'><strong>intueri</strong></span> <span class='ocrx_word' id='word_1_505' title='bbox 871 3180 885 3209; x_wconf 82' lang='lat'>2</span> <span class='ocrx_word' id='word_1_506' title='bbox 919 3163 1024 3211; x_wconf 84' lang='lat' dir='ltr'><strong>inde</strong></span> <span class='ocrx_word' id='word_1_507' title='bbox 1047 3165 1245 3222; x_wconf 80' lang='lat' dir='ltr'><strong>constare</strong></span> <span class='ocrx_word' id='word_1_508' title='bbox 1268 3166 1430 3230; x_wconf 85' lang='lat' dir='ltr'><strong>potest,</strong></span> <span class='ocrx_word' id='word_1_509' title='bbox 1464 3167 1607 3230; x_wconf 89' lang='lat' dir='ltr'><strong>qualis</strong></span> <span class='ocrx_word' id='word_1_510' title='bbox 1640 3165 1775 3224; x_wconf 80' lang='lat' dir='ltr'><strong>status</strong></span> <span class='ocrx_word' id='word_1_511' title='bbox 1799 3183 1976 3224; x_wconf 90' lang='lat' dir='ltr'><strong>eorum,</strong></span> <span class='ocrx_word' id='word_1_512' title='bbox 2016 3170 2097 3230; x_wconf 88' lang='lat' dir='ltr'><strong>qui</strong></span> <span class='ocrx_word' id='word_1_513' title='bbox 2132 3167 2411 3230; x_wconf 89' lang='lat' dir='ltr'><strong>prophanant</strong></span> 
     </span>
     <span class='ocr_line' id='line_1_44' title="bbox 409 3223 2410 3297; baseline 0 -20"><span class='ocrx_word' id='word_1_514' title='bbox 409 3223 573 3281; x_wconf 63' lang='grc' dir='ltr'><strong>Γᾶηὲὶᾶ,</strong></span> <span class='ocrx_word' id='word_1_515' title='bbox 609 3226 659 3272; x_wconf 88' lang='lat'>&amp;</span> <span class='ocrx_word' id='word_1_516' title='bbox 689 3225 832 3289; x_wconf 79' lang='lat' dir='ltr'><strong>qualis</strong></span> <span class='ocrx_word' id='word_1_517' title='bbox 855 3227 1009 3291; x_wconf 86' lang='lat' dir='ltr'><strong>imago</strong></span> <span class='ocrx_word' id='word_1_518' title='bbox 1033 3246 1194 3287; x_wconf 77' lang='lat' dir='ltr'><strong>eorum</strong></span> <span class='ocrx_word' id='word_1_519' title='bbox 1229 3233 1276 3278; x_wconf 90' lang='lat' dir='ltr'><strong>in</strong></span> <span class='ocrx_word' id='word_1_520' title='bbox 1313 3233 1450 3289; x_wconf 82' lang='lat' dir='ltr'><strong>altera</strong></span> <span class='ocrx_word' id='word_1_521' title='bbox 1471 3235 1579 3290; x_wconf 82' lang='lat' dir='ltr'><strong>vita.</strong></span> <span class='ocrx_word' id='word_1_522' title='bbox 1649 3234 1820 3291; x_wconf 73' lang='lat' dir='ltr'><strong>Sedde</strong></span> <span class='ocrx_word' id='word_1_523' title='bbox 1845 3234 1931 3281; x_wconf 91' lang='lat' dir='ltr'><strong>illis</strong></span> <span class='ocrx_word' id='word_1_524' title='bbox 1955 3233 2177 3297; x_wconf 86' lang='lat' dir='ltr'><strong>nusquam</strong></span> <span class='ocrx_word' id='word_1_525' title='bbox 2208 3233 2296 3279; x_wconf 90' lang='lat' dir='ltr'><strong>dici</strong></span> <span class='ocrx_word' id='word_1_526' title='bbox 2328 3248 2410 3291; x_wconf 75' lang='lat' dir='ltr'><strong>po-</strong></span> 
     </span>
     <span class='ocr_line' id='line_1_45' title="bbox 409 3290 2408 3410; baseline 0.002 -72"><span class='ocrx_word' id='word_1_527' title='bbox 409 3290 508 3350; x_wconf 89' lang='lat' dir='ltr'><strong>test,</strong></span> <span class='ocrx_word' id='word_1_528' title='bbox 539 3291 675 3355; x_wconf 89' lang='lat' dir='ltr'><strong>quod</strong></span> <span class='ocrx_word' id='word_1_529' title='bbox 720 3291 1001 3355; x_wconf 78' lang='lat' dir='ltr'><strong>prophanent</strong></span> <span class='ocrx_word' id='word_1_530' title='bbox 1038 3295 1200 3353; x_wconf 68' lang='lat' dir='ltr'><strong>sancta,</strong></span> <span class='ocrx_word' id='word_1_531' title='bbox 1249 3300 1331 3361; x_wconf 91' lang='lat' dir='ltr'><strong>qui</strong></span> <span class='ocrx_word' id='word_1_532' title='bbox 1365 3299 1627 3362; x_wconf 78' lang='lat' dir='ltr'><strong>simpliciter</strong></span> <span class='ocrx_word' id='word_1_533' title='bbox 1665 3300 1954 3356; x_wconf 83' lang='lat' dir='ltr'><strong>crediderunt</strong></span> <span class='ocrx_word' id='word_1_534' title='bbox 2000 3316 2106 3363; x_wconf 88' lang='lat' dir='ltr'><strong>quae</strong></span> <span class='ocrx_word' id='word_1_535' title='bbox 2149 3301 2195 3346; x_wconf 88' lang='lat' dir='ltr'><strong>in</strong></span> <span class='ocrx_word' id='word_1_536' title='bbox 2234 3296 2408 3410; x_wconf 50' lang='lat' dir='ltr'><strong>Verba?</strong></span> 
     </span>
    </p>

    <p class='ocr_par' dir='ltr' id='par_1_4' title="bbox 1399 3363 2407 3414">
     <span class='ocr_line' id='line_1_46' title="bbox 1399 3363 2407 3414; baseline -0.001 -3"><span class='ocrx_word' id='word_1_537' title='bbox 1399 3366 1448 3411; x_wconf 95' lang='lat' dir='ltr'><strong>T</strong></span> <span class='ocrx_word' id='word_1_538' title='bbox 1473 3377 1493 3412; x_wconf 92' lang='lat' dir='ltr'><strong>t</strong></span> <span class='ocrx_word' id='word_1_539' title='bbox 1529 3382 1554 3414; x_wconf 86' lang='lat'><strong>2</strong></span> <span class='ocrx_word' id='word_1_540' title='bbox 2236 3363 2371 3410; x_wconf 90' lang='lat' dir='ltr'><strong>etiam</strong></span> <span class='ocrx_word' id='word_1_541' title='bbox 2392 3379 2407 3410; x_wconf 84' lang='lat'><strong>1</strong></span> 
     </span>
    </p>
   </div>
  </div>
 </body>
</html>
