2788 3736
1316 242 1590 352 (23).

913 515 1930 629 GENESEOQ

669 701 1168 768 CAPUT
1285 693 2186 764 SECUNDUM.

410 888 500 959 67.
659 886 758 940 UI
762 885 835 948 A
874 902 933 936 ex
952 881 1159 936 Divina
1183 880 1392 935 Domini
1415 879 1778 952 Μ’]ἑνίσονάία,
1805 878 1973 933 datum
1996 880 2058 952 est
2076 881 2214 952 scire
2239 884 2430 955 Sensum

696 961 946 1012 Internum
972 955 1136 1020 Verbi,
1183 957 1241 1008 &⁵
1274 956 1326 1008 in
1367 955 1446 1008 illo
1485 955 1788 1007 continentur
1830 955 2150 1026 arcaniffima‚
2190 976 2295 1028 quoe
2335 978 2427 1010 nu-

467 1033 645 1106 squam
659 1034 807 1105 prius
843 1032 896 1084 in
921 1029 1126 1100 alicujus
1152 1028 1470 1101 cognitionem
1494 1040 1748 1092 venerunt,
1785 1047 1872 1084 nec
1894 1030 2064 1083 venire
2098 1031 2299 1103 poffunt‚
2337 1033 2428 1104 nisi

466 1108 658 1180 sciant,
696 1105 908 1179 quomodo
918 1105 976 1177 st’
1000 1103 1173 1158 habent
1210 1124 1286 1158 res
1310 1105 1363 1157 in
1388 1103 1550 1157 altera
1573 1103 1703 1167 vita,
1741 1123 1854 1156 nam
1889 1104 2210 1188 perplurima,
2250 1125 2356 1178 quae
2377 1107 2431 1159 in

482 1184 677 1235 Interno
674 1181 818 1252 sensu
834 1179 982 1233 Verbi
989 1179 1130 1249 sunt,
1148 1179 1236 1232 illa
1244 1179 1488 1251 spectant,
1509 1189 1786 1242 memorant,
1808 1178 1866 1231 ΕΘ
1885 1177 2158 1243 involvunt,
2183 1181 2431 1254 conceffiem

481 1256 558 1326 est,
597 1255 793 1328 aperire
833 1255 937 1318 illa,
976 1273 1082 1326 quae
1124 1272 1251 1306 nunc
1281 1265 1378 1324 per
1401 1252 1583 1326 aliquot
1625 1271 1785 1315 annos,
1823 1252 1991 1326 quibus
2023 1253 2239 1328 intereffl’
2263 1254 2429 1309 datum

481 1330 704 1402 consortio
731 1329 973 1401 Spiritum
999 1329 1057 1382 &J
1083 1326 1396 1400 Angelorum,
1421 1325 1598 1380 audivi
1621 1327 1679 1380 &³
1704 1325 1831 1380 vidi.

411 1403 498 1458 68.
538 1406 652 1458 Non
674 1424 746 1458 me
769 1404 906 1468 latet,
950 1401 1074 1476 quod
1098 1402 1264 1475 plures
1287 1402 1489 1466 difflari,
1534 1400 1658 1474 quod
1675 1401 1902 1474 nusquam
1925 1401 2102 1474 aliquis
2139 1402 2267 1475 loqui
2296 1404 2431 1475 poſjit

479 1498 586 1532 cum
612 1477 879 1551 Spiritibus
900 1478 959 1532 &³
984 1475 1206 1549 Angelis,
1244 1475 1514 1550 quamdiu
1491 1495 1545 1529 m
1582 1487 1774 1548 corpore
1796 1475 1967 1540 vivit;
2005 1478 2064 1530 &²
2092 1476 2274 1548 plures,
2311 1478 2437 1550 quod

470 1553 728 1624 phantasia
731 1553 839 1625 stt
877 1552 986 1616 alii,
1031 1550 1155 1624 quod
1172 1551 1302 1604 talia
1325 1549 1593 1615 tradidero,
1640 1562 1694 1603 ut
1700 1549 1855 1622 fidem
1874 1561 2090 1622 captem,
2128 1551 2221 1604 alii
2241 1551 2423 1616 aliter3

462 1626 561 1698 sed
579 1627 683 1681 haec
716 1626 845 1682 nihil
864 1645 1038 1690 moror,
1084 1645 1197 1680 nam
1225 1625 1353 1690 vidi,
1394 1625 1587 1689 audivi,
1609 1624 1750 1697 sensi.

409 1702 496 1774 69.
533 1704 686 1757 Homo
720 1701 796 1755 ita
834 1712 1024 1760 creatus
1058 1721 1091 1754 a
1130 1701 1342 1754 Domino
1383 1699 1460 1768 est,
1506 1710 1578 1763 ut,
1633 1699 1745 1753 dum
1782 1699 1922 1752 vivit
1958 1699 2014 1753 in
2054 1711 2260 1771 corpore,
2319 1720 2428 1754 cum

479 1775 746 1848 Spiritibus
761 1776 819 1831 &³
827 1775 1032 1845 Angelis
1033 1775 1189 1850 fimul
1200 1774 1326 1845 loqui
1339 1773 1574 1846 potuiffl’t,
1585 1774 1714 1846 ficut
1736 1773 1884 1826 etiam
1902 1774 2232 1859 antiqugffimis
2254 1786 2430 1847 tempo-

481 1849 616 1901 ribus
618 1849 838 1920 factum,
864 1867 977 1901 nam
1001 1867 1120 1900 unus
1138 1847 1199 1918 est
1218 1866 1324 1901 cum
1348 1846 1461 1910 illis,
1500 1846 1835 1931 quiaspiritus
1859 1858 2050 1919 corpore
2070 1848 2315 1902 umidus.-
2337 1849 2436 1919 sed

477 1923 598 1995 quia
627 1922 728 1994 post
761 1924 977 1974 tracqum
1012 1921 1251 1991 temporis,
1295 1920 1496 1973 homines
1518 1921 1579 1991 st
1619 1920 1698 1972 ita
1737 1921 2070 1991 immetstrunt
2110 1923 2347 1993 corporeis
2370 1925 2430 1977 δέ

479 1995 746 2059 mundanis,
785 2006 842 2047 ut
854 2006 997 2067 paene
1020 1993 1150 2047 nihil
1166 1992 1308 2046 aliud
1327 2003 1511 2057 curent,
1552 1992 1654 2046 ideo
1679 1993 1839 2066 clausa
1864 1993 1924 2064 est
1959 1994 2082 2059 via,
2122 2007 2178 2047 ut
2210 1997 2432 2067 primum

441 2082 443 2084 “
478 2089 595 2133 vero
621 2069 846 2123 recedunt
882 2079 1123 2154 corporea,
1173 2065 1342 2141 quibus
1372 2067 1630 2140 immersus,
1669 2068 1895 2142 aperitur
1918 2068 2025 2133 via,
2066 2037 2131 2123 ’52'
2160 2070 2293 2123 inter
2312 2071 2428 2143 spi-

479 2145 608 2197 ritus
631 2143 707 2216 est,
746 2144 804 2198 &³
843 2163 949 2197 cum
971 2143 1034 2196 its
1053 2143 1222 2216 sociat
1255 2142 1431 2196 vitam.

406 2236 489 2294 70.
528 2219 660 2291 Qia
690 2218 802 2271 licet
824 2218 1034 2290 aperire,
1060 2237 1167 2290 quae
1179 2229 1276 2290 per
1300 2217 1372 2270 ali
1400 2228 1479 2270 uot
1502 2237 1645 2271 annos
1668 2217 1846 2271 audivi
1870 2219 1928 2272 ἔφ’
1953 2218 2080 2283 vidi,
2115 2219 2196 2283 hic
2208 2220 2429 2291 primum

395 2297 398 2299 ’
475 2292 742 2361 dicendum,
769 2291 980 2377 quomodo
987 2291 1047 2364 st'
1070 2291 1212 2346 habet
1233 2311 1338 2345 cum
1416 2291 1557 2357 mine,
1584 2311 1690 2346 cum
1709 2292 2038 2365 refizstitatur,
2044 2293 2136 2366 seu
2159 2294 2371 2379 quoquo
2395 2316 2430 2349 a

478 2368 592 2421 vita
634 2367 844 2439 corporis
868 2367 1032 2419 intrat
1057 2367 1111 2419 in
1135 2366 1295 2419 vitam
1319 2367 1652 2420 aeternitatis:
1697 2378 1839 2439 utque
1860 2366 2061 2440 fiir-em,
2104 2367 2228 2440 quod
2245 2369 2428 2422 vivant

474 2442 678 2495 homines
707 2441 808 2526 post
843 2452 1055 2504 mortem,
1093 2441 1259 2494 datum
1283 2441 1344 2510 est
1377 2441 1518 2513 loqui,
1557 2442 1614 2494 &³
1640 2441 1917 2514 conversari
1940 2461 2045 2494 cum
2068 2442 2308 2514 pluribus,
2343 2445 2428 2516 qui

479 2515 599 2568 mihi
622 2527 718 2568 nott
713 2516 996 2586 '‘suerunt
974 2535 1027 2569 tn
1042 2516 1156 2568 vita
1171 2535 1329 2569 eorum
1353 2515 1576 2587 corporis,
1603 2516 1661 2569 &²
1678 2534 1767 2568 non
1783 2515 1967 2588 quidem
1976 2528 2073 2588 per
2096 2515 2219 2570 diem
2242 2518 2300 2570 δέ*
2308 2518 2425 2590 sep-

480 2589 732 2652 ti,manam
759 2589 851 2656 fid
855 2601 950 2659 per
973 2589 1140 2660 menses
1183 2591 1241 2642 &
1263 2589 1386 2661 fere
1409 2609 1603 2654 annum,
1641 2609 1748 2642 cum
1782 2589 1949 2662 quibus
1986 2590 2198 2664 loquutus
2234 2592 2293 2644 &2²
2317 2612 2427 2645 con·
2502 2631 2505 2633 ,

475 2663 699 2734 versatus
693 2663 873 2733 stcut
850 2682 904 2714 m
929 2663 1132 2715 mundo:
1171 2664 1253 2734 qui
1268 2664 1585 2734 maximopere
1607 2664 1799 2728 mirati,
1815 2663 1978 2736 quod
1956 2665 2015 2729 ti,
2053 2665 2165 2718 dum
2188 2665 2425 2719 vixerunt

478 2739 534 2790 in
565 2747 773 2808 corpore,
798 2737 1020 2808 fuerint,
1060 2737 1118 2789 &²
1143 2736 1264 2809 quod
1284 2737 1378 2789 alii
1402 2738 1459 2789 &³
1475 2737 1694 2810 plerique
1709 2739 1831 2809 fint,
1866 2739 1919 2790 in
1943 2739 2038 2790 tali
2060 2739 2417 2806 incredulitate,
2489 2779 2494 2783 -

477 2823 539 2864 ut
555 2821 728 2882 putent
749 2810 810 2882 fi'
833 2829 922 2863 non
946 2811 1162 2863 victuros
1194 2810 1294 2882 post
1328 2821 1540 2874 mortem,
1574 2831 1680 2864 cum
1704 2823 1861 2864 tamen
1880 2812 1974 2864 vix
1995 2811 2295 2866 intercedunt
2319 2814 2418 2867 dies

468 2886 571 2969 post
591 2886 800 2957 corporis
824 2884 1017 2950 obitum,
1062 2896 1316 2959 antequam
1349 2885 1403 2937 in
1423 2885 1582 2938 altera
1618 2886 1730 2938 vita
1739 2885 1878 2958 sunt,
1917 2905 2029 2939 nam
2053 2886 2114 2956 est
2131 2887 2421 2956 continuatio

474 2959 622 3012 vitae.
2319 3000 2323 3005 ,

408 3050 442 3105 7
455 3051 498 3086 1,
539 3031 634 3085 Sed
654 3032 768 3104 quia
795 3033 967 3106 sparsa
974 3033 1167 3104 forent
1208 3035 1265 3087 ὃ
1299 3035 1580 3099 inconnexa,
1614 3035 1670 3106 st
1705 3035 2053 3108 interserentur
2082 3023 2195 3100 illis,
2233 3056 2339 3109 quae
2365 3038 2422 3089 in

478 3117 620 3161 textu
627 3106 794 3172 Verbi,
815 3108 943 3173 licet,
961 3127 1020 3161 ex
1036 3108 1240 3162 Divina
1259 3109 1469 3163 Domini
1482 3108 1825 3182 misericordia,
1845 3110 2008 3179 ordine
2025 3110 2220 3182 quodam
2235 3111 2322 3163 illa
2336 3110 2426 3162 ad-

1447 3184 1494 3235 E
2196 3185 2368 3254 junget
2371 3203 2422 3248 e,
