2788 3736
421 210 554 268 610
868 193 885 212 ²
978 194 1522 260 GENE
1615 194 1961 281 8184

418 347 489 382 cet
512 334 639 398 quod
662 333 860 381 tenebrae
877 330 1094 379 terribiles
1112 329 1263 388 essent,
1298 330 1349 377 ὅτ
1373 329 1501 394 quod
1513 330 1714 380 tenebrae
1729 333 1815 381 fint
1830 331 2056 397 falsitates,
2090 341 2263 391 constat
2285 359 2311 392 a
2331 344 2423 393 fio-

418 402 675 450 nificatione
699 399 985 447 tenebrarum
1008 397 1135 462 quod
1159 397 1245 444 sint
1269 395 1495 454 falfitateS‚
1531 397 1588 444 de
1612 414 1704 462 qua
1727 416 1842 448 mox
1862 420 1873 449 :
1916 402 2052 452 status
2081 408 2298 458 Ecclefiae
2321 385 2427 460 ansse

419 468 821 523 consumationem,
857 465 933 513 sed
959 481 1067 512 cum
1107 464 1170 511 sol
1204 465 1309 512 effet
1337 463 1395 511 ad
1433 464 1762 524 occidendum,
1799 467 2063 518 describitur
2095 488 2176 537 per
2204 488 2424 527 terrorem

418 536 701 584 tenebrarum
726 548 996 597 magnarum
1019 554 1034 587 ;
1067 531 1202 579 status
1228 543 1380 579 autem
1404 546 1514 578 cum
1538 529 1602 578 sol
1622 533 1808 592 occidit,
1857 535 2122 586 describitur
2146 556 2231 604 per
2265 544 2424 609 caligi-

420 619 543 658 nem,
578 602 629 648 ὅτ
651 602 796 666 plura,
835 598 967 648 Vers:
995 598 1098 663 seq:
1132 615 1203 663 17.
1240 598 1490 645 aDomino
1527 599 1588 645 ita
1623 600 1744 663 apud
1770 602 2069 662 Matthaeum‚
2105 610 2142 633 “
2162 608 2243 655 Sol
2264 609 2426 659 obscu-

423 675 457 697 “
483 669 667 727 rabitur,
703 669 752 716 ὅτ
781 668 889 714 luna
922 683 1016 719 non
1039 666 1166 713 dabit
1190 666 1346 712 lumen
1381 663 1532 722 suurn,
1565 667 1616 713 δε
1654 666 1793 715 stellae
1816 669 1978 718 cadent
2001 671 2060 718 de
2089 673 2229 731 coelo,
2264 675 2315 724 &
2332 678 2427 726 vir·

424 743 458 764 “
483 749 600 783 tutes
626 736 852 783 coelorum
870 733 1338 789 commovebuntur‚'’
1381 747 1505 779 xxiv
1528 750 1539 780 ε
1565 749 1641 798 29·
1677 750 1769 782 non
1793 736 1920 800 quod
1943 736 2006 785 sol
2031 739 2196 788 mundi
2219 740 2427 792 obscura·
2465 736 2468 737 ⁷

422 803 560 859 bitur,
598 801 671 850 sed
690 801 869 849 coeleste
891 800 1018 865 quod
1040 799 1104 847 est
1126 801 1291 846 amoris
1320 799 1371 846 &
1394 798 1619 846 charitatis
1638 822 1655 856 3
1689 817 1773 850 nec
1796 803 1920 867 quod
1944 804 2068 863 luna,
2103 805 2178 854 sed
2201 806 2428 872 spirituale

419 870 549 934 quod
571 869 635 916 est
656 869 763 916 fidei
787 891 800 924 ·,
834 885 916 916 nec
936 867 1066 932 quod
1090 866 1228 914 stellae
1262 865 1423 913 cadent
1443 865 1505 914 de
1524 866 1664 924 coelo,
1699 866 1775 915 sed
1799 870 1925 932 quod
1948 874 2233 936 cognitiones
2248 874 2359 924 boni
2375 878 2425 926 ἃ

419 939 532 993 ven,
568 937 690 1000 apud
712 936 947 984 hominem
967 934 1196 990 Ecclefiae,
1231 949 1338 997 quae
1354 931 1455 979 sunt
1471 934 1662 982 virtutes
1684 935 1948 995 coelorum3
1984 956 2068 986 nec
2097 940 2289 1001 incoelo
2305 942 2427 1002 haec,

421 1021 528 1052 nam
551 1004 728 1051 coelum
745 1001 966 1066 nusquam
984 1000 1262 1057 obscuratur,
1297 998 1372 1046 sed
1393 1001 1440 1046 in
1464 1011 1592 1048 terra.
1665 1003 1812 1067 Qod
1828 1015 1973 1052 terror
1987 1005 2272 1055 tenebrarum
2291 1022 2426 1073 'mag-

424 1086 583 1120 narum
608 1070 783 1117 caderet
807 1068 937 1133 super
959 1068 1110 1125 illum,
1129 1067 1192 1114 est
1207 1066 1335 1130 quod
1356 1065 1577 1114 horruerit
1593 1080 1766 1116 tantam
1781 1070 2034 1120 vastitatem
2054 1094 2070 1129 ;
2105 1078 2330 1138 quantum
2345 1078 2426 1124 ali-

421 1139 524 1202 quis
554 1139 601 1184 in
631 1135 886 1183 coelestibus
932 1137 1114 1191 amoris,
1149 1146 1300 1181 tantus
1335 1131 1401 1179 est
1435 1133 1591 1181 horror
1637 1150 1747 1182 cum
1780 1138 1972 1200 percipit
1988 1139 2383 1190 *consumationem
2406 1166 2425 1200 ς

419 1205 541 1268 apud
570 1205 828 1250 Dominum
854 1217 952 1264 prae
974 1201 1086 1257 aliis,
1123 1200 1224 1264 Qi
1247 1200 1294 1245 in
1317 1197 1415 1261 ipso
1438 1214 1592 1246 amore
1615 1199 1786 1247 coelesti
1819 1205 1868 1251 δε
1889 1204 2065 1252 Divino
2103 1205 2212 1253 fuiti
2279 1209 2427 1273 Qod

422 1270 618 1319 tenebrae
637 1268 890 1332 significent
912 1265 1135 1322 falsitates,
1159 1263 1333 1313 constat
1348 1263 1596 1328 aplurimis
1617 1265 1728 1313 locis
1745 1268 1792 1313 in
1803 1267 1960 1316 Verbo
1979 1292 1994 1326 3
2027 1284 2082 1318 ut
2095 1273 2218 1336 apud
2230 1273 2428 1334 Esaiam,

423 1345 458 1366 “
494 1337 582 1383 Vae
613 1333 888 1400 ponentibus
909 1333 1121 1382 Tenebras
1163 1332 1209 1379 in
1242 1331 1413 1388 lucem,
1450 1333 1499 1379 &
1537 1331 1688 1380 lucem
1727 1334 1775 1380 in
1799 1334 1844 1382 T
1837 1335 2059 1392 enebras,''
2098 1353 2162 1387 v:
2189 1355 2268 1388 20.
2295 1354 2428 1390 tene-

421 1404 515 1451 brae
539 1419 623 1466 pro
640 1400 769 1459 falfis,
806 1401 856 1448 &
880 1399 961 1447 lux
982 1415 1068 1464 pro
1083 1400 1200 1446 veris
1219 1417 1230 1447 ε
1264 1398 1388 1461 apud
1402 1397 1636 1456 Eundem,
1673 1404 1708 1427 “
1732 1401 1962 1464 Speetabit
1977 1403 2024 1450 in
2048 1415 2230 1462 terram,
2254 1406 2302 1453 &
2321 1422 2428 1456 ecce

421 1476 458 1497 ‘⁸
493 1472 538 1518 T
533 1470 706 1526 enebrae,
742 1466 962 1531 angustia,
996 1468 1046 1514 δε
1077 1466 1158 1513 lux
1191 1465 1463 1512 obtenebrata
1487 1464 1590 1525 estss’
1625 1482 1685 1515 v:
1715 1484 1792 1529 30.
1829 1468 2037 1516 tenebrae
2067 1487 2156 1535 pro
2178 1470 2313 1530 falsis,
2347 1473 2433 1522 lux

426 1542 458 1565 “
493 1535 780 1584 obtenebrata
803 1550 888 1597 pro
911 1533 1036 1598 quod
1077 1549 1169 1580 non
1210 1543 1420 1595 appareat
1442 1546 1604 1578 verum
1625 1550 1637 1579 :
1671 1533 1795 1596 apud
1820 1533 2054 1594 Eundem,
2094 1542 2130 1564 ‘⁵
2152 1537 2275 1585 Ecce
2297 1540 2341 1587 T
2335 1557 2428 1588 ene-

426 1609 459 1632 ιι
494 1602 827 1664 braeobtegunt
850 1612 1033 1656 terram,
1069 1600 1119 1647 δι
1155 1597 1303 1660 Caligo
1343 1597 1591 1662 popuIOS,”
1642 1613 1738 1646 Lx:
1768 1617 1811 1648 2.
1865 1602 1987 1665 apud
2019 1604 2190 1661 Amos,
2250 1610 2284 1632 “
2317 1606 2432 1654 Dies

423 1676 458 1697 ‘⁶
494 1670 686 1731 Jehovae
709 1667 783 1715 ille
804 1668 849 1715 T
844 1667 1106 1722 enebrarum‚
1140 1666 1190 1712 &
1230 1680 1323 1713 non
1359 1665 1465 1719 lux·,
1502 1679 1652 1712 nonne
1673 1665 1718 1713 T
1712 1666 1872 1714 enebrae
1911 1667 2006 1716 dies
2029 1667 2224 1730 jehovae
2256 1670 2307 1718 ὅτ
2334 1689 2429 1731 non

423 1742 459 1764 ‘⁶
494 1737 590 1793 lux,
628 1736 678 1783 ὅτ
700 1732 847 1797 Caligo
877 1735 927 1781 δε
951 1749 1042 1780 non
1065 1731 1277 1797 splendor
1297 1732 1392 1788 ei,”
1425 1747 1487 1778 v:
1513 1735 1589 1789 18,
1625 1748 1702 1781 20.
1753 1732 1880 1797 apud
1903 1733 2202 1798 Zephaniam,
2219 1742 2230 1781 l
2253 1742 2288 1765 ‘⁶
2311 1738 2424 1790 Pro.

424 1809 458 1830 ‘⁸
494 1803 692 1868 pinquus
712 1801 813 1848 -dies
831 1800 1024 1861 Jehovae
1048 1815 1260 1864 magnus,
1296 1798 1391 1850 dies
1413 1797 1795 1846 excandescentia:
1833 1799 1928 1847 dies
1962 1801 2053 1859 ille,
2089 1802 2184 1850 dies
2206 1804 2429 1867 anguffiae
2476 1853 2482 1860 ,

423 1875 457 1897 “
492 1871 542 1917 &
566 1869 892 1923 coardtationis,
929 1867 1023 1915 dies
1046 1864 1263 1914 vastitatis
1293 1866 1343 1913 ὅτ
1365 1864 1665 1922 desolationis,
1696 1865 1798 1915 'dies
1818 1868 2104 1916 Tenebrarum
2127 1870 2177 1917 ὅτ
2203 1871 2425 1934 Calzginis,

423 1941 458 1963 ‘⁶
495 1936 588 1983 dies
612 1936 732 1983 nubis
757 1938 805 1982 &
831 1935 1107 1996 opacitatis,’'
1140 1950 1156 1980 1
1179 1952 1190 1982 :
1223 1949 1298 1994 14,
1340 1949 1414 1995 15.
1450 1931 1530 1979 ubi
1552 1931 1648 1979 dies
1661 1933 1856 1993 'Jehovae
1872 1950 1957 1997 pro
1973 1935 2140 1984 ultimo
2153 1938 2427 2001 tempore&

423 2002 538 2050 statu
562 2001 793 2059 Ecclesiae,
828 2000 1024 2048 tenebrae
1047 2002 1098 2048 &
1114 2000 1264 2063 caligo
1288 2014 1372 2064 pro
1394 1997 1511 2046 falsis
1528 1999 1578 2046 δε
1602 1999 1743 2047 malis·
1815 2001 2048 2049 Dominus
2070 2019 2257 2067 quoque
2271 2002 2429 2053 falsita-

423 2083 487 2116 tes
512 2069 704 2133 appellat
743 2068 962 2124 tenebras,
999 2066 1120 2130 apud
1144 2067 1444 2123 Matthaeum‚
1463 2114 1465 2116 ,
1482 2071 1516 2093 “
1538 2065 1589 2112 Si
1609 2065 1768 2114 oculus
1791 2079 1899 2115 tuus
1921 2068 2064 2116 malus
2087 2067 2238 2126 fuerit,
2273 2082 2427 2119 totum

422 2142 459 2164 “
493 2152 658 2199 corpus
682 2134 1026 2187 obtenebratum
1049 2133 1129 2191 est,
1164 2135 1198 2182 fi
1219 2133 1334 2197 ergo*
1352 2133 1509 2181 lumen
1523 2133 1654 2196 quod
1677 2134 1723 2180 in
1747 2146 1791 2181 oe
1813 2133 1894 2191 est,
1929 2136 1974 2184 T
1964 2136 2126 2184 enebrae
2141 2134 2262 2192 sunt,
2298 2141 2427 2184 Tene-

425 2209 460 2230 “
495 2204 583 2250 bra
604 2203 837 2266 quantae,''
883 2217 935 2248 Vl
955 2219 966 2248 :
995 2217 1072 2264 23.
1103 2200 1304 2248 'tenebrae
1323 2216 1411 2265 pro
1432 2197 1565 2257 falsts,
1600 2215 1707 2263 quae
1730 2213 1957 2264 occupant
1977 2216 2070 2258 eOS,
2102 2201 2250 2265 quiin
2265 2204 2427 2268 cogni-

425 2269 641 2325 tionibus,
677 2265 782 2332 quae
811 2281 995 2333 quantae
1032 2266 1135 2315 sunt
1154 2283 1253 2331 prae
1274 2266 1467 2315 tenebris
1490 2266 1677 2314 illorum
1713 2265 1787 2313 seu
1823 2267 2051 2329 gentium,
2085 2280 2194 2330 quae
2218 2283 2311 2316 non
2349 2265 2425 2317 ha·
2460 2311 2464 2318 .

425 2336 535 2383 bent
573 2338 872 2399 cognitiones,
909 2334 1258 2397 intelliguntur3
1306 2332 1509 2380 similiter
1546 2331 1668 2396 apud
1692 2332 1930 2390 Eundem,
1968 2337 2003 2360 “
2028 2333 2135 2380 Filii
2159 2334 2316 2398 Regni
2345 2331 2426 2401 eji-

426 2407 461 2429 “
497 2402 670 2448 cientur
689 2403 734 2447 in
759 2402 968 2450 Tenebras
989 2401 1278 2456 exteriores,'’
1311 2415 1443 2446 vul:
1476 2415 1547 2447 12.
1585 2399 1715 2462 Cap:
1739 2414 1877 2448 xxix:
1911 2417 1983 2463 13·
2017 2399 2215 2448 tenebrae
2231 2403 2427 2451 exterio-

428 2484 494 2515 res
527 2485 613 2531 pro
640 2465 899 2514 falsitatibus
923 2466 1162 2513 ditioribus
1190 2481 1369 2524 eorum,
1416 2468 1497 2527 qui
1536 2467 1583 2512 in
1623 2464 1820 2512 Ecclesia
1858 2465 1977 2524 sunt,
2025 2483 2134 2514 nam
2173 2468 2204 2513 ii
2243 2467 2427 2516 obtene-

430 2535 559 2581 brant
579 2535 753 2590 lucem,
790 2535 838 2581 &
861 2533 1084 2580 inducunt
1107 2531 1311 2579 falsitates
1335 2543 1491 2579 contra
1511 2547 1635 2588 vera,
1669 2529 1803 2595 quod*
1819 2545 1977 2596 gentes
1998 2545 2259 2597 nequeunt:
2291 2535 2426 2602 ,apud

430 2601 706 2663 Johannem,
759 2605 793 2627 “
831 2601 884 2647 In
921 2598 1023 2663 Ipso
1059 2600 1154 2646 vita
1201 2610 1312 2658 erat,
1371 2599 1420 2646 &
1458 2598 1555 2646 vita
1587 2610 1679 2646 erat
1714 2598 1795 2645 lux
1833 2598 2117 2661 hominum,
2143 2600 2227 2648 lux
2274 2613 2428 2648 aunem
2498 2627 2499 2630 =

432 2673 466 2694 ‘⁶
502 2670 547 2714 in
571 2667 768 2715 Tenebris
796 2678 997 2730 apparet,
1049 2664 1122 2713 sed
1157 2666 1202 2714 T
1197 2666 1354 2713 enebrae
1391 2665 1515 2712 illam
1552 2681 1644 2715 non
1683 2666 2179 2730 comprehenderuntss'r
2215 2684 2268 2714 ιε
2289 2672 2423 2729 4,;1‘5.

430 2734 626 2781 tenebrae
649 2749 734 2797 pro
757 2731 1015 2780 falsitatibus
1054 2734 1168 2780 intra
1189 2732 1438 2779 Ecclesiam
1457 2750 1468 2780 :
1507 2733 1546 2780 F
1549 2732 1735 2780 allitates
1757 2744 1883 2780 extra
1903 2733 2314 2783 Ecclesiamintiam
2341 2748 2427 2780 vo·
2509 2785 2514 2790 ,

431 2811 589 2846 cantur
619 2798 830 2856 tenebrae,
879 2799 955 2846 sed
996 2815 1103 2862 quae
1144 2798 1388 2846 illuminari
1427 2798 1625 2862 possunt,
1680 2799 1737 2845 de
1771 2798 1937 2862 quibus
1968 2799 2095 2863 apud
2122 2798 2426 2858 Matthaeum,

435 2871 469 2892 “
505 2866 707 2928 Populus
731 2866 881 2912 sedens
916 2868 963 2912 in
985 2866 1183 2913 Tenebris
1204 2865 1324 2911 vidit
1351 2865 1508 2912 lumen
1546 2881 1786 2928 magnum,
1810 2866 1870 2912 ,δε
1897 2864 2149 2916 sedentibus
2172 2866 2219 2911 in
2243 2867 2429 2928 regione

434 2936 468 2959 “
505 2932 554 2978 δε
578 2931 740 2978 umbra
763 2934 938 2989 mortis,
975 2932 1055 2978 lux
1076 2943 1232 2979 exorta
1254 2931 1342 2979 illis
1365 2931 1477 2989 est,'’
1515 2948 1599 2979 iv:
1632 2933 1702 2979 16.
1740 2931 1936 2978 tenebrae
1962 2946 2048 2992 pro
2072 2928 2188 2977 falfis
2212 2932 2425 2995 ignoran-

435 3003 468 3025 “
503 2999 599 3054 tire,
635 2996 786 3060 quales
819 2997 920 3044 sunt
947 3001 1197 3060 gentium:
1250 2998 1371 3061 apud
1396 2997 1668 3059 Johannem,
1692 3034 1695 3035 γ
1717 3002 1752 3024 “
1778 2997 1891 3043 Hoc
1910 2995 1980 3042 est
2011 2995 2263 3061 judicium,
2295 2998 2426 3060 quod

437 3070 470 3091 “
506 3064 615 3111 Lux
639 3065 769 3110 venit
799 3064 844 3108 in
868 3065 1115 3120 mundum,
1150 3065 1225 3110 sed
1242 3064 1498 3111 dilexerunt
1512 3063 1716 3109 homines
1739 3065 1886 3126 magis
1906 3065 2136 3121 Tenebras,
2162 3065 2426 3128 -quamLu-

435 3136 471 3158 “
506 3146 624 3186 cem,
660 3140 783 3178 erant
805 3132 927 3176 enim
950 3145 1084 3191 opera
1106 3146 1266 3176 eorum
1308 3128 1474 3186 mala,”
1508 3144 1587 3175 -111
1618 3146 1729 3193 ²19·
1767 3129 1848 3176 lux
1884 3132 2125 3193 pro'veriS,
2161 3132 2212 3178 ὅτ
2233 3131 2435 3180 tenebrae

435 3213 521 3262 pro
551 3195 699 3254 falfi-s3
735 3197 785 3246 &
814 3195 925 3255 Lux
947 3211 1034 3260 pro
1055 3196 1265 3245 Domino
1295 3196 1402 3259 quia
1436 3194 1494 3243 ab
1516 3194 1620 3259 Ipso
1644 3210 1782 3246 omne
1815 3212 2001 3256 verum,
2033 3195 2239 3249 tenebrae
2253 3209 2341 3309 prio
2362 3198 2431 3274 in-

1184 3291 1187 3293 ’
2317 3278 2433 3314 etms
