2788 3736
809 238 1235 320 CAPUT
1337 257 1965 322 TERTIUM.
2363 285 2442 346 71

428 392 638 510 ,mg
663 394 2449 528 fihgqqffflmmab‘ssfffflmm

429 532 467 556 ‘⁶
498 498 633 576 eifum
651 530 681 550 ’'
705 544 837 577 xm:
867 547 939 594 13.
977 481 1043 578 {t
1065 499 1190 594 apud
1211 528 1408 585 Esaiam,
1462 533 1496 555 “
1520 527 1746 577 Erubesce
1783 531 1956 588 Zidon,
1989 531 2096 595 quia
2127 531 2247 579 dixit
2297 547 2440 590 mare,

433 599 468 621 “
503 596 846 643 munimentum
871 596 1007 644 maris
1023 594 1235 650 dicendo,
1258 606 1353 641 non
1366 595 1616 656 parturivi,
1641 611 1735 642 non
1750 599 1915 658 peperi,
1937 613 2020 644 nec
2035 597 2218 645 educavi
2229 595 2441 661 juvenes,

426 665 463 688 “
497 661 549 709 δε
569 660 815 710 adolescere
846 660 938 710 feci
965 660 1151 724 puellm,
1186 659 1301 707 ficut
1338 674 1448 706 cum
1470 656 1592 707 fama
1614 661 1843 725 AEgypto‚
1872 665 2142 723 parturient,
2191 662 2443 712 secundum

430 727 465 754 “
500 725 671 775 famam
692 729 829 792 Tyri,
849 727 1040 783 ”xxm
1061 729 1082 773 :⁴
1107 742 1156 786 4.
1183 742 1212 788 5
1233 742 1245 772 ε
1281 724 1362 772 ubi
1378 724 1534 772 Zidon
1548 741 1634 790 pro
1649 726 1802 790 iisqui-
1816 729 1863 773 in
1878 728 2219 790 cognitionibus
2242 729 2350 777 fidei
2368 728 2441 777 fu·

430 805 581 851 erunt,
616 794 667 842 &
689 810 743 842 ea
763 780 1110 856 perfindfica
1144 791 1455 856 perdiderunt,
1491 808 1541 839 ac
1566 792 1672 840 inde
1710 791 1875 840 steriles
1898 791 2015 840 faeti.
2086 794 2152 841 Et
2181 795 2303 858 apud
2331 812 2445 844 eun-

424 858 532 906 dem
567 858 843 922 Prophetam
896 861 930 887 “
955 858 1221 922 Antequam
1249 860 1469 919 parturit,
1512 861 1659 920 parit,
1695 859 1746 905 &
1777 870 2019 923 antequam
2053 861 2181 907 venit
2213 860 2347 909 dolor
2383 864 2442 920 ei,

426 929 475 984 “4
494 927 618 972 enixa
640 922 704 971 est
737 922 1004 984 masculum,
1041 925 1143 988 quis
1161 923 1337 971 audivit
1368 923 1482 972 sicut
1511 924 1617 981 hoc,
1653 925 1766 988 quis
1788 925 1908 972 vidit
1936 924 2051 972 ficut
2073 925 2166 982 illa,
2202 942 2320 976 num
2340 944 2443 991 par-

425 994 470 1018 “·
494 991 606 1038 turit
639 1001 755 1038 terra
799 990 875 1038 die
906 1006 1019 1047 uno,
1055 991 1104 1038 &
1138 1006 1253 1038 num
1284 1001 1443 1053 parere
1462 988 1643 1047 faciam,
1679 991 1798 1038 dixit
1823 990 2048 1053 Jehovah,
2083 1007 2137 1039 an
2162 991 2274 1056 Ego
2292 1004 2444 1055 parere

425 1060 459 1084 “
494 1055 676 1115 faciens,
711 1057 763 1104 δε
797 1055 1060 1113 occludam,
1095 1056 1216 1119 dixit
1246 1056 1375 1104 Deus
1397 1068 1504 1104 tuus
1527 1057 1558 1079 '²
1591 1073 1739 1105 vai:
1779 1072 1822 1123 7.
1852 1061 1894 1107 8.
1921 1076 1967 1123 9.
2005 1054 2084 1104 ubi
2116 1057 2175 1105 de
2211 1074 2442 1123 regenera-

421 1123 544 1170 tione
556 1123 726 1187 agitur,
760 1123 812 1170 ὅτ
834 1129 918 1187 per
933 1123 1052 1173 filios
1075 1122 1279 1171 similiter
1300 1123 1420 1171 Vera
1442 1123 1550 1171 fidei
1580 1123 1904 1188 significantur.
1977 1125 2105 1172 Bona
2124 1124 2175 1172 δι
2197 1125 2317 1173 Vera
2336 1127 2446 1189 quia

421 1187 525 1236 sunt
562 1182 815 1254 conceptus
844 1190 895 1246 ὅτ
927 1202 1083 1254 partus
1113 1183 1319 1254 conjugii
1347 1189 1559 1251 coelestis,
1594 1203 1819 1238 vocantur
1857 1191 1958 1247 filii,
1992 1193 2131 1239 etiam
2168 1207 2193 1238 a
2214 1192 2441 1249 Domino,

421 1255 546 1318 apud
578 1255 877 1312 Matthaeum,
916 1261 950 1283 “
976 1257 1076 1322 Qi
1123 1256 1311 1304 seminat
1337 1254 1514 1303 bonum
1552 1255 1720 1314 semen,
1771 1255 1836 1304 est
1877 1258 2021 1305 Filius
2058 1253 2303 1315 Hominis,
2337 1274 2446 1322 ager

423 1325 459 1348 “
493 1320 558 1369 est
580 1322 799 1379 mundus,
834 1321 984 1371 semen
1018 1338 1130 1370 vero
1146 1321 1248 1370 sunt
1257 1322 1350 1383 filii
1373 1323 1529 1387 Regni
1546 1323 1577 1343 '⁹
1611 1339 1740 1371 xm:
1780 1338 1857 1388 37.
1896 1328 1972 1388 38.
2009 1339 2060 1371 ac
2088 1325 2216 1372 Bona
2246 1325 2298 1372 &
2321 1325 2444 1372 Vera

421 1392 460 1415 ‘⁶
493 1387 602 1436 fidei
627 1388 854 1446 salvificae,
890 1388 972 1436 filii
996 1388 1230 1437 Abraham
1248 1390 1278 1411 ”
1312 1388 1435 1451 Joh:
1470 1404 1607 1438 vm:
1637 1406 1662 1454 3
1702 1425 1712 1436 .
1749 1405 1855 1437 nam
1895 1388 2062 1447 semen,
2104 1402 2156 1437 ut
2178 1390 2356 1438 dietum
2381 1407 2443 1438 n:

425 1469 521 1517 255
545 1453 610 1502 est
635 1455 787 1512 Fides,
823 1465 961 1520 quare
1006 1455 1108 1512 filii,
1143 1455 1226 1519 qui
1255 1454 1367 1517 ‘sunt
1413 1454 1610 1512 seminis,
1646 1407 1748 1503 s191nt
1788 1455 1908 1503 bona
1943 1457 1994 1504 ὅτ
2017 1472 2123 1504 vera
2161 1455 2300 1504 fidei:
2338 1456 2445 1504 inde

381 1537 385 1541 ’
416 1521 555 1569 etiam
578 1522 828 1580 Dominus,
861 1523 971 1586 quia
990 1521 1089 1587 Ipse
1112 1520 1280 1580 semen,
1315 1522 1504 1570 vocavit
1526 1522 1584 1570 Se
1607 1522 1779 1570 Filium
1802 1520 2045 1580 Hominis,
2081 1522 2168 1571 hoc
2191 1521 2256 1570 est
2279 1522 2446 1571 Fidem
2523 1565 2528 1570 .

421 1586 651 1636 Ecclefiae.

488 1655 598 1718 265.
635 1654 783 1721 Qod
799 1671 881 1720 per
900 1657 1056 1704 virum
1076 1655 1355 1721 significetur
1370 1655 1625 1713 Rationale,
1650 1654 1823 1704 constat
1846 1672 1872 1703 a
1886 1653 2015 1704 vers:
2042 1657 2072 1705 6
2096 1653 2232 1722 hujus
2255 1656 2444 1719 Capitis,

414 1720 544 1783 quod
569 1721 740 1770 Mulier
762 1721 936 1770 dederit
950 1723 1066 1770 Viro
1088 1722 1168 1770 suo
1191 1722 1359 1779 secum,
1383 1725 1435 1770 &
1449 1722 1714 1779 comederit,
1739 1737 1835 1786 quo
1853 1722 2161 1785 significatum
2183 1722 2312 1786 quod
2334 1738 2444 1770 con-

419 1785 625 1843 senserit,
650 1787 701 1835 &
723 1787 780 1834 ab
803 1789 873 1844 iis,
897 1804 1005 1852 quae
1027 1789 1086 1835 de
1105 1788 1219 1836 Viro
1236 1786 1406 1835 ostensa
1428 1787 1531 1835 sunt
1553 1798 1611 1836 n:
1638 1793 1726 1851 158
1748 1810 1762 1843 ;
1797 1788 1874 1835 ubi
1890 1803 1972 1852 per
1985 1804 2094 1835 eum
2111 1788 2363 1835 intelleekus
2380 1787 2444 1834 est

421 1851 589 1915 sapiens
613 1852 664 1900 δε
686 1852 959 1917 intelligens,
996 1853 1071 1901 hic
1094 1867 1266 1911 autem,
1301 1856 1409 1918 quia
1442 1853 1653 1918 sapientia
1690 1855 1742 1902 δε
1782 1854 2078 1918 intelligentia
2109 1870 2192 1918 per
2225 1853 2351 1901 esum
2389 1869 2447 1901 ex

419 1917 576 1966 arbore
599 1917 795 1967 scientiae
817 1921 968 1983 periit,
1003 1920 1258 1977 Rationale,
1282 1923 1390 1983 quia
1410 1927 1506 1967 'non
1529 1919 1652 1967 aliud
1674 1920 1901 1984 reliquum
1925 1932 2018 1967 erat
2037 1931 2052 1976 ·,
2088 1919 2297 1968 rationale
2318 1918 2444 1967 enim

416 1982 482 2031 est
504 1984 818 2049 intelligentiae
841 1985 1067 2043 aemulum
1091 1984 1166 2033 seu
1189 1986 1312 2050 quasi
1335 1985 1495 2033 limile.

488 2051 596 2099 266.
635 2053 762 2112 Quia
776 2052 927 2100 omnis
948 2051 1072 2109 Lex,
1107 2053 1158 2100 δε
1181 2068 1320 2100 omne
1342 2053 1653 2116 Praeceptum,
1688 2067 1745 2099 ex
1768 2051 1956 2110 ,Coelesti
1988 2053 2039 2100 δε
2072 2051 2304 2117 spirituali,
2339 2065 2393 2100 ut
2414 2069 2440 2100 a

417 2115 499 2164 suo
521 2133 635 2165 vero
657 2119 901 2182 principio,
936 2117 1099 2175 existit,
1136 2117 1351 2182 sequitur,
1386 2118 1515 2182 quod
1550 2118 1650 2166 haec
1673 2134 1860 2182 quoque
1884 2119 2004 2176 Lex,
2039 2134 2147 2182 quae
2178 2118 2241 2166 est
2261 2118 2436 2183 Conju-

418 2184 619 2245 giorum,
655 2197 708 2232 ut
730 2185 884 2243 Uxor,
919 2186 1027 2248 quia
1048 2201 1105 2233 ex
1128 2185 1391 2249 cupiditate,
1425 2200 1532 2248 quae
1553 2184 1617 2232 est
1638 2187 1829 2249 proprii,
1865 2201 1958 2233 non
1982 2187 2042 2232 ita
2072 2199 2129 2232 ex
2166 2187 2350 2242 ratione,
2386 2197 2438 2232 ut

418 2249 504 2296 Vir
525 2253 637 2314 agit,
673 2250 728 2298 fit
766 2250 848 2298 sub
871 2251 972 2299 Viri
995 2251 1249 2316 prudentia.

375 2332 379 2335 ·
487 2317 605 2380 267.·
635 2316 773 2366 Vers:
806 2333 878 2383 ¹7·
927 2319 992 2366 Et
1022 2318 1084 2366 ad
1101 2318 1304 2367 hominem
1333 2319 1462 2376 dixit,
1497 2321 1597 2383 quia
1615 2331 1617 2333 ’
1634 2317 1837 2379 audivisti
1878 2334 2021 2365 vocem
2058 2319 2204 2366 uxoris
2247 2327 2348 2374 tue,
2383 2318 2449 2366 {9²

418 2381 661 2447 commedisti
681 2384 732 2432 de
753 2385 918 2442 arbore,
953 2384 1005 2432 de
1026 2401 1109 2451 qua
1123 2388 1312 2448 praecepi
1333 2385 1432 2442 tibi,
1469 2384 1653 2442 dicendo,
1689 2401 1770 2432 non
1793 2385 1884 2432 edes
1905 2384 1955 2431 de
1977 2384 2071 2440 illa,
2106 2384 2331 2432 malediEa
2355 2376 2434 2431 hd-

418 2463 508 2495 mus
522 2459 703 2511 propter
722 2460 781 2507 te,
816 2452 863 2498 in
884 2467 1036 2514 magno
1058 2450 1196 2499 dolore
1217 2452 1308 2499 edes
1329 2452 1379 2499 de
1401 2468 1466 2509 ea,
1504 2451 1690 2499 omnibus
1711 2451 1854 2499 diebus
1875 2453 1984 2497 vitae
2005 2460 2105 2497 tuae.
2175 2452 2265 2498 Per
2287 2450 2436 2498 homi·

414 2528 538 2571 nem,
575 2516 700 2578 quod
725 2516 948 2564 audiverit
968 2533 1135 2564 vocem
1170 2519 1326 2566 uxoris
1362 2516 1470 2573 suae,
1496 2517 1775 2580 significatur
1796 2518 1883 2564 Vir
1918 2515 1993 2564 seu
2017 2517 2270 2573 Rationale,
2306 2518 2435 2579 quod

416 2579 711 2637 consenserit3
747 2583 797 2629 δε
821 2583 926 2645 quia
947 2582 1158 2631 rationale
1182 2583 1415 2640 consensit,
1441 2582 1482 2630 se
1503 2598 1688 2647 quoque
1710 2585 1886 2640 avertit,
1913 2582 1986 2629 seu
2007 2581 2089 2629 fibi
2106 2582 2355 2638 maledixit,
2380 2583 2431 2629 ὅτ

414 2659 652 2710 propterea
673 2659 796 2695 totus
819 2646 962 2695 homo
997 2661 1224 2706 externus,
1259 2666 1381 2713 quae.
1407 2649 1719 2713 significantur
1740 2666 1820 2712 per
1842 2649 1969 2713 quod
1994 2648 2230 2695 maledieta
2259 2647 2427 2695 humus

410 2726 598 2776 propter
618 2727 693 2762 te:
730 2715 854 2778 quod
879 2713 1015 2761 status
1038 2711 1132 2778 ejus
1154 2715 1266 2762 vitae
1287 2714 1545 2769 miserabilis
1567 2713 1735 2771 futura,
1771 2715 1835 2762 est
1854 2714 1981 2778 quod
2007 2716 2053 2760 in
2078 2730 2250 2777 magno
2273 2713 2429 2760 dolore

390 2778 565 2842 *ederet
587 2781 644 2827 de
683 2797 763 2836 ea;
800 2781 849 2828 δε
873 2781 1063 2844 quidem
1089 2779 1227 2844 usque
1249 2781 1306 2828 ad
1331 2780 1547 2828 Ecclefiae
1579 2781 1703 2827 istius
1735 2781 1894 2836 finem,
1944 2779 2075 2843 quod
2117 2780 2181 2828 est
2216 2780 2429 2828 omnibus

412 2845 570 2893 diebus
595 2848 706 2894 vitae
730 2846 833 2894 suae.
1333 2866 1338 2870 ·
2036 2901 2039 2904 ¹

407 2917 414 2930 ²
483 2912 591 2961 268.
629 2913 774 2973 Quod
811 2913 980 2974 humus
1014 2913 1237 2977 significet
1275 2913 1534 2961 Externum
1569 2911 1821 2970 hominem,
1872 2910 2070 2960 constare
2104 2911 2250 2977 potest
2278 2911 2333 2960 ab
2357 2913 2425 2965 iis,

413 2990 520 3038 quae
541 2979 666 3042 prius
696 2979 752 3026 de
769 2981 901 3036 terra,
936 2981 987 3027 δε
1011 2981 1069 3027 de
1093 2980 1254 3034 humo,
1290 2981 1340 3027 ὅτ
1380 2979 1436 3026 de
1461 2995 1587 3042 agro,
1623 2979 1742 3026 dicia
1770 2978 1902 3026 sunt:
1954 2980 2140 3042 quando
2174 2980 2316 3026 homo
2355 2994 2422 3023 re-

413 3055 650 3103 generatus
671 3044 751 3101 est,
791 3058 883 3093 non
907 3046 1102 3109 amplius
1124 3058 1315 3093 vocatur
1338 3057 1467 3102 terra,
1505 3045 1577 3091 sed
1596 3045 1780 3102 humuS‚
1816 3045 1923 3109 quia
1958 3048 1999 3092 ei
2030 3046 2292 3108 implantata
2324 3043 2423 3090 sunt

370 3118 373 3121 ⁴
413 3106 581 3155 semina
612 3110 807 3174 coelestia
826 3134 842 3166 ·‚
878 3112 1022 3159 humo
1037 3113 1172 3158 etiam
1191 3124 1496 3175 comparatur,
1531 3113 1581 3158 &
1595 3111 1764 3158 humus
1782 3125 1970 3158 vocatur
1991 3115 2147 3174 paffim
2172 3114 2218 3157 in
2239 3110 2422 3162 Verbo·,

413 3174 476 3219 est
500 3174 727 3222 Externus
750 3177 907 3233 homo,
944 3177 1016 3224 seu
1038 3176 1133 3241 ejus
1163 3178 1342 3225 affec'tio
1362 3179 1413 3225 δε
1438 3179 1674 3233 memoria,
1710 3179 1785 3224 cui
1807 3177 2131 3240 implantantur
2150 3176 2316 3223 semina
2339 3174 2422 3220 bo-

411 3241 460 3288 ni
482 3240 532 3287 ὅτ
554 3242 666 3298 veri,
702 3258 796 3290 non
820 3255 968 3291 autem
994 3243 1177 3291 interno
1201 3243 1392 3301 homini,
1429 3245 1536 3306 quia
1556 3247 1602 3291 in
1624 3245 1810 3292 Interno
1846 3243 1967 3312 nulla
2005 3243 2103 3290 sunt
2138 3240 2422 3314 propria-ho-

1080 3326 1083 3329 ·
2273 3321 2427 3364 minis,
