2788 3736
769 281 1197 345 CAPUT
1290 249 2154 379 SECUNDUM-,⁸
2368 248 2451 362 29

420 436 511 484 tur,
536 424 664 488 quod
688 423 752 472 est
770 423 986 480 Ecclesia,
1014 425 1064 473 δε
1089 423 1304 472 Coelum:
1342 423 1446 470 ideo
1468 422 1605 469 etiam
1628 421 1830 474 Ecclesia
1851 418 2179 483 Antiquissima
2199 419 2449 483 appellatur

426 492 599 538 Homo
638 492 685 538 in
716 491 941 554 singulari.
1744 553 1747 554 γ

417 558 422 561 ”
488 561 566 621 83.
604 555 819 605 Absoluti
851 558 1067 605 dicuntur
1089 556 1196 604 coeli
1219 557 1270 603 δε
1295 567 1427 609 terra,
1451 554 1502 600 δε
1525 554 1677 599 omnis
1701 554 1924 599 exercitus
1948 568 2126 609 eorum,
2162 567 2272 601 cum
2295 552 2442 600 homo

418 620 562 670 &Cius
587 625 754 671 Sextus
778 624 907 679 dies3
945 636 1056 670 tunc
1095 624 1218 679 enim
1251 619 1362 666 fides
1399 620 1450 665 &
1488 634 1618 666 amor
1640 635 1784 666 unum
1826 616 2027 674 faciunt;
2072 620 2123 666 ὅτ
2157 635 2266 666 cum
2289 636 2438 667 unum

417 686 606 746 faciunt,
644 691 804 753 incipit
838 705 931 736 non
955 687 1068 734 fides
1091 686 1165 733 sed
1190 701 1320 732 amor
1342 684 1588 748 principale
1621 685 1721 740 effe,
1756 684 1844 730 hoc
1867 683 1948 740 est,
1982 700 2075 730 non
2114 684 2337 747 spirituale
2359 686 2438 734 sed

418 756 618 813 coeleste,
654 756 782 819 quod
805 754 883 810 est,
920 753 1064 802 homo
1087 751 1279 799 coelestis
1300 752 1397 798 effe.

490 826 566 882 84.
602 820 742 869 Vers:
770 837 815 876 2,
843 836 869 880 3
961 820 1024 866 Et
1047 819 1235 881 absolvit
1262 817 1386 864 Deus
1408 818 1454 863 in
1476 817 1543 864 die
1572 817 1754 879 septimo
1779 829 1881 879 opus
1893 817 2037 879 suum,
2071 817 2183 880 quod
2200 818 2330 878 fecit,
2379 820 2436 868 &³

417 889 585 951 quievit
622 889 669 933 in
701 885 768 933 die
791 879 996 948 septimo,
1033 885 1088 931 ab
1123 886 1233 931 omni
1255 895 1376 946 opere
1404 884 1503 946 sue,
1539 883 1649 947 quod
1674 883 1799 944 fecit.
1871 885 1934 930 Et
1958 883 2164 930 benedixit
2187 885 2308 930 Deus
2331 885 2437 931 Diei

405 955 602 1016 septimo,
640 951 696 1002 δέ’
734 950 1032 1015 sanHificavit
1070 950 1206 1006 illum,
1259 953 1358 1014 quia
1393 951 1439 995 in
1471 948 1544 996 illo
1584 951 1748 1013 quievit
1779 949 1835 996 ab
1886 950 1997 996 omni
2029 961 2149 1010 opere
2182 949 2279 1012 suo,
2326 951 2437 1014 quod

415 1020 583 1066 creavit
607 1020 727 1066 Deus
735 1017 950 1079 faciendo.
1022 1017 1190 1063 Homo
1219 1014 1414 1063 coelestis
1435 1013 1500 1062 est
1515 1015 1746 1078 Septimus
1770 1015 1864 1062 dies
1883 1034 1894 1062 :
1930 1016 1981 1062 δε
2005 1016 2112 1078 quia
2133 1031 2216 1079 per
2245 1014 2320 1062 sex
2337 1016 2434 1063 dies

421 1096 628 1147 operatus
662 1082 726 1132 est
748 1084 996 1139 Dominus,
1022 1081 1190 1130 dicitur
1213 1098 1330 1146 opus
1351 1081 1523 1145 Ipsius:
1558 1083 1610 1129 &
1632 1083 1738 1145 quia
1760 1094 1870 1129 tunc
1903 1081 2033 1128 ceffat
2055 1097 2228 1144 pugna,
2265 1081 2435 1130 dicitur

414 1151 646 1198 Dominus
669 1148 891 1213 quiescere
914 1149 971 1197 ab
987 1150 1117 1196 omni
1133 1165 1267 1213 opere
1290 1147 1370 1195 suo
1390 1170 1405 1203 ·,
1429 1163 1566 1212 quare
1583 1148 1815 1211 Septimus
1838 1146 1933 1195 dies
1950 1146 2244 1194 sanCtificatus
2266 1148 2344 1205 est,
2381 1148 2433 1196 &

416 1216 564 1263 dietus
594 1215 859 1264 sabbathum
889 1232 912 1263 a
935 1216 1087 1279 quiete
1108 1238 1123 1272 ·,
1158 1217 1210 1263 δε
1234 1215 1294 1268 sic
1324 1214 1469 1263 homo
1490 1226 1662 1262 creatus
1684 1214 1766 1272 est,
1803 1212 2023 1262 formatus
2047 1215 2097 1261 δε
2120 1211 2262 1262 faetus
2282 1237 2296 1270 ς
2333 1213 2434 1262 haec

415 1299 442 1330 a
463 1282 612 1330 verbis
647 1280 876 1330 manifeste
906 1281 1249 1346 perspiciuntur.

488 1353 564 1412 85.
603 1348 750 1414 Qiod
773 1349 942 1397 Homo
965 1348 1157 1396 coelestis
1181 1349 1236 1397 sit
1251 1349 1485 1412 Septimus
1508 1348 1620 1406 dies,
1655 1348 1706 1396 ὅτ,
1730 1347 1948 1413 septimus
1985 1346 2080 1395 dies
2103 1347 2208 1394 inde
2241 1346 2433 1394 sanctifi-

415 1428 560 1472 catus,
595 1416 646 1463 &
677 1415 824 1462 dietus
848 1414 1127 1462 Sabbathum
1151 1431 1176 1462 a
1207 1416 1375 1478 quiete,
1412 1413 1515 1462 sunt
1551 1431 1708 1462 arcana
1740 1415 1951 1462 nondum
1986 1414 2177 1471 detefm‘,
2212 1415 2350 1460 etiam
2378 1428 2435 1461 ex

417 1480 560 1539 causa,
596 1482 704 1545 quia
725 1480 1010 1529 nesciverunt
1033 1481 1147 1545 quid
1170 1480 1364 1528 coelestis
1387 1480 1547 1538 homo,
1571 1483 1701 1545 pauci
1727 1482 1841 1546 quid
1865 1480 2118 1544 spiritualis,
2154 1496 2296 1544 quem
2320 1481 2351 1526 ii
2380 1494 2439 1527 ex

417 1548 671 1612 ignorantia
692 1564 785 1596 non
814 1558 1064 1612 potuerunt
1085 1544 1183 1595 tion¹
1201 1547 1398 1595 eundem
1429 1546 1574 1596 facere
1604 1564 1713 1595 cum
1747 1547 1936 1604 coelesti,
1971 1563 2081 1594 cum
2105 1559 2257 1594 tamen
2289 1546 2437 1593 multa

389 1655 394 1659 .
420 1614 657 1662 intercedit
696 1614 962 1672 differentia,
999 1614 1223 1672 videatur,
1258 1615 1333 1662 N:
1362 1618 1436 1664 81.
1507 1615 1657 1676 Quod
1694 1613 1941 1678 septimum
1986 1613 2112 1661 cliem
2155 1613 2330 1669 attinet,
2381 1614 2433 1660 δε

416 1681 546 1744 quod
576 1680 770 1728 coelestis
794 1681 937 1729 homo
959 1681 1014 1729 fit
1037 1681 1254 1745 septimus
1276 1679 1370 1728 dies
1394 1680 1468 1727 seu
1490 1679 1772 1738 sabbathum,
1809 1680 1982 1729 constat
2003 1695 2060 1727 ex
2081 1695 2154 1736 eo,
2188 1679 2316 1743 quod
2337 1679 2438 1730 Do·

418 1748 570 1795 minus
593 1746 691 1810 Ipse
730 1747 785 1794 sit
815 1746 1114 1803 Sabbathum,
1149 1763 1287 1810 quare
1324 1749 1461 1794 etiam
1486 1747 1614 1804 dicit,
1658 1752 1692 1774 “
1726 1749 1959 1795 Dominus
1981 1746 2046 1794 est
2069 1745 2189 1792 filius
2218 1745 2436 1802 hominis,

344 1862 354 1869 ,
419 1818 456 1840 “
489 1813 540 1860 ὅτ
563 1811 807 1868 sabbathi,'’
822 1798 968 1875 ‘M'arc
988 1831 998 1860 ε
1028 1829 1067 1859 11
1089 1831 1099 1860 :
1129 1828 1206 1876 27.
1242 1828 1349 1875 quve
1374 1813 1636 1870 involvunt,
1659 1813 1786 1877 quod
1799 1814 2032 1860 Dominus
2055 1811 2110 1866 sit
2133 1810 2231 1874 Ipse
2249 1814 2434 1868 Homo,

418 1879 470 1926 &
493 1876 650 1941 Ipsum
673 1877 967 1925 Sabbathum.
1038 1879 1260 1941 Regnum
1284 1878 1426 1940 Ipsius
1466 1879 1513 1925 in
1540 1879 1670 1926 coelis
1708 1880 1758 1926 δε
1798 1881 1846 1926 in
1871 1881 1999 1926 terris
2029 1877 2087 1925 ab
2110 1876 2212 1941 Ipso
2247 1890 2436 1925 vocatur

418 1942 717 2000 Sabbathum,
743 1942 816 1990 seu
840 1955 1010 1990 aeterna
1029 1943 1126 1990 Pax
1150 1944 1201 1990 ὅτ
1226 1944 1386 2056 (Ἕξεε.
1458 1945 1659 1991 Ecclesia
1681 1946 1999 2008 andquiffima,
2030 1945 2088 1991 de
2110 1959 2202 2007 qua
2221 1941 2313 2000 hic,
2339 1959 2439 2007 prae
2533 1964 2537 1965 ⁷

419 2008 721 2074 sequentibuS,
773 2021 866 2057 erat
895 2010 1092 2057 Domini
1131 2008 1275 2056 Sabba
1316 2025 1424 2077 ⁸um.
1495 2012 1665 2058 Omnis
1688 2010 1889 2059 Ecclesia
1917 2010 2100 2074 sequens
2140 2009 2301 2056 intima
2335 2011 2435 2058 Do-

393 2105 402 2122 -,
419 2077 552 2133 mini,
589 2077 726 2123 etiam
762 2074 827 2122 est
849 2075 1160 2123 Sabbathum:
1207 2077 1269 2123 ita
1304 2077 1455 2124 omnis
1479 2077 1804 2140 Regeneratus,
1840 2077 1956 2125 dum
1992 2077 2047 2123 fit
2084 2075 2294 2133 coelestis,
2328 2077 2439 2140 quia

388 2163 390 2165 ·
416 2141 481 2190 est
497 2141 746 2189 similitudo
768 2143 995 2198 Domini·‚
1030 2141 1296 2206 praecedunt
1318 2141 1391 2190 sex
1414 2143 1509 2190 dies
1540 2154 1731 2207 pugnze,
1768 2143 1841 2190 seu
1864 2143 2042 2191 laboris.
2111 2143 2236 2190 Haec
2269 2159 2437 2206 reprae-

419 2207 583 2256 sentata
618 2208 722 2256 sunt
759 2208 806 2255 in
829 2207 1030 2256 Ecclesia
1052 2208 1243 2270 Judaica
1280 2224 1362 2272 per
1390 2209 1484 2257 dies
1521 2208 1701 2267 laboris,
1738 2211 1787 2258 ὅτ
1821 2226 1902 2273 per
1931 2210 2194 2274 septimum,
2230 2211 2311 2272 qui
2341 2208 2435 2256 sab-

390 2296 393 2299 ·
420 2274 646 2330 bathum,
683 2290 791 2322 nam
828 2275 875 2321 in
897 2274 1098 2322 Ecclesia
1120 2274 1211 2330 illa,
1253 2274 1364 2322 nihil
1401 2292 1512 2332 non,
1546 2276 1674 2340 quod
1697 2276 1972 2334 institutum,
2007 2288 2102 2324 erat
2125 2274 2434 2338 Repraesenta-

419 2342 570 2388 tivum
593 2341 804 2397 Domini,
840 2341 890 2388 δε
914 2342 1068 2404 Regni
1091 2340 1265 2405 Ipsius:
1302 2339 1448 2389 simile
1484 2345 1622 2390 etiam
1660 2342 2025 2406 repraesentatum
2063 2341 2126 2389 est
2145 2357 2227 2405 per
2243 2346 2435 2397 Arcam,

421 2422 531 2454 cum
554 2405 928 2470 proficisceretur,
954 2407 1004 2455 ὅτ
1021 2424 1131 2455 cum
1153 2406 1430 2471 quiesceret;
1466 2425 1548 2472 per
1569 2407 1874 2458 Profectiones
1898 2407 1995 2474 ejus
2018 2410 2065 2456 in
2090 2407 2279 2465 deserto,
2311 2424 2433 2473 pug-

421 2488 495 2520 nae
518 2473 568 2519 &
591 2474 857 2521 tentationes
877 2496 891 2530 ;
928 2490 1009 2537 per
1042 2475 1262 2538 quietem,
1299 2474 1436 2522 status
1459 2477 1598 2539 pacis,
1634 2491 1770 2539 quare
1793 2491 1903 2523 cum
1926 2473 2298 2539 proficisceretur,
2317 2475 2434 2522 dixit

421 2537 593 2595 Moses,
634 2544 669 2565 “
704 2539 849 2602 Surge
872 2540 1098 2602 jehovah‚
1128 2541 1178 2588 δε
1203 2539 1514 2605 dispergantur
1547 2543 1720 2590 inimici
1742 2544 1830 2599 tui,
1863 2542 1914 2589 δε
1935 2541 2115 2606 fugiant
2136 2539 2282 2589 osores
2315 2543 2382 2588 tui
2407 2557 2435 2588 a

424 2610 458 2631 ‘⁶
493 2602 689 2652 faciebus
723 2606 812 2652 tuis
832 2627 848 2659 ·,
884 2606 934 2653 ὅτ
958 2621 1067 2652 cum
1091 2605 1352 2669 quiesceret,
1393 2607 1526 2665 dixit,
1568 2621 1787 2656 revertere
1811 2608 2035 2670 Jehovah,
2076 2607 2298 2671 myriades
2323 2607 2430 2654 mil-

425 2676 460 2698 “
494 2671 610 2718 lium
627 2670 844 2727 Israelis?
875 2671 1038 2718 Num:
1066 2687 1099 2718 x
1119 2690 1130 2719 ε
1161 2689 1240 2735 35,
1268 2675 1344 2736 36.
1378 2674 1436 2720 de
1450 2676 1572 2722 Arca
1595 2674 1658 2721 ibi
1681 2675 1863 2731 dicitur,
1887 2675 2014 2738 quod
2031 2673 2231 2738 profeffli
2252 2689 2427 2720 amon·

421 2749 465 2784 te
489 2736 697 2798 Jehovae,
729 2737 786 2784 ad
833 2737 1198 2800 investigandum
1233 2737 1318 2785 illis
1358 2740 1582 2802 requiem,
1621 2739 1698 2788 ib:
1734 2740 1859 2788 vers:
1899 2758 1975 2803 33.
2011 2741 2212 2803 Requies
2232 2739 2429 2793 ,caelestis

398 2803 619 2851 -hominis
649 2811 731 2867 per
767 2802 1035 2850 sabbathum
1073 2802 1336 2851 describitur
1374 2805 1498 2868 apud
1537 2805 1730 2863 Esaiam,
1785 2811 1818 2850 ‘f
1852 2806 1900 2852 Si
1930 2805 2115 2853 reducas
2156 2822 2183 2853 a
2219 2805 2432 2854 sabbatho

424 2874 460 2896 “
492 2870 659 2933 pedem
699 2882 852 2926 tuum,
886 2882 939 2917 ut
980 2886 1073 2917 non
1111 2868 1244 2918 facias
1283 2870 1553 2920 desiderium
1580 2883 1735 2928 tuum,
1771 2873 1818 2919 in
1841 2871 1914 2919 die
1949 2871 2184 2920 sanffitatis
2208 2888 2341 2929 meae,
2374 2873 2438 2919 δῖ’

425 2939 459 2962 “
493 2951 632 2983 voces
656 2935 746 2993 illa,
781 2951 888 3000 quae
921 2935 1022 2983 sunt
1041 2935 1284 2994 Sabbatho,
1319 2938 1494 2985 delitias
1516 2939 1678 2985 Sancto
1701 2938 1894 2999 jehovae
1931 2938 2227 2996 honorabiles,
2270 2940 2320 2986 &
2345 2939 2426 2985 ho-

425 3005 459 3026 “
493 3017 624 3049 nores
646 3002 780 3059 illud,
813 3014 870 3064 ut
902 3018 994 3050 non
1022 3001 1154 3050 facias
1177 3005 1272 3050 vias
1301 3016 1417 3062 tuas,
1451 3020 1534 3052 nec
1559 3006 1756 3052 ‘invenias
1790 3004 2060 3052 desiderium
2094 3018 2246 3061 tuum,
2283 3006 2331 3052 ἅτ
2356 3004 2425 3050 lo-

425 3070 459 3093 “
494 3068 641 3128 quar-is
666 3068 861 3115 verbum
883 3091 898 3123 ·‚
933 3081 1043 3115 tunc
1068 3068 1294 3116 delitiosus
1317 3072 1400 3118 eris
1418 3071 1625 3131 jehovae,
1660 3071 1709 3118 &
1732 3070 1837 3118 vehi
1859 3069 2025 3130 faciam·
2045 3083 2090 3118 te
2112 3071 2241 3134 super
2264 3069 2431 3118 excelsa

337 3152 339 3154 ·
421 3137 456 3158 “
491 3143 641 3189 terrae,
674 3134 724 3180 ὅτ
757 3133 918 3181 cibabo
947 3146 991 3181 te
1014 3135 1272 3182 haereditate
1295 3136 1505 3196 Jacobi,.’'
1532 3152 1697 3184 Lviii:
1731 3155 1806 3201 13,
1837 3155 1909 3196 14.
1945 3136 2153 3184 Coelestis
2184 3137 2325 3183 homo
2359 3149 2426 3182 ta-

421 3198 475 3247 lis
505 3197 584 3254 est,
635 3210 688 3244 ut
716 3215 814 3247 non
844 3214 900 3246 ex
936 3200 1158 3248 desiderio
1195 3200 1275 3249 suo
1316 3200 1466 3259 faciat,
1525 3202 1600 3250 sed
1646 3200 1703 3250 ex
1732 3203 2013 3267 beneplacito
2036 3204 2246 3259 Domini,
2299 3201 2426 3263 quod

421 3262 518 3328 ejus
548 3263 819 3314 desiderium
844 3265 940 3323 est,
978 3266 1036 3313 sic
1059 3265 1224 3314 fruitur
1246 3265 1353 3332 pace
1386 3270 1435 3320 &
1460 3267 1668 3321 felicitate
1693 3271 1883 3328 interna,
1914 3286 2020 3333 quae
2053 3269 2124 3316 hic
2154 3268 2425 3331 exprimitur

2353 3347 2439 3395 per
