2788 3736
296 267 536 352 ‘'464
970 264 1037 331 G
1129 261 1193 329 E
1284 262 1372 329 N
1453 260 1520 329 E
1609 256 1678 330 s
1747 229 1951 337 tissi

394 400 462 450 est
484 412 754 463 corporeum
776 393 1033 461 quoddam,
1067 396 1196 461 quod
1225 395 1517 462 dispergitur,
1569 407 1679 446 cum
1708 399 2042 461 regeneratur}
2081 400 2211 466 quod
2249 403 2406 451 autern

396 466 540 515 homo
563 465 696 513 trahit
718 480 744 510 a
764 475 906 529 patre,
942 463 1030 512 hoc
1054 475 1255 512 remanet
1277 465 1324 511 in
1348 476 1601 520 aeternum3
1638 475 1684 512 at
1707 464 1899 512 Domini
1922 464 2260 517 haereditarium
2285 487 2310 517 a
2327 471 2407 530 Je-'

396 532 562 589 hovah,
598 542 651 578 ut
672 531 867 587 dielum,
903 528 992 578 suit
1018 531 1258 579 Divinum.
1330 530 1546 579 Alterum
1570 545 1784 579 arcanum
1807 529 1890 587 est,
1958 530 2054 579 uod
2075 534 2268 582 Domini
2291 537 2407 583 Hu-

398 613 590 646 manum
614 613 798 661 quoque
821 595 995 645 faCtum
1028 596 1083 644 fit
1104 595 1333 645 Divinum
1356 619 1371 654 3
1406 598 1529 662 apud
1551 597 1708 661 Ipsum
1733 597 1894 648 Solum
1924 547 2019 645 lluit
2056 599 2406 664 corresponden-

397 665 461 713 tia
492 665 704 712 omnium
751 679 857 727 quae
896 665 1099 728 corporis
1139 680 1250 714 cum
1272 665 1465 722 Divino,
1500 663 1832 730 perfeEtiffirna,
1868 663 1943 712 seu
1982 664 2158 713 infinite
2190 665 2407 730 ,perfedta,

400 730 507 778 inde
529 732 640 778 unio
671 745 997 795 corporeorum
1030 747 1139 778 cum
1166 731 1350 778 Divinis
1384 730 1661 791 coelestibuS‚
1693 731 1745 780 ὅτ
1784 730 2051 779 sensualium
2089 747 2198 780 cum
2227 733 2409 791 Divinis

399 797 722 862 spiritualibus,
758 800 819 846 ita
841 796 1071 847 PerfeOEtus
1101 798 1285 855 Home,
1322 799 1372 845 ὅτ
1396 797 1530 847 Solus
1552 798 1735 846 Home.

476 881 617 927 1415.
653 862 780 912 Vers.
809 881 852 914 2.
892 866 957 912 Et
980 863 1151 926 faciam
1184 875 1226 912 te
1256 866 1302 912 in
1317 875 1484 927 gentem
1507 881 1722 928 magnam,
1755 864 1812 914 δέ’
1849 863 2083 914 benedicam
2106 867 2189 914 tibi
2211 865 2268 916 ἐξ
2288 883 2410 931 mag-

401 946 503 979 num
523 929 695 993 faciam
719 946 864 979 nomen
884 940 1020 987 tu-um,
1058 931 1113 980 ἑά
1136 933 1219 979 eris
1241 931 1478 980 benediino.
1551 932 1733 980 Faciam
1774 943 1820 979 te
1858 933 2134 996 ingentem
2171 948 2409 997 magnam,

395 996 630 1060 ‘fignificat
653 1013 848 1061 regnum
874 997 922 1044 in
942 997 1073 1049 coelis
1121 999 1169 1045 &
1197 999 1243 1045 in
1267 999 1428 1054 terris,
1464 1014 1574 1061 gens
1612 1014 1780 1062 magna
1803 997 1971 1046 dicitur
2007 1014 2033 1046 a
2064 997 2321 1047 coelestibus
2359 1001 2411 1049 δε

402 1061 534 1110 bonis
553 1081 564 1111 z
600 1063 651 1112 δε
673 1062 937 1111 benedicam
960 1063 1060 1121 tibi,
1084 1063 1305 1127 fignificat
1322 1057 1576 1112 coelestium
1593 1063 2007 1122 frustificationem,
2025 1064 2075 1113 δε
2111 1064 2412 1130 spiritualium

406 1129 869 1193 multiplicationem:
914 1131 965 1178 ὅτ
1002 1129 1224 1194 magnum
1250 1130 1414 1179 faciam
1447 1147 1619 1178 nomen
1640 1142 1794 1188 tuum,
1829 1130 2051 1194 fignificat
2097 1131 2322 1195 gloriam:
2358 1133 2411 1182 &c

403 1197 492 1245 eris
527 1195 797 1252 benediciio,
835 1195 1056 1257 fignificat
1079 1196 1204 1259 quod
1224 1213 1250 1244 a
1264 1197 1474 1245 Domino
1497 1198 1652 1244 omnia
1674 1198 1724 1244 &
1746 1197 1934 1260 singula.

358 1321 365 1326 ¹
409 1318 411 1321 ¹
487 1263 627 1322 1416.
665 1262 846 1309 Faciam
870 1273 916 1308 te
939 1263 986 1308 in
1009 1273 1196 1324 gentem
1219 1277 1455 1325 magnam,
1489 1262 1619 1325 quod
1640 1261 1864 1327 significet
1884 1265 2106 1327 Regnum
2130 1263 2178 1311 in
2200 1264 2329 1313 coelis
2360 1264 2411 1313 δε

352 1325 354 1327 ’
404 1327 454 1376 in
473 1329 614 1383 terris,
640 1327 839 1392 constare
857 1326 1003 1391 potest
1019 1344 1045 1374 a
1058 1327 1382 1391 significatione
1396 1329 1578 1385 Gentis,
1597 1328 1725 1392 quod
1743 1329 1790 1376 in
1807 1326 1930 1375 sensu
1948 1330 2140 1386 interno,
2160 1331 2213 1378 fit
2229 1331 2411 1380 coeleste

403 1395 572 1443 amoris
594 1395 644 1441 &
668 1393 846 1442 bonum
872 1393 996 1451 inde,
1031 1395 1094 1442 ita
1115 1410 1274 1447 ornnes
1299 1396 1347 1442 in
1391 1393 1617 1450 universo,
1652 1393 1817 1458 quibus
1841 1393 1905 1442 est
1935 1393 2117 1442 coeleste
2154 1398 2322 1444 amoris
2360 1398 2422 1446 δι’

403 1461 660 1516 charitatis;
696 1460 771 1508 hic
793 1461 900 1524 quia
922 1462 1074 1523 agitur
1096 1459 1154 1508 de
1178 1461 1390 1508 Domino
1413 1462 1461 1508 in
1485 1460 1607 1508 sensu
1631 1462 1825 1517 interno,
1861 1461 2129 1524 intelligitur
2149 1478 2288 1511 omne
2310 1478 2409 1511 coe·

406 1527 518 1576 leste·
533 1527 584 1575 δε
606 1542 744 1575 omne
767 1525 944 1574 bonum
967 1527 1088 1583 inde,
1124 1528 1187 1574 ita
1204 1526 1347 1590 Ipsius
1371 1519 1610 1591 Regnum,
1645 1527 1776 1590 quod
1797 1526 1920 1590 apud
1944 1527 2044 1575 illos
2067 1526 2146 1584 est,
2182 1529 2263 1592 qui
2287 1530 2334 1577 in
2367 1545 2414 1578 a·

407 1609 537 1643 more
561 1593 610 1641 &
635 1593 845 1641 charitate
869 1592 998 1642 sunt:
1036 1594 1083 1640 in
1107 1592 1319 1657 supremo
1342 1592 1466 1641 sen'su
1488 1593 1588 1657 Ipse
1610 1595 1843 1641 Dominus
1881 1592 1945 1640 est
1969 1609 2080 1657 gens
2118 1609 2286 1659 magna
2308 1597 2415 1658 quia

404 1659 471 1708 est
492 1659 650 1724 Ipsum
672 1659 884 1716 Coeleste,
919 1660 969 1707 δε
992 1659 1149 1722 Ipsum
1173 1660 1376 1716 Bonum,
1412 1675 1550 1707 omne
1572 1660 1695 1707 enim
1718 1659 1896 1707 bonum
1919 1659 2084 1708 amoris
2113 1661 2165 1710 δε
2185 1661 2418 1708 charitatis

406 1727 464 1774 ab
486 1726 589 1790 Ipso
616 1725 742 1782 Solo,
776 1741 912 1788 quare
935 1727 1072 1774 etiam
1089 1726 1321 1774 Dominus
1345 1725 1409 1774 est
1431 1725 1580 1790 ipsum
1605 1724 1738 1773 suum
1760 1726 1999 1789 Regnum,
2033 1723 2122 1774 hoc
2158 1725 2239 1783 est,
2273 1733 2411 1775 omne

404 1794 454 1841 in
477 1792 691 1840 omnibus
715 1791 779 1839 sui
796 1793 968 1856 Regni,
993 1804 1046 1839 ut
1067 1808 1250 1856 quoque
1267 1791 1524 1857 agnoscitur
1540 1791 1597 1840 ab
1613 1791 1828 1841 omnibus
1853 1791 2046 1856 Angelis
2069 1792 2118 1840 in
2133 1791 2281 1849 coelo·‚
2306 1794 2412 1844 inde

408 1876 531 1907 nunc
555 1858 740 1915 constat,
763 1859 908 1922 quod,
933 1858 1096 1907 faciam
1119 1871 1164 1907 te
1180 1860 1226 1907 in
1250 1867 1437 1923 gentem
1463 1875 1698 1924 magnam,
1732 1859 1957 1923 significet
1978 1859 2198 1923 Regnum
2215 1859 2411 1908 Domini

407 1928 455 1973 in
479 1926 608 1974 coelis
634 1928 680 1972 &
706 1928 752 1973 in
775 1927 918 1972 terris,
989 1926 1133 1990 Qod
1151 1926 1276 1974 Gens
1298 1928 1344 1974 in
1369 1925 1493 1974 sensu
1517 1928 1711 1983 interno,
1735 1923 1815 1974 ubi
1838 1926 1987 1990 agitur
2009 1925 2067 1973 de
2081 1926 2306 1984 Domino,
2332 1926 2412 1974 de-

406 2008 499 2056 que
527 1992 784 2040 coelestibus
807 1990 989 2049 amoris,
1029 1993 1252 2056 significet
1275 1991 1449 2057 Ipsum,
1486 1994 1542 2041 δε
1568 1993 1724 2041 omnia
1745 1993 1959 2050 coelestia,
1993 1991 2192 2040 constare
2226 2007 2413 2056 quoque

409 2058 558 2124 potest
574 2057 736 2114 abilin,
756 2075 862 2121 quae
885 2058 942 2105 de
965 2059 1289 2122 significatione
1301 2061 1464 2108 Gentis
1489 2061 1537 2107 ὅτ
1555 2061 1780 2108 Gentium
1796 2076 1850 2110 n:
1883 2075 1938 2108 12
1944 2063 2024 2122 58,
2051 2075 2192 2124 1259,
2215 2058 2412 2106 addufita

412 2124 532 2181 sunt,
552 2125 680 2188 quod
694 2140 878 2188 quoque
894 2124 1041 2172 adhuc
1057 2125 1114 2173 ab
1130 2125 1198 2173 his
1221 2127 1482 2174 confirmari
1499 2125 1668 2191 potest;
1693 2127 1750 2174 de
1766 2124 2032 2173 Abrahamo
2048 2126 2095 2171 in
2111 2125 2411 2188 sequentibus,

413 2195 450 2219 “
473 2191 586 2239 Non
608 2191 846 2238 vocabitur
866 2192 1061 2255 amplius
1078 2208 1248 2240 nomen
1265 2193 1610 2249 tuumAbram,
1635 2195 1685 2240 &
1707 2193 1793 2239 erit
1815 2206 1984 2238 nomen
2001 2202 2134 2238 tuum
2157 2190 2413 2248 Abraham,

415 2262 452 2285 “
475 2261 582 2321 quia
603 2270 780 2321 patrem
804 2258 1112 2306 multitudinis
1136 2261 1334 2307 Gentium
1357 2259 1466 2307 dedi
1489 2260 1582 2316 te‚”
1607 2258 1781 2306 Genes:
1799 2273 1915 2304 xvn
1935 2275 1945 2305 :
1985 2273 2028 2318 5.
2052 2273 2109 2303 ex
2123 2257 2315 2318 jehovae
2332 2273 2414 2304 no-

416 2325 540 2372 mine
562 2324 626 2371 est
650 2323 796 2371 sumta
818 2324 982 2372 vocula
1004 2325 1079 2383 (h)
1101 2327 1148 2372 in
1164 2325 1444 2382 Abrahamo,
1470 2325 1531 2373 ob
1554 2323 1988 2389 repraesentationem
2007 2322 2201 2383 Jehovae
2223 2323 2296 2372 seu
2313 2324 2415 2370 Do-

414 2392 543 2438 mini.
614 2390 831 2437 Similiter
853 2391 1062 2446 de-Sarai,
1098 2396 1132 2418 ‘⁶
1155 2391 1267 2439 Non
1290 2391 1471 2439 vocabis
1495 2408 1666 2439 nomen
1688 2390 1783 2455 ejus
1805 2391 1941 2447 Sarai,
1978 2389 2053 2436 sed
2085 2390 2220 2438 Sarah
2243 2404 2412 2437 nomen
2496 2400 2506 2406 “

417 2462 454 2484 “
487 2454 598 2520 ejus,
634 2457 684 2504 &
707 2456 968 2504 benedicam
993 2457 1075 2514 illi,
1111 2457 1161 2504 &
1184 2458 1320 2505 etiam
1342 2458 1462 2506 dabo
1484 2474 1543 2505 ex
1563 2475 1614 2505 ea
1639 2457 1723 2505 tibi
1746 2457 1914 2514 filiurn,
1947 2457 2010 2504 ita
2032 2455 2291 2504 benedicam
2328 2456 2411 2513 illi,

416 2527 455 2551 “
491 2525 540 2570 ὅτ
564 2524 646 2570 erit
662 2524 707 2569 in
732 2524 898 2579 Gentes,
924 2539 1049 2586 reges
1072 2524 1351 2588 populorum
1375 2541 1430 2572 ex
1452 2524 1527 2572 illa
1542 2525 1723 2581 erunt,'’
1745 2525 1872 2574 Gen:
1891 2538 1998 2570 xv11
2020 2541 2032 2570 ε
2065 2523 2136 2571 16.
2163 2523 2243 2571 ubi
2256 2534 2413 2586 gentes

413 2605 502 2653 pro
524 2588 777 2637 coelestibus
801 2591 981 2646 amoris,
1001 2606 1127 2654 reges
1150 2591 1430 2654 populorum
1451 2607 1537 2654 pro
1560 2588 1859 2656 spiritualibus
1883 2589 1991 2636 fidei
2009 2589 2131 2645 inde,
2155 2605 2262 2653 quae
2277 2588 2412 2635 solius
2455 2580 2463 2590 ⁴

415 2657 624 2704 Domini.
680 2657 767 2703 ‘De
791 2656 967 2716 Jacobo
988 2659 1169 2719 pariter,
1210 2664 1244 2684 “
1267 2658 1380 2705 Non
1404 2657 1646 2706 vocabitur
1670 2673 1836 2704 nomen
1861 2668 1996 2703 tuum
2029 2655 2224 2718 amplius
2247 2654 2410 2716 Jacob,

421 2728 457 2748 ‘⁶
490 2720 716 2770 sed'Israel
740 2724 822 2769 erit
843 2739 1012 2770 nomen
1035 2735 1188 2780 tuum,
1223 2724 1274 2772 ὅτ
1307 2725 1491 2772 vocavit
1523 2740 1691 2771 nomen
1732 2721 1828 2786 ejus
1850 2722 1997 2778 Israel,
2032 2722 2082 2767 &
2119 2721 2238 2767 dixit
2268 2720 2412 2777 Deus,

423 2792 458 2814 “
494 2788 602 2850 Ego
624 2790 750 2835 Deus
773 2787 1054 2848 fulminator,
1093 2790 1235 2839 cresce
1258 2791 1307 2838 ὅτ
1331 2790 1649 2854 multiplicare,
1685 2791 1796 2838 Gens
1817 2790 1870 2836 δε
1892 2788 2192 2850 congregatio
2213 2789 2413 2834 Gentium
2485 2847 2492 2851 Δ

421 2858 458 2882 “
494 2853 572 2899 fiet
593 2870 648 2899 ex
671 2867 732 2910 te,
757 2856 807 2902 ὅτ
831 2871 957 2918 reges
980 2872 1036 2903 ex
1059 2856 1226 2904 lumbis
1250 2858 1338 2905 tuis
1370 2856 1612 2913 exibunt,''
1637 2857 1770 2918 Gen:
1796 2869 1945 2900 xxxv:
1976 2870 2052 2908 10,
2084 2870 2154 2900 11.
2192 2852 2270 2900 ubi
2286 2852 2414 2899 Israel

419 2934 506 2983 pro
528 2920 752 2975 Domino,
789 2921 889 2983 Qi
911 2924 1038 2984 quod
1062 2922 1159 2987 Ipse
1195 2923 1324 2971 Israel
1362 2923 1419 2976 in«
1446 2922 1657 2985 supremo
1687 2919 1827 2975 sensu,
1862 2917 2085 2981 aliquibus
2126 2931 2290 2966 notum
2328 2918 2409 2975 est,
2488 2924 2494 2927 ’

419 2987 471 3030 ὃῑ
506 2999 614 3031 cum
638 2984 750 3047 Ipse,
786 2998 924 3048 patet,
961 2989 1086 3049 quod
1125 3005 1235 3052 gens
1259 2990 1309 3036 δε
1332 2989 1628 3050 congregatio
1657 2985 1883 3047 gentium,
1919 2984 1968 3031 δε
1993 3000 2118 3047 reges
2147 3001 2205 3033 ex
2241 2982 2412 3032 lumbis

419 3050 443 3099 1
478 3050 581 3106 s1us,
617 3049 702 3097 sint
726 3050 921 3099 coelestia
942 3053 991 3100 &
1018 3053 1258 3117 spiritualia
1289 3055 1478 3108 amoris,
1508 3056 1649 3114 ¹quare
1682 3067 1840 3098 omnes
1877 3052 1957 3114 qui
1981 3051 2026 3097 in
2067 3051 2325 3099 coelestibus
2362 3052 2414 3097 ὅτ

418 3066 719 3178 ίζξίτίωώἰῦυε
740 3117 916 3163 amoris·
986 3120 1060 3166 De
1083 3119 1280 3176 Ismaele‚
1318 3119 1414 3165 filio
1438 3117 1633 3165 Abrami
1656 3133 1712 3165 ex
1734 3118 1939 3182 Hagare,
1979 3122 2013 3144 “
2038 3117 2218 3165 Filium·
2233 3116 2410 3164 ancillae

418 3182 468 3233 in
491 3183 665 3234 Gentem
712 3199 881 3246 ponam
921 3199 1049 3241 eum,
1085 3187 1191 3247 quia
1208 3184 1356 3232 semen
1381 3196 1514 3232 tuum
1537 3184 1650 3241 est‚'’
1667 3185 1798 3232 Gen:
1824 3199 1941 3231 xxx:
1976 3200 2050 3248 13,
2085 3188 2153 3232 ¹8.
2179 3182 2292 3247 quid
2330 3198 2410 3246 per

419 3246 653 3303 ismaelem
688 3249 1043 3314 repraesentatur,
1077 3251 1141 3299 ibi
1179 3250 1269 3300 loci
1312 3249 1571 3312 videbitur3
1608 3249 1760 3302 semen
1798 3250 1994 3301 Abrami
2029 3249 2094 3299 est
2129 3249 2221 3316 ipse
2265 3262 2409 3303 amor,

1057 3344 1059 3346 ν
2358 3330 2414 3361 ex
