<?xml version="1.0" encoding="UTF-8"?>
<!DOCTYPE html PUBLIC "-//W3C//DTD XHTML 1.0 Transitional//EN"
    "http://www.w3.org/TR/xhtml1/DTD/xhtml1-transitional.dtd">
<html xmlns="http://www.w3.org/1999/xhtml" xml:lang="en" lang="en">
 <head>
  <title>
</title>
<meta http-equiv="Content-Type" content="text/html;charset=utf-8" />
  <meta name='ocr-system' content='tesseract 3.04.00' />
  <meta name='ocr-capabilities' content='ocr_page ocr_carea ocr_par ocr_line ocrx_word'/>
</head>
<body>
  <div class='ocr_page' id='page_1' title='image "arcanacaelestiaq01sweduoft_0393.png"; bbox 0 0 2788 3736; ppageno 0'>
   <div class='ocr_carea' id='block_1_1' title="bbox 713 270 2414 360">
    <p class='ocr_par' dir='ltr' id='par_1_1' title="bbox 713 270 2414 360">
     <span class='ocr_line' id='line_1_1' title="bbox 713 270 2414 360; baseline 0 -24"><span class='ocrx_word' id='word_1_1' title='bbox 713 270 1197 336; x_wconf 83' lang='lat' dir='ltr'><strong>CAPUT</strong></span> <span class='ocrx_word' id='word_1_2' title='bbox 1303 270 2077 360; x_wconf 68' lang='lat' dir='ltr'><strong>DECIMUM.·</strong></span> <span class='ocrx_word' id='word_1_3' title='bbox 2284 277 2414 360; x_wconf 77' lang='lat'>383</span> 
     </span>
    </p>
   </div>
   <div class='ocr_carea' id='block_1_2' title="bbox 381 408 2439 1808">
    <p class='ocr_par' dir='ltr' id='par_1_2' title="bbox 396 408 2413 1340">
     <span class='ocr_line' id='line_1_2' title="bbox 408 408 2412 476; baseline -0 -13"><span class='ocrx_word' id='word_1_4' title='bbox 408 421 447 445; x_wconf 86' lang='lat'><strong>“</strong></span> <span class='ocrx_word' id='word_1_5' title='bbox 481 425 598 464; x_wconf 86' lang='lat' dir='ltr'>terra</span> <span class='ocrx_word' id='word_1_6' title='bbox 619 413 809 462; x_wconf 86' lang='lat' dir='ltr'>Kitthim</span> <span class='ocrx_word' id='word_1_7' title='bbox 828 410 1118 461; x_wconf 88' lang='lat' dir='ltr'>manifestum</span> <span class='ocrx_word' id='word_1_8' title='bbox 1140 412 1228 460; x_wconf 91' lang='lat' dir='ltr'>hoc</span> <span class='ocrx_word' id='word_1_9' title='bbox 1244 411 1358 468; x_wconf 89' lang='lat' dir='ltr'>eis,&#39;&#39;</span> <span class='ocrx_word' id='word_1_10' title='bbox 1398 408 1550 461; x_wconf 73' lang='lat' dir='ltr'>&#39;xxxxi</span> <span class='ocrx_word' id='word_1_11' title='bbox 1571 428 1583 460; x_wconf 73' lang='grc' dir='ltr'><em>τ</em></span> <span class='ocrx_word' id='word_1_12' title='bbox 1626 429 1667 468; x_wconf 87' lang='lat'>1,</span> <span class='ocrx_word' id='word_1_13' title='bbox 1689 427 1766 472; x_wconf 88' lang='lat'>14,</span> <span class='ocrx_word' id='word_1_14' title='bbox 1801 411 1853 460; x_wconf 87' lang='lat'>&amp;</span> <span class='ocrx_word' id='word_1_15' title='bbox 1876 426 2015 476; x_wconf 90' lang='lat' dir='ltr'>porro</span> <span class='ocrx_word' id='word_1_16' title='bbox 2028 410 2086 459; x_wconf 88' lang='lat' dir='ltr'>de</span> <span class='ocrx_word' id='word_1_17' title='bbox 2106 410 2412 462; x_wconf 80' lang='lat' dir='ltr'>Tharschisch.</span> 
     </span>
     <span class='ocr_line' id='line_1_3' title="bbox 401 477 2413 546; baseline -0.001 -16"><span class='ocrx_word' id='word_1_18' title='bbox 401 481 492 531; x_wconf 88' lang='lat' dir='ltr'>Es:</span> <span class='ocrx_word' id='word_1_19' title='bbox 518 497 604 529; x_wconf 73' lang='lat' dir='ltr'>Lx:</span> <span class='ocrx_word' id='word_1_20' title='bbox 644 499 689 546; x_wconf 87' lang='lat'>9.</span> <span class='ocrx_word' id='word_1_21' title='bbox 716 482 820 542; x_wconf 88' lang='lat' dir='ltr'>Jer:</span> <span class='ocrx_word' id='word_1_22' title='bbox 868 496 926 528; x_wconf 88' lang='lat' dir='ltr'>x:</span> <span class='ocrx_word' id='word_1_23' title='bbox 967 499 1010 545; x_wconf 90' lang='lat'>9.</span> <span class='ocrx_word' id='word_1_24' title='bbox 1047 479 1236 531; x_wconf 87' lang='lat' dir='ltr'>Ezech:</span> <span class='ocrx_word' id='word_1_25' title='bbox 1276 492 1452 525; x_wconf 84' lang='lat' dir='ltr'>xxvn:</span> <span class='ocrx_word' id='word_1_26' title='bbox 1495 493 1569 525; x_wconf 86' lang='lat'>12.</span> <span class='ocrx_word' id='word_1_27' title='bbox 1605 477 2010 528; x_wconf 62' lang='lat' dir='ltr'>Psa1m2xtv111:</span> <span class='ocrx_word' id='word_1_28' title='bbox 2054 482 2100 539; x_wconf 78' lang='grc'>8,</span> <span class='ocrx_word' id='word_1_29' title='bbox 2135 478 2216 526; x_wconf 90' lang='lat' dir='ltr'>ubi</span> <span class='ocrx_word' id='word_1_30' title='bbox 2245 495 2332 544; x_wconf 89' lang='lat' dir='ltr'>pro</span> <span class='ocrx_word' id='word_1_31' title='bbox 2355 482 2413 528; x_wconf 89' lang='lat' dir='ltr'>ri-</span> 
     </span>
     <span class='ocr_line' id='line_1_4' title="bbox 402 542 2413 606; baseline -0 -11"><span class='ocrx_word' id='word_1_32' title='bbox 402 547 601 596; x_wconf 88' lang='lat' dir='ltr'>tualibus</span> <span class='ocrx_word' id='word_1_33' title='bbox 620 546 695 595; x_wconf 90' lang='lat' dir='ltr'>seu</span> <span class='ocrx_word' id='word_1_34' title='bbox 712 546 1066 596; x_wconf 66' lang='lat' dir='ltr'>doctrinalibus:</span> <span class='ocrx_word' id='word_1_35' title='bbox 1101 546 1158 594; x_wconf 90' lang='lat' dir='ltr'>de</span> <span class='ocrx_word' id='word_1_36' title='bbox 1180 543 1399 599; x_wconf 85' lang='lat' dir='ltr'>Kitthim,</span> <span class='ocrx_word' id='word_1_37' title='bbox 1434 542 1558 606; x_wconf 87' lang='lat' dir='ltr'>apud</span> <span class='ocrx_word' id='word_1_38' title='bbox 1581 543 1846 603; x_wconf 88' lang='lat' dir='ltr'>Jeremiam,</span> <span class='ocrx_word' id='word_1_39' title='bbox 1883 550 1919 572; x_wconf 92' lang='lat'><strong>“</strong></span> <span class='ocrx_word' id='word_1_40' title='bbox 1943 543 2150 594; x_wconf 87' lang='lat' dir='ltr'>Tranfite</span> <span class='ocrx_word' id='word_1_41' title='bbox 2187 548 2235 594; x_wconf 89' lang='lat' dir='ltr'>in</span> <span class='ocrx_word' id='word_1_42' title='bbox 2252 546 2413 594; x_wconf 85' lang='lat' dir='ltr'>insulas</span> 
     </span>
     <span class='ocr_line' id='line_1_5' title="bbox 404 609 2412 674; baseline -0.001 -12"><span class='ocrx_word' id='word_1_43' title='bbox 404 618 438 641; x_wconf 91' lang='lat'><strong>“</strong></span> <span class='ocrx_word' id='word_1_44' title='bbox 476 614 681 672; x_wconf 87' lang='lat' dir='ltr'>Kitthim,</span> <span class='ocrx_word' id='word_1_45' title='bbox 716 614 766 669; x_wconf 72' lang='grc' dir='ltr'>δε</span> <span class='ocrx_word' id='word_1_46' title='bbox 790 614 942 662; x_wconf 88' lang='lat' dir='ltr'>videte</span> <span class='ocrx_word' id='word_1_47' title='bbox 976 635 992 669; x_wconf 77' lang='lat'>3</span> <span class='ocrx_word' id='word_1_48' title='bbox 1022 614 1073 660; x_wconf 86' lang='lat'>&amp;</span> <span class='ocrx_word' id='word_1_49' title='bbox 1097 613 1145 659; x_wconf 89' lang='lat' dir='ltr'>in</span> <span class='ocrx_word' id='word_1_50' title='bbox 1169 610 1406 667; x_wconf 79' lang='lat' dir='ltr'>Arabiam,</span> <span class='ocrx_word' id='word_1_51' title='bbox 1440 609 1492 656; x_wconf 75' lang='grc' dir='ltr'>δε</span> <span class='ocrx_word' id='word_1_52' title='bbox 1522 610 1739 657; x_wconf 85' lang='lat' dir='ltr'>attendite</span> <span class='ocrx_word' id='word_1_53' title='bbox 1761 610 1919 674; x_wconf 89' lang='lat' dir='ltr'>probe,</span> <span class='ocrx_word' id='word_1_54' title='bbox 1955 628 2072 659; x_wconf 88' lang='lat' dir='ltr'>num</span> <span class='ocrx_word' id='word_1_55' title='bbox 2093 609 2271 660; x_wconf 65' lang='lat' dir='ltr'>factum</span> <span class='ocrx_word' id='word_1_56' title='bbox 2298 613 2412 661; x_wconf 88' lang='lat' dir='ltr'>ficut</span> 
     </span>
     <span class='ocr_line' id='line_1_6' title="bbox 396 675 2411 744; baseline 0 -16"><span class='ocrx_word' id='word_1_57' title='bbox 396 685 435 708; x_wconf 78' lang='lat'>‘⁶</span> <span class='ocrx_word' id='word_1_58' title='bbox 470 681 607 737; x_wconf 90' lang='lat' dir='ltr'>hoc,”</span> <span class='ocrx_word' id='word_1_59' title='bbox 637 678 710 729; x_wconf 76' lang='lat' dir='ltr'>Ji:</span> <span class='ocrx_word' id='word_1_60' title='bbox 752 699 828 738; x_wconf 91' lang='lat'>10,</span> <span class='ocrx_word' id='word_1_61' title='bbox 862 681 913 728; x_wconf 76' lang='grc' dir='ltr'>δε</span> <span class='ocrx_word' id='word_1_62' title='bbox 937 679 1061 743; x_wconf 87' lang='lat' dir='ltr'>apud</span> <span class='ocrx_word' id='word_1_63' title='bbox 1078 678 1316 734; x_wconf 89' lang='lat' dir='ltr'>Eundem,</span> <span class='ocrx_word' id='word_1_64' title='bbox 1351 682 1389 705; x_wconf 86' lang='lat'><strong>“</strong></span> <span class='ocrx_word' id='word_1_65' title='bbox 1413 675 1564 731; x_wconf 87' lang='lat' dir='ltr'>Dixit,</span> <span class='ocrx_word' id='word_1_66' title='bbox 1599 691 1692 723; x_wconf 91' lang='lat' dir='ltr'>non</span> <span class='ocrx_word' id='word_1_67' title='bbox 1722 677 1861 724; x_wconf 85' lang='lat' dir='ltr'>addas</span> <span class='ocrx_word' id='word_1_68' title='bbox 1884 679 2080 742; x_wconf 88' lang='lat' dir='ltr'>amplius</span> <span class='ocrx_word' id='word_1_69' title='bbox 2104 679 2304 729; x_wconf 84' lang='lat' dir='ltr'>exultare</span> <span class='ocrx_word' id='word_1_70' title='bbox 2326 696 2411 744; x_wconf 92' lang='lat' dir='ltr'>op-</span> 
     </span>
     <span class='ocr_line' id='line_1_7' title="bbox 405 740 2411 811; baseline 0 -17"><span class='ocrx_word' id='word_1_71' title='bbox 405 752 442 777; x_wconf 89' lang='lat'><strong>“</strong></span> <span class='ocrx_word' id='word_1_72' title='bbox 477 748 618 810; x_wconf 75' lang='lat' dir='ltr'>pressa</span> <span class='ocrx_word' id='word_1_73' title='bbox 655 747 791 811; x_wconf 89' lang='lat' dir='ltr'>virgo</span> <span class='ocrx_word' id='word_1_74' title='bbox 835 746 929 794; x_wconf 84' lang='lat' dir='ltr'>filia</span> <span class='ocrx_word' id='word_1_75' title='bbox 960 744 1170 802; x_wconf 90' lang='lat' dir='ltr'>Zidonis,</span> <span class='ocrx_word' id='word_1_76' title='bbox 1205 744 1264 793; x_wconf 89' lang='lat' dir='ltr'>ad</span> <span class='ocrx_word' id='word_1_77' title='bbox 1287 743 1476 793; x_wconf 78' lang='lat' dir='ltr'>Kitthim</span> <span class='ocrx_word' id='word_1_78' title='bbox 1515 740 1663 806; x_wconf 87' lang='lat' dir='ltr'>surge,</span> <span class='ocrx_word' id='word_1_79' title='bbox 1698 743 1849 799; x_wconf 81' lang='lat' dir='ltr'>transi,</span> <span class='ocrx_word' id='word_1_80' title='bbox 1885 746 2018 793; x_wconf 89' lang='lat' dir='ltr'>etiam</span> <span class='ocrx_word' id='word_1_81' title='bbox 2044 745 2106 795; x_wconf 87' lang='lat' dir='ltr'>ibi</span> <span class='ocrx_word' id='word_1_82' title='bbox 2146 762 2238 793; x_wconf 89' lang='lat' dir='ltr'>non</span> <span class='ocrx_word' id='word_1_83' title='bbox 2284 749 2411 811; x_wconf 89' lang='lat' dir='ltr'>quies</span> 
     </span>
     <span class='ocr_line' id='line_1_8' title="bbox 405 807 2408 879; baseline 0 -18"><span class='ocrx_word' id='word_1_84' title='bbox 405 818 440 841; x_wconf 94' lang='lat'><strong>“</strong></span> <span class='ocrx_word' id='word_1_85' title='bbox 478 813 612 871; x_wconf 89' lang='lat' dir='ltr'>tibi,&#39;’</span> <span class='ocrx_word' id='word_1_86' title='bbox 647 827 810 861; x_wconf 79' lang='lat' dir='ltr'>xxru:</span> <span class='ocrx_word' id='word_1_87' title='bbox 853 830 924 861; x_wconf 88' lang='lat'>12.</span> <span class='ocrx_word' id='word_1_88' title='bbox 951 811 1030 859; x_wconf 92' lang='lat' dir='ltr'>ubi</span> <span class='ocrx_word' id='word_1_89' title='bbox 1046 811 1247 865; x_wconf 89' lang='lat' dir='ltr'>Kitthim</span> <span class='ocrx_word' id='word_1_90' title='bbox 1270 827 1356 875; x_wconf 89' lang='lat' dir='ltr'>pro</span> <span class='ocrx_word' id='word_1_91' title='bbox 1379 807 1626 858; x_wconf 87' lang='lat' dir='ltr'>ritualibus.</span> <span class='ocrx_word' id='word_1_92' title='bbox 1699 810 2168 873; x_wconf 87' lang='lat' dir='ltr'>ApudEzechielem‚</span> <span class='ocrx_word' id='word_1_93' title='bbox 2196 818 2229 838; x_wconf 83' lang='lat'><strong><em>“</em></strong></span> <span class='ocrx_word' id='word_1_94' title='bbox 2254 814 2408 879; x_wconf 81' lang='lat' dir='ltr'>Qer-</span> 
     </span>
     <span class='ocr_line' id='line_1_9' title="bbox 402 874 2408 935; baseline -0 -7"><span class='ocrx_word' id='word_1_95' title='bbox 402 885 439 908; x_wconf 74' lang='lat'>‘⁶</span> <span class='ocrx_word' id='word_1_96' title='bbox 474 881 621 934; x_wconf 86' lang='lat' dir='ltr'>cubus</span> <span class='ocrx_word' id='word_1_97' title='bbox 646 881 704 928; x_wconf 89' lang='lat' dir='ltr'>de</span> <span class='ocrx_word' id='word_1_98' title='bbox 728 879 950 929; x_wconf 87' lang='lat' dir='ltr'>Baschane</span> <span class='ocrx_word' id='word_1_99' title='bbox 985 877 1190 926; x_wconf 85' lang='lat' dir='ltr'>fecerunt</span> <span class='ocrx_word' id='word_1_100' title='bbox 1224 893 1377 929; x_wconf 87' lang='lat' dir='ltr'>remos</span> <span class='ocrx_word' id='word_1_101' title='bbox 1401 889 1521 933; x_wconf 82' lang='lat' dir='ltr'>tuOS,</span> <span class='ocrx_word' id='word_1_102' title='bbox 1556 875 1737 923; x_wconf 84' lang='lat' dir='ltr'>afferem</span> <span class='ocrx_word' id='word_1_103' title='bbox 1770 888 1906 924; x_wconf 88' lang='lat' dir='ltr'>tuum</span> <span class='ocrx_word' id='word_1_104' title='bbox 1938 874 2142 924; x_wconf 90' lang='lat' dir='ltr'>fecerunt</span> <span class='ocrx_word' id='word_1_105' title='bbox 2163 878 2315 935; x_wconf 84' lang='lat' dir='ltr'>ebore,</span> <span class='ocrx_word' id='word_1_106' title='bbox 2352 881 2408 927; x_wconf 88' lang='lat' dir='ltr'>fi-</span> 
     </span>
     <span class='ocr_line' id='line_1_10' title="bbox 398 942 2408 1010; baseline -0 -16"><span class='ocrx_word' id='word_1_107' title='bbox 398 951 438 974; x_wconf 83' lang='lat'><strong>“</strong></span> <span class='ocrx_word' id='word_1_108' title='bbox 474 948 582 994; x_wconf 90' lang='lat' dir='ltr'>liam</span> <span class='ocrx_word' id='word_1_109' title='bbox 605 946 855 1010; x_wconf 82' lang='lat' dir='ltr'>greffuum,</span> <span class='ocrx_word' id='word_1_110' title='bbox 888 962 946 993; x_wconf 85' lang='lat' dir='ltr'>ex</span> <span class='ocrx_word' id='word_1_111' title='bbox 982 944 1135 997; x_wconf 83' lang='lat' dir='ltr'>insulis</span> <span class='ocrx_word' id='word_1_112' title='bbox 1158 944 1400 1000; x_wconf 86' lang='lat' dir='ltr'>Kitthim,”</span> <span class='ocrx_word' id='word_1_113' title='bbox 1451 958 1625 992; x_wconf 82' lang='lat' dir='ltr'>xxvn:</span> <span class='ocrx_word' id='word_1_114' title='bbox 1664 943 1713 998; x_wconf 84' lang='lat'>6,</span> <span class='ocrx_word' id='word_1_115' title='bbox 1750 942 1829 991; x_wconf 89' lang='lat' dir='ltr'>ubi</span> <span class='ocrx_word' id='word_1_116' title='bbox 1863 943 1922 991; x_wconf 89' lang='lat' dir='ltr'>de</span> <span class='ocrx_word' id='word_1_117' title='bbox 1945 944 2120 1006; x_wconf 78' lang='lat' dir='ltr'>Tyro3</span> <span class='ocrx_word' id='word_1_118' title='bbox 2156 945 2262 991; x_wconf 80' lang='lat' dir='ltr'>affer</span> <span class='ocrx_word' id='word_1_119' title='bbox 2285 948 2408 995; x_wconf 85' lang='lat' dir='ltr'>navis</span> 
     </span>
     <span class='ocr_line' id='line_1_11' title="bbox 397 1007 2404 1076; baseline -0 -15"><span class='ocrx_word' id='word_1_120' title='bbox 397 1029 456 1061; x_wconf 87' lang='lat' dir='ltr'>ex</span> <span class='ocrx_word' id='word_1_121' title='bbox 479 1013 634 1061; x_wconf 87' lang='lat' dir='ltr'>insulis</span> <span class='ocrx_word' id='word_1_122' title='bbox 664 1013 869 1061; x_wconf 88' lang='lat' dir='ltr'>Kitthim</span> <span class='ocrx_word' id='word_1_123' title='bbox 893 1028 979 1076; x_wconf 90' lang='lat' dir='ltr'>pro</span> <span class='ocrx_word' id='word_1_124' title='bbox 1001 1011 1196 1064; x_wconf 82' lang='lat' dir='ltr'>externis</span> <span class='ocrx_word' id='word_1_125' title='bbox 1233 1010 1401 1066; x_wconf 90' lang='lat' dir='ltr'>cultus,</span> <span class='ocrx_word' id='word_1_126' title='bbox 1439 1010 1502 1058; x_wconf 88' lang='lat' dir='ltr'>ita</span> <span class='ocrx_word' id='word_1_127' title='bbox 1523 1024 1610 1072; x_wconf 88' lang='lat' dir='ltr'>pro</span> <span class='ocrx_word' id='word_1_128' title='bbox 1631 1009 1885 1066; x_wconf 85' lang='lat' dir='ltr'>ritualibus,</span> <span class='ocrx_word' id='word_1_129' title='bbox 1921 1025 2029 1073; x_wconf 87' lang='lat' dir='ltr'>quae</span> <span class='ocrx_word' id='word_1_130' title='bbox 2049 1008 2091 1060; x_wconf 90' lang='lat' dir='ltr'>se</span> <span class='ocrx_word' id='word_1_131' title='bbox 2116 1007 2318 1058; x_wconf 87' lang='lat' dir='ltr'>referunt</span> <span class='ocrx_word' id='word_1_132' title='bbox 2345 1013 2404 1060; x_wconf 88' lang='lat' dir='ltr'>ad</span> 
     </span>
     <span class='ocr_line' id='line_1_12' title="bbox 397 1075 2412 1142; baseline -0.001 -14"><span class='ocrx_word' id='word_1_133' title='bbox 397 1080 577 1128; x_wconf 81' lang='lat' dir='ltr'>claffem</span> <span class='ocrx_word' id='word_1_134' title='bbox 599 1078 871 1139; x_wconf 82' lang='lat' dir='ltr'>coelestium.</span> <span class='ocrx_word' id='word_1_135' title='bbox 910 1077 1058 1142; x_wconf 87' lang='lat' dir='ltr'>Apud</span> <span class='ocrx_word' id='word_1_136' title='bbox 1077 1075 1262 1134; x_wconf 79' lang='lat' dir='ltr'>Mosen,</span> <span class='ocrx_word' id='word_1_137' title='bbox 1290 1081 1324 1104; x_wconf 93' lang='lat'><strong>“</strong></span> <span class='ocrx_word' id='word_1_138' title='bbox 1341 1077 1499 1124; x_wconf 88' lang='lat' dir='ltr'>Naves</span> <span class='ocrx_word' id='word_1_139' title='bbox 1513 1092 1538 1123; x_wconf 90' lang='lat' dir='ltr'>e</span> <span class='ocrx_word' id='word_1_140' title='bbox 1555 1075 1686 1123; x_wconf 89' lang='lat' dir='ltr'>litore</span> <span class='ocrx_word' id='word_1_141' title='bbox 1718 1076 1924 1133; x_wconf 84' lang='lat' dir='ltr'>Kitthim,</span> <span class='ocrx_word' id='word_1_142' title='bbox 1943 1077 1994 1125; x_wconf 84' lang='lat'>&amp;</span> <span class='ocrx_word' id='word_1_143' title='bbox 2011 1078 2211 1141; x_wconf 85' lang='lat' dir='ltr'>affligent</span> <span class='ocrx_word' id='word_1_144' title='bbox 2235 1077 2412 1125; x_wconf 85' lang='lat' dir='ltr'>Aschu-</span> 
     </span>
     <span class='ocr_line' id='line_1_13' title="bbox 398 1142 2411 1209; baseline -0.001 -15"><span class='ocrx_word' id='word_1_145' title='bbox 398 1151 437 1174; x_wconf 85' lang='lat'><strong>“</strong></span> <span class='ocrx_word' id='word_1_146' title='bbox 471 1162 587 1203; x_wconf 89' lang='lat' dir='ltr'>rem,</span> <span class='ocrx_word' id='word_1_147' title='bbox 621 1146 674 1193; x_wconf 76' lang='grc' dir='ltr'>δε</span> <span class='ocrx_word' id='word_1_148' title='bbox 696 1145 895 1209; x_wconf 83' lang='lat' dir='ltr'>affligent</span> <span class='ocrx_word' id='word_1_149' title='bbox 917 1143 1175 1200; x_wconf 82' lang='lat' dir='ltr'>Ebemm,”</span> <span class='ocrx_word' id='word_1_150' title='bbox 1208 1143 1371 1191; x_wconf 90' lang='lat' dir='ltr'>Num:</span> <span class='ocrx_word' id='word_1_151' title='bbox 1408 1158 1559 1190; x_wconf 76' lang='lat' dir='ltr'>xx1v:</span> <span class='ocrx_word' id='word_1_152' title='bbox 1599 1159 1681 1204; x_wconf 87' lang='lat'>24,</span> <span class='ocrx_word' id='word_1_153' title='bbox 1717 1142 1796 1190; x_wconf 90' lang='lat' dir='ltr'>ubi</span> <span class='ocrx_word' id='word_1_154' title='bbox 1813 1145 1950 1191; x_wconf 88' lang='lat' dir='ltr'>etiam</span> <span class='ocrx_word' id='word_1_155' title='bbox 1972 1158 2059 1207; x_wconf 86' lang='lat' dir='ltr'>pro</span> <span class='ocrx_word' id='word_1_156' title='bbox 2081 1156 2268 1193; x_wconf 83' lang='lat' dir='ltr'>externo</span> <span class='ocrx_word' id='word_1_157' title='bbox 2284 1145 2411 1193; x_wconf 91' lang='lat' dir='ltr'>cultu</span> 
     </span>
     <span class='ocr_line' id='line_1_14' title="bbox 398 1208 2411 1277; baseline 0 -17"><span class='ocrx_word' id='word_1_158' title='bbox 398 1213 478 1263; x_wconf 81' lang='lat' dir='ltr'>seu</span> <span class='ocrx_word' id='word_1_159' title='bbox 501 1228 587 1277; x_wconf 91' lang='lat' dir='ltr'>pro</span> <span class='ocrx_word' id='word_1_160' title='bbox 601 1210 849 1265; x_wconf 83' lang='lat' dir='ltr'>ritualibus.</span> <span class='ocrx_word' id='word_1_161' title='bbox 919 1210 1032 1258; x_wconf 87' lang='lat' dir='ltr'>Inde</span> <span class='ocrx_word' id='word_1_162' title='bbox 1048 1208 1250 1264; x_wconf 74' lang='lat' dir='ltr'>constare</span> <span class='ocrx_word' id='word_1_163' title='bbox 1273 1209 1436 1273; x_wconf 87' lang='lat' dir='ltr'>potest,</span> <span class='ocrx_word' id='word_1_164' title='bbox 1472 1209 1601 1273; x_wconf 91' lang='lat' dir='ltr'>quod</span> <span class='ocrx_word' id='word_1_165' title='bbox 1624 1225 1707 1273; x_wconf 91' lang='lat' dir='ltr'>per</span> <span class='ocrx_word' id='word_1_166' title='bbox 1745 1211 1902 1258; x_wconf 89' lang='lat' dir='ltr'>omnia</span> <span class='ocrx_word' id='word_1_167' title='bbox 1941 1210 2041 1258; x_wconf 89' lang='lat' dir='ltr'>haec</span> <span class='ocrx_word' id='word_1_168' title='bbox 2065 1211 2251 1261; x_wconf 82' lang='lat' dir='ltr'>nomina</span> <span class='ocrx_word' id='word_1_169' title='bbox 2273 1211 2411 1276; x_wconf 87' lang='lat' dir='ltr'>figni-</span> 
     </span>
     <span class='ocr_line' id='line_1_15' title="bbox 400 1274 1793 1340; baseline -0.002 -14"><span class='ocrx_word' id='word_1_170' title='bbox 400 1279 597 1327; x_wconf 87' lang='lat' dir='ltr'>ficentur</span> <span class='ocrx_word' id='word_1_171' title='bbox 618 1287 688 1326; x_wconf 80' lang='lat' dir='ltr'>res</span> <span class='ocrx_word' id='word_1_172' title='bbox 712 1279 761 1324; x_wconf 87' lang='lat' dir='ltr'>in</span> <span class='ocrx_word' id='word_1_173' title='bbox 783 1276 907 1326; x_wconf 85' lang='lat' dir='ltr'>sensu</span> <span class='ocrx_word' id='word_1_174' title='bbox 932 1279 1125 1334; x_wconf 84' lang='lat' dir='ltr'>interno,</span> <span class='ocrx_word' id='word_1_175' title='bbox 1160 1291 1268 1340; x_wconf 79' lang='lat' dir='ltr'>quae</span> <span class='ocrx_word' id='word_1_176' title='bbox 1288 1293 1357 1324; x_wconf 90' lang='lat' dir='ltr'>res</span> <span class='ocrx_word' id='word_1_177' title='bbox 1380 1277 1427 1325; x_wconf 89' lang='lat' dir='ltr'>in</span> <span class='ocrx_word' id='word_1_178' title='bbox 1448 1274 1525 1323; x_wconf 90' lang='lat' dir='ltr'>sua</span> <span class='ocrx_word' id='word_1_179' title='bbox 1548 1274 1654 1323; x_wconf 90' lang='lat' dir='ltr'>serie</span> <span class='ocrx_word' id='word_1_180' title='bbox 1678 1275 1793 1324; x_wconf 86' lang='lat' dir='ltr'>sunt.</span> 
     </span>
    </p>

    <p class='ocr_par' dir='ltr' id='par_1_3' title="bbox 381 1341 2439 1808">
     <span class='ocr_line' id='line_1_16' title="bbox 470 1341 2405 1410; baseline 0.001 -17"><span class='ocrx_word' id='word_1_181' title='bbox 470 1363 489 1393; x_wconf 85' lang='lat'>1</span> <span class='ocrx_word' id='word_1_182' title='bbox 505 1361 627 1410; x_wconf 85' lang='lat'>157:</span> <span class='ocrx_word' id='word_1_183' title='bbox 666 1343 787 1392; x_wconf 88' lang='lat' dir='ltr'>Vers</span> <span class='ocrx_word' id='word_1_184' title='bbox 796 1363 807 1392; x_wconf 89' lang='lat'>:</span> <span class='ocrx_word' id='word_1_185' title='bbox 845 1361 889 1407; x_wconf 85' lang='lat'>5.</span> <span class='ocrx_word' id='word_1_186' title='bbox 927 1345 1005 1399; x_wconf 65' lang='lat' dir='ltr'>Ex⁴</span> <span class='ocrx_word' id='word_1_187' title='bbox 1021 1343 1090 1396; x_wconf 80' lang='lat' dir='ltr'>his</span> <span class='ocrx_word' id='word_1_188' title='bbox 1109 1343 1305 1407; x_wconf 70' lang='lat' dir='ltr'>disperse</span> <span class='ocrx_word' id='word_1_189' title='bbox 1316 1345 1424 1406; x_wconf 74' lang='lat' dir='ltr'>sunt</span> <span class='ocrx_word' id='word_1_190' title='bbox 1445 1341 1593 1405; x_wconf 72' lang='lat' dir='ltr'>infitlae</span> <span class='ocrx_word' id='word_1_191' title='bbox 1600 1345 1808 1404; x_wconf 84' lang='lat' dir='ltr'>gentium,</span> <span class='ocrx_word' id='word_1_192' title='bbox 1844 1345 1892 1391; x_wconf 84' lang='lat' dir='ltr'>in</span> <span class='ocrx_word' id='word_1_193' title='bbox 1921 1345 2049 1393; x_wconf 81' lang='lat' dir='ltr'>terris</span> <span class='ocrx_word' id='word_1_194' title='bbox 2063 1345 2176 1408; x_wconf 87' lang='lat' dir='ltr'>suis,</span> <span class='ocrx_word' id='word_1_195' title='bbox 2212 1345 2405 1409; x_wconf 81' lang='lat' dir='ltr'>quaelibet</span> 
     </span>
     <span class='ocr_line' id='line_1_17' title="bbox 381 1408 2410 1477; baseline 0 -17"><span class='ocrx_word' id='word_1_196' title='bbox 381 1413 523 1477; x_wconf 88' lang='lat' dir='ltr'>juxta</span> <span class='ocrx_word' id='word_1_197' title='bbox 545 1412 735 1474; x_wconf 78' lang='lat' dir='ltr'>linguam</span> <span class='ocrx_word' id='word_1_198' title='bbox 757 1411 899 1476; x_wconf 74' lang='lat' dir='ltr'>sacam,</span> <span class='ocrx_word' id='word_1_199' title='bbox 921 1420 1071 1476; x_wconf 82' lang='lat' dir='ltr'>Juxta·</span> <span class='ocrx_word' id='word_1_200' title='bbox 1071 1409 1275 1472; x_wconf 82' lang='lat' dir='ltr'>familias</span> <span class='ocrx_word' id='word_1_201' title='bbox 1297 1411 1424 1474; x_wconf 86' lang='lat' dir='ltr'>suas,</span> <span class='ocrx_word' id='word_1_202' title='bbox 1459 1408 1599 1474; x_wconf 80' lang='lat' dir='ltr'>quoad</span> <span class='ocrx_word' id='word_1_203' title='bbox 1610 1419 1757 1471; x_wconf 84' lang='lat' dir='ltr'><em>gentes</em></span> <span class='ocrx_word' id='word_1_204' title='bbox 1784 1411 1906 1473; x_wconf 86' lang='lat' dir='ltr'>suas.</span> <span class='ocrx_word' id='word_1_205' title='bbox 1978 1411 2057 1459; x_wconf 87' lang='lat' dir='ltr'>Ex</span> <span class='ocrx_word' id='word_1_206' title='bbox 2107 1411 2178 1460; x_wconf 90' lang='lat' dir='ltr'>his</span> <span class='ocrx_word' id='word_1_207' title='bbox 2201 1410 2410 1477; x_wconf 88' lang='lat' dir='ltr'>dispersae</span> 
     </span>
     <span class='ocr_line' id='line_1_18' title="bbox 396 1474 2408 1541; baseline 0 -15"><span class='ocrx_word' id='word_1_208' title='bbox 396 1478 500 1526; x_wconf 89' lang='lat' dir='ltr'>sunt</span> <span class='ocrx_word' id='word_1_209' title='bbox 537 1477 692 1525; x_wconf 75' lang='lat' dir='ltr'>insulae</span> <span class='ocrx_word' id='word_1_210' title='bbox 715 1479 927 1541; x_wconf 83' lang='lat' dir='ltr'>gentium</span> <span class='ocrx_word' id='word_1_211' title='bbox 960 1478 1162 1530; x_wconf 79' lang='lat' dir='ltr'>interris</span> <span class='ocrx_word' id='word_1_212' title='bbox 1185 1474 1290 1533; x_wconf 90' lang='lat' dir='ltr'>suis,</span> <span class='ocrx_word' id='word_1_213' title='bbox 1325 1476 1597 1541; x_wconf 74' lang='lat' dir='ltr'>significant,</span> <span class='ocrx_word' id='word_1_214' title='bbox 1634 1475 1764 1540; x_wconf 88' lang='lat' dir='ltr'>quod</span> <span class='ocrx_word' id='word_1_215' title='bbox 1786 1476 1993 1541; x_wconf 84' lang='lat' dir='ltr'>plurium</span> <span class='ocrx_word' id='word_1_216' title='bbox 2008 1479 2218 1541; x_wconf 88' lang='lat' dir='ltr'>gentium</span> <span class='ocrx_word' id='word_1_217' title='bbox 2259 1479 2408 1527; x_wconf 83' lang='lat' dir='ltr'>cultus</span> 
     </span>
     <span class='ocr_line' id='line_1_19' title="bbox 396 1542 2414 1610; baseline 0 -17"><span class='ocrx_word' id='word_1_218' title='bbox 396 1561 455 1594; x_wconf 82' lang='lat' dir='ltr'>ex</span> <span class='ocrx_word' id='word_1_219' title='bbox 478 1544 565 1592; x_wconf 85' lang='lat' dir='ltr'>illis</span> <span class='ocrx_word' id='word_1_220' title='bbox 602 1543 851 1592; x_wconf 81' lang='lat' dir='ltr'>exstiterint</span> <span class='ocrx_word' id='word_1_221' title='bbox 871 1566 887 1600; x_wconf 93' lang='lat'>·,</span> <span class='ocrx_word' id='word_1_222' title='bbox 923 1542 1081 1596; x_wconf 82' lang='lat' dir='ltr'>insulae</span> <span class='ocrx_word' id='word_1_223' title='bbox 1098 1542 1200 1596; x_wconf 83' lang='lat' dir='ltr'>sunt</span> <span class='ocrx_word' id='word_1_224' title='bbox 1220 1543 1510 1607; x_wconf 82' lang='lat' dir='ltr'>particulares</span> <span class='ocrx_word' id='word_1_225' title='bbox 1532 1543 1718 1599; x_wconf 60' lang='lat' dir='ltr'>tractus,</span> <span class='ocrx_word' id='word_1_226' title='bbox 1736 1544 1798 1592; x_wconf 89' lang='lat' dir='ltr'>ita</span> <span class='ocrx_word' id='word_1_227' title='bbox 1819 1544 2107 1608; x_wconf 81' lang='lat' dir='ltr'>particulares</span> <span class='ocrx_word' id='word_1_228' title='bbox 2130 1544 2297 1602; x_wconf 86' lang='lat' dir='ltr'>cultus,</span> <span class='ocrx_word' id='word_1_229' title='bbox 2333 1547 2414 1610; x_wconf 89' lang='lat' dir='ltr'>qui</span> 
     </span>
     <span class='ocr_line' id='line_1_20' title="bbox 395 1608 2412 1675; baseline 0 -15"><span class='ocrx_word' id='word_1_230' title='bbox 395 1612 548 1660; x_wconf 86' lang='lat' dir='ltr'>adhuc</span> <span class='ocrx_word' id='word_1_231' title='bbox 594 1612 857 1659; x_wconf 83' lang='lat' dir='ltr'>remotiores</span> <span class='ocrx_word' id='word_1_232' title='bbox 881 1609 1066 1659; x_wconf 88' lang='lat' dir='ltr'>fuerunt</span> <span class='ocrx_word' id='word_1_233' title='bbox 1093 1632 1107 1666; x_wconf 80' lang='lat'><em>3</em></span> <span class='ocrx_word' id='word_1_234' title='bbox 1143 1622 1276 1658; x_wconf 86' lang='lat' dir='ltr'>terrae</span> <span class='ocrx_word' id='word_1_235' title='bbox 1320 1608 1423 1658; x_wconf 89' lang='lat' dir='ltr'>sunt</span> <span class='ocrx_word' id='word_1_236' title='bbox 1445 1610 1630 1660; x_wconf 89' lang='lat' dir='ltr'>illorum</span> <span class='ocrx_word' id='word_1_237' title='bbox 1677 1612 1973 1663; x_wconf 85' lang='lat' dir='ltr'>communia:</span> <span class='ocrx_word' id='word_1_238' title='bbox 2024 1611 2243 1675; x_wconf 88' lang='lat' dir='ltr'>quaelibet</span> <span class='ocrx_word' id='word_1_239' title='bbox 2279 1611 2412 1675; x_wconf 84' lang='lat' dir='ltr'>juxta</span> 
     </span>
     <span class='ocr_line' id='line_1_21' title="bbox 396 1675 2439 1743; baseline 0 -17"><span class='ocrx_word' id='word_1_240' title='bbox 396 1679 608 1743; x_wconf 86' lang='lat' dir='ltr'>linguam</span> <span class='ocrx_word' id='word_1_241' title='bbox 631 1677 773 1735; x_wconf 68' lang='lat' dir='ltr'>fliam,</span> <span class='ocrx_word' id='word_1_242' title='bbox 800 1676 936 1741; x_wconf 82' lang='lat' dir='ltr'>juxta</span> <span class='ocrx_word' id='word_1_243' title='bbox 951 1675 1143 1730; x_wconf 79' lang='lat' dir='ltr'>familias</span> <span class='ocrx_word' id='word_1_244' title='bbox 1161 1675 1272 1732; x_wconf 87' lang='lat' dir='ltr'>suas,</span> <span class='ocrx_word' id='word_1_245' title='bbox 1307 1676 1462 1740; x_wconf 86' lang='lat' dir='ltr'>quoad</span> <span class='ocrx_word' id='word_1_246' title='bbox 1482 1688 1642 1740; x_wconf 83' lang='lat' dir='ltr'>gentes</span> <span class='ocrx_word' id='word_1_247' title='bbox 1665 1675 1777 1733; x_wconf 69' lang='lat' dir='ltr'>suae,</span> <span class='ocrx_word' id='word_1_248' title='bbox 1813 1675 2071 1741; x_wconf 73' lang='lat' dir='ltr'>significant</span> <span class='ocrx_word' id='word_1_249' title='bbox 2095 1679 2223 1742; x_wconf 93' lang='lat' dir='ltr'>quod</span> <span class='ocrx_word' id='word_1_250' title='bbox 2246 1679 2325 1726; x_wconf 82' lang='lat' dir='ltr'>ina</span> <span class='ocrx_word' id='word_1_251' title='bbox 2348 1679 2410 1726; x_wconf 86' lang='lat' dir='ltr'>se-</span> <span class='ocrx_word' id='word_1_252' title='bbox 2429 1687 2439 1695; x_wconf 86' lang='grc'><em>“</em></span> 
     </span>
     <span class='ocr_line' id='line_1_22' title="bbox 396 1740 2404 1808; baseline 0 -15"><span class='ocrx_word' id='word_1_253' title='bbox 396 1745 609 1797; x_wconf 86' lang='lat' dir='ltr'>cundum</span> <span class='ocrx_word' id='word_1_254' title='bbox 634 1743 833 1808; x_wconf 85' lang='lat' dir='ltr'>cujusvis</span> <span class='ocrx_word' id='word_1_255' title='bbox 855 1744 1079 1807; x_wconf 69' lang='lat' dir='ltr'>genium,</span> <span class='ocrx_word' id='word_1_256' title='bbox 1106 1740 1244 1806; x_wconf 85' lang='lat' dir='ltr'>juxta</span> <span class='ocrx_word' id='word_1_257' title='bbox 1267 1742 1624 1806; x_wconf 63' lang='lat' dir='ltr'>linguam‘suam</span> <span class='ocrx_word' id='word_1_258' title='bbox 1655 1741 1719 1789; x_wconf 88' lang='lat' dir='ltr'>est</span> <span class='ocrx_word' id='word_1_259' title='bbox 1727 1741 1861 1806; x_wconf 86' lang='lat' dir='ltr'>juxta</span> <span class='ocrx_word' id='word_1_260' title='bbox 1883 1744 2148 1806; x_wconf 86' lang='lat' dir='ltr'>opinionem</span> <span class='ocrx_word' id='word_1_261' title='bbox 2173 1743 2404 1808; x_wconf 70' lang='lat' dir='ltr'>cujusvis,</span> 
     </span>
    </p>
   </div>
   <div class='ocr_carea' id='block_1_3' title="bbox 280 1797 2407 1875">
    <p class='ocr_par' dir='ltr' id='par_1_4' title="bbox 280 1797 2407 1875">
     <span class='ocr_line' id='line_1_23' title="bbox 280 1797 2407 1875; baseline 0.001 -17"><span class='ocrx_word' id='word_1_262' title='bbox 280 1797 290 1815; x_wconf 73' lang='lat'>⁸</span> <span class='ocrx_word' id='word_1_263' title='bbox 388 1809 528 1875; x_wconf 85' lang='lat' dir='ltr'>juxta</span> <span class='ocrx_word' id='word_1_264' title='bbox 542 1810 731 1860; x_wconf 87' lang='lat' dir='ltr'>familias</span> <span class='ocrx_word' id='word_1_265' title='bbox 754 1809 851 1859; x_wconf 89' lang='lat' dir='ltr'>suas</span> <span class='ocrx_word' id='word_1_266' title='bbox 864 1809 929 1858; x_wconf 91' lang='lat' dir='ltr'>est</span> <span class='ocrx_word' id='word_1_267' title='bbox 939 1807 1075 1874; x_wconf 77' lang='lat' dir='ltr'>juxta</span> <span class='ocrx_word' id='word_1_268' title='bbox 1095 1808 1371 1874; x_wconf 82' lang='lat' dir='ltr'>probitatem</span> <span class='ocrx_word' id='word_1_269' title='bbox 1397 1831 1413 1864; x_wconf 91' lang='lat'>·,</span> <span class='ocrx_word' id='word_1_270' title='bbox 1436 1809 1589 1874; x_wconf 86' lang='lat' dir='ltr'>quoad</span> <span class='ocrx_word' id='word_1_271' title='bbox 1605 1820 1762 1872; x_wconf 86' lang='lat' dir='ltr'>gentes</span> <span class='ocrx_word' id='word_1_272' title='bbox 1778 1807 1873 1858; x_wconf 87' lang='lat' dir='ltr'>suas</span> <span class='ocrx_word' id='word_1_273' title='bbox 1895 1809 1964 1859; x_wconf 78' lang='lat' dir='ltr'>est</span> <span class='ocrx_word' id='word_1_274' title='bbox 1983 1810 2135 1874; x_wconf 86' lang='lat' dir='ltr'>quoad</span> <span class='ocrx_word' id='word_1_275' title='bbox 2158 1823 2407 1875; x_wconf 84' lang='lat' dir='ltr'>utrumque</span> 
     </span>
    </p>
   </div>
   <div class='ocr_carea' id='block_1_4' title="bbox 335 1892 2438 3205">
    <p class='ocr_par' dir='ltr' id='par_1_5' title="bbox 407 1892 2392 1926">
     <span class='ocr_line' id='line_1_24' title="bbox 407 1892 2392 1926; baseline -0.003 0"><span class='ocrx_word' id='word_1_276' title='bbox 407 1894 457 1926; x_wconf 74' lang='lat' dir='ltr'>in</span> <span class='ocrx_word' id='word_1_277' title='bbox 482 1892 736 1926; x_wconf 86' lang='lat' dir='ltr'>commum.</span> <span class='ocrx_word' id='word_1_278' title='bbox 2389 1916 2392 1920; x_wconf 87' lang='lat'>.</span> 
     </span>
    </p>

    <p class='ocr_par' dir='ltr' id='par_1_6' title="bbox 335 1939 2438 3205">
     <span class='ocr_line' id='line_1_25' title="bbox 473 1939 2405 2008; baseline 0 -16"><span class='ocrx_word' id='word_1_279' title='bbox 473 1961 493 1992; x_wconf 86' lang='lat'>1</span> <span class='ocrx_word' id='word_1_280' title='bbox 507 1948 614 2006; x_wconf 83' lang='lat'>158.</span> <span class='ocrx_word' id='word_1_281' title='bbox 651 1942 798 2008; x_wconf 83' lang='lat' dir='ltr'>Qod</span> <span class='ocrx_word' id='word_1_282' title='bbox 821 1957 876 1990; x_wconf 81' lang='lat' dir='ltr'>ex</span> <span class='ocrx_word' id='word_1_283' title='bbox 899 1941 969 1990; x_wconf 90' lang='lat' dir='ltr'>his</span> <span class='ocrx_word' id='word_1_284' title='bbox 1006 1940 1213 2006; x_wconf 80' lang='lat' dir='ltr'>dispersae</span> <span class='ocrx_word' id='word_1_285' title='bbox 1236 1940 1340 1990; x_wconf 90' lang='lat' dir='ltr'>sunt</span> <span class='ocrx_word' id='word_1_286' title='bbox 1373 1939 1531 1993; x_wconf 79' lang='lat' dir='ltr'>insulae</span> <span class='ocrx_word' id='word_1_287' title='bbox 1553 1943 1764 2005; x_wconf 88' lang='lat' dir='ltr'>gentium</span> <span class='ocrx_word' id='word_1_288' title='bbox 1786 1943 1844 2000; x_wconf 75' lang='lat' dir='ltr'>¹in</span> <span class='ocrx_word' id='word_1_289' title='bbox 1867 1944 1995 1992; x_wconf 71' lang='lat' dir='ltr'>terris</span> <span class='ocrx_word' id='word_1_290' title='bbox 2018 1941 2123 2001; x_wconf 88' lang='lat' dir='ltr'>suis,</span> <span class='ocrx_word' id='word_1_291' title='bbox 2148 1944 2405 2008; x_wconf 77' lang='lat' dir='ltr'>significent</span> 
     </span>
     <span class='ocr_line' id='line_1_26' title="bbox 395 2007 2406 2075; baseline 0 -17"><span class='ocrx_word' id='word_1_292' title='bbox 395 2007 526 2075; x_wconf 90' lang='lat' dir='ltr'>quod</span> <span class='ocrx_word' id='word_1_293' title='bbox 549 2009 754 2073; x_wconf 90' lang='lat' dir='ltr'>plurium</span> <span class='ocrx_word' id='word_1_294' title='bbox 777 2010 988 2073; x_wconf 73' lang='lat' dir='ltr'>gentium</span> <span class='ocrx_word' id='word_1_295' title='bbox 1005 2010 1156 2057; x_wconf 90' lang='lat' dir='ltr'>cultus</span> <span class='ocrx_word' id='word_1_296' title='bbox 1179 2025 1240 2057; x_wconf 89' lang='lat' dir='ltr'>ex</span> <span class='ocrx_word' id='word_1_297' title='bbox 1255 2008 1342 2057; x_wconf 88' lang='lat' dir='ltr'>illis</span> <span class='ocrx_word' id='word_1_298' title='bbox 1367 2007 1616 2061; x_wconf 74' lang='lat' dir='ltr'>exstiterint</span> <span class='ocrx_word' id='word_1_299' title='bbox 1642 2031 1657 2066; x_wconf 66' lang='grc' dir='ltr'>ς</span> <span class='ocrx_word' id='word_1_300' title='bbox 1691 2010 1742 2057; x_wconf 75' lang='grc' dir='ltr'>δε</span> <span class='ocrx_word' id='word_1_301' title='bbox 1766 2010 1891 2073; x_wconf 91' lang='lat' dir='ltr'>quod</span> <span class='ocrx_word' id='word_1_302' title='bbox 1925 2009 2082 2058; x_wconf 85' lang='lat' dir='ltr'>insulae</span> <span class='ocrx_word' id='word_1_303' title='bbox 2105 2010 2194 2066; x_wconf 80' lang='lat' dir='ltr'>fint-</span> <span class='ocrx_word' id='word_1_304' title='bbox 2209 2013 2406 2075; x_wconf 84' lang='lat' dir='ltr'>particu-</span> 
     </span>
     <span class='ocr_line' id='line_1_27' title="bbox 397 2074 2405 2141; baseline 0 -16"><span class='ocrx_word' id='word_1_305' title='bbox 397 2077 505 2126; x_wconf 86' lang='lat' dir='ltr'>lares</span> <span class='ocrx_word' id='word_1_306' title='bbox 528 2078 695 2124; x_wconf 70' lang='lat' dir='ltr'>tractus</span> <span class='ocrx_word' id='word_1_307' title='bbox 733 2078 796 2123; x_wconf 87' lang='lat' dir='ltr'>ita</span> <span class='ocrx_word' id='word_1_308' title='bbox 832 2076 1119 2140; x_wconf 79' lang='lat' dir='ltr'>particulares</span> <span class='ocrx_word' id='word_1_309' title='bbox 1141 2075 1292 2126; x_wconf 85' lang='lat' dir='ltr'>cultus</span> <span class='ocrx_word' id='word_1_310' title='bbox 1335 2077 1420 2140; x_wconf 74' lang='lat' dir='ltr'>,qui</span> <span class='ocrx_word' id='word_1_311' title='bbox 1452 2074 1602 2126; x_wconf 83' lang='lat' dir='ltr'>adhuc</span> <span class='ocrx_word' id='word_1_312' title='bbox 1642 2078 1907 2125; x_wconf 87' lang='lat' dir='ltr'>remotiores</span> <span class='ocrx_word' id='word_1_313' title='bbox 1946 2075 2148 2135; x_wconf 88' lang='lat' dir='ltr'>fuerunt,</span> <span class='ocrx_word' id='word_1_314' title='bbox 2186 2079 2234 2126; x_wconf 88' lang='lat'>&amp;</span> <span class='ocrx_word' id='word_1_315' title='bbox 2277 2079 2405 2141; x_wconf 85' lang='lat' dir='ltr'>quod</span> 
     </span>
     <span class='ocr_line' id='line_1_28' title="bbox 392 2141 2402 2205; baseline 0 -14"><span class='ocrx_word' id='word_1_316' title='bbox 392 2156 528 2196; x_wconf 73' lang='lat' dir='ltr'>terrae</span> <span class='ocrx_word' id='word_1_317' title='bbox 564 2142 651 2190; x_wconf 87' lang='lat' dir='ltr'>smt</span> <span class='ocrx_word' id='word_1_318' title='bbox 688 2142 872 2192; x_wconf 85' lang='lat' dir='ltr'>illorum</span> <span class='ocrx_word' id='word_1_319' title='bbox 909 2144 1194 2199; x_wconf 80' lang='lat' dir='ltr'>communia,</span> <span class='ocrx_word' id='word_1_320' title='bbox 1230 2142 1406 2191; x_wconf 87' lang='lat' dir='ltr'>constat</span> <span class='ocrx_word' id='word_1_321' title='bbox 1427 2159 1484 2190; x_wconf 86' lang='lat' dir='ltr'>ex</span> <span class='ocrx_word' id='word_1_322' title='bbox 1520 2141 1846 2205; x_wconf 72' lang='lat' dir='ltr'>figrrificatione</span> <span class='ocrx_word' id='word_1_323' title='bbox 1869 2143 2119 2194; x_wconf 86' lang='lat' dir='ltr'>Insularum</span> <span class='ocrx_word' id='word_1_324' title='bbox 2162 2147 2209 2192; x_wconf 91' lang='lat' dir='ltr'>in</span> <span class='ocrx_word' id='word_1_325' title='bbox 2235 2145 2402 2192; x_wconf 83' lang='lat' dir='ltr'>Verbo.</span> 
     </span>
     <span class='ocr_line' id='line_1_29' title="bbox 397 2207 2403 2275; baseline 0 -17"><span class='ocrx_word' id='word_1_326' title='bbox 397 2211 514 2258; x_wconf 89' lang='lat' dir='ltr'>Huc</span> <span class='ocrx_word' id='word_1_327' title='bbox 537 2207 677 2273; x_wconf 89' lang='lat' dir='ltr'>usque</span> <span class='ocrx_word' id='word_1_328' title='bbox 699 2210 851 2257; x_wconf 59' lang='lat' dir='ltr'>actum</span> <span class='ocrx_word' id='word_1_329' title='bbox 875 2208 941 2258; x_wconf 88' lang='lat' dir='ltr'>est</span> <span class='ocrx_word' id='word_1_330' title='bbox 960 2210 1019 2258; x_wconf 91' lang='lat' dir='ltr'>de</span> <span class='ocrx_word' id='word_1_331' title='bbox 1049 2209 1137 2258; x_wconf 90' lang='lat' dir='ltr'>illis</span> <span class='ocrx_word' id='word_1_332' title='bbox 1159 2212 1243 2272; x_wconf 88' lang='lat' dir='ltr'>qui</span> <span class='ocrx_word' id='word_1_333' title='bbox 1279 2210 1457 2260; x_wconf 89' lang='lat' dir='ltr'>cultum</span> <span class='ocrx_word' id='word_1_334' title='bbox 1493 2222 1737 2259; x_wconf 85' lang='lat' dir='ltr'>externum</span> <span class='ocrx_word' id='word_1_335' title='bbox 1763 2210 2013 2259; x_wconf 87' lang='lat' dir='ltr'>habuerunt</span> <span class='ocrx_word' id='word_1_336' title='bbox 2051 2211 2403 2275; x_wconf 79' lang='lat' dir='ltr'>corresponden—</span> 
     </span>
     <span class='ocr_line' id='line_1_30' title="bbox 398 2275 2438 2342; baseline 0.001 -19"><span class='ocrx_word' id='word_1_337' title='bbox 398 2288 494 2323; x_wconf 85' lang='lat' dir='ltr'>tem</span> <span class='ocrx_word' id='word_1_338' title='bbox 512 2277 689 2323; x_wconf 88' lang='lat' dir='ltr'>interno</span> <span class='ocrx_word' id='word_1_339' title='bbox 706 2298 720 2332; x_wconf 77' lang='lat'>3</span> <span class='ocrx_word' id='word_1_340' title='bbox 756 2290 837 2339; x_wconf 88' lang='lat' dir='ltr'>per</span> <span class='ocrx_word' id='word_1_341' title='bbox 858 2275 1027 2341; x_wconf 89' lang='lat' dir='ltr'>septem</span> <span class='ocrx_word' id='word_1_342' title='bbox 1048 2276 1165 2329; x_wconf 85' lang='lat' dir='ltr'>filios</span> <span class='ocrx_word' id='word_1_343' title='bbox 1181 2276 1366 2340; x_wconf 85' lang='lat' dir='ltr'>Japheti</span> <span class='ocrx_word' id='word_1_344' title='bbox 1382 2276 1620 2340; x_wconf 87' lang='lat' dir='ltr'>fignificati</span> <span class='ocrx_word' id='word_1_345' title='bbox 1636 2275 1738 2327; x_wconf 88' lang='lat' dir='ltr'>sunt</span> <span class='ocrx_word' id='word_1_346' title='bbox 1753 2276 1820 2324; x_wconf 92' lang='lat' dir='ltr'>illi</span> <span class='ocrx_word' id='word_1_347' title='bbox 1836 2278 1916 2341; x_wconf 90' lang='lat' dir='ltr'>qui</span> <span class='ocrx_word' id='word_1_348' title='bbox 1951 2279 2138 2342; x_wconf 91' lang='lat' dir='ltr'>propius</span> <span class='ocrx_word' id='word_1_349' title='bbox 2162 2279 2218 2325; x_wconf 89' lang='lat' dir='ltr'>ad</span> <span class='ocrx_word' id='word_1_350' title='bbox 2241 2294 2406 2328; x_wconf 86' lang='lat' dir='ltr'>verum</span> <span class='ocrx_word' id='word_1_351' title='bbox 2436 2301 2438 2303; x_wconf 95' lang='lat'>·</span> 
     </span>
     <span class='ocr_line' id='line_1_31' title="bbox 392 2342 2403 2410; baseline 0.001 -20"><span class='ocrx_word' id='word_1_352' title='bbox 392 2342 576 2390; x_wconf 82' lang='lat' dir='ltr'>cultum</span> <span class='ocrx_word' id='word_1_353' title='bbox 633 2343 862 2390; x_wconf 85' lang='lat' dir='ltr'>internum</span> <span class='ocrx_word' id='word_1_354' title='bbox 924 2343 1191 2397; x_wconf 81' lang='lat' dir='ltr'>acoefferunt</span> <span class='ocrx_word' id='word_1_355' title='bbox 1206 2365 1223 2399; x_wconf 64' lang='grc' dir='ltr'><strong>ς</strong></span> <span class='ocrx_word' id='word_1_356' title='bbox 1280 2360 1363 2408; x_wconf 84' lang='lat' dir='ltr'>per</span> <span class='ocrx_word' id='word_1_357' title='bbox 1405 2344 1576 2407; x_wconf 88' lang='lat' dir='ltr'>septem</span> <span class='ocrx_word' id='word_1_358' title='bbox 1647 2343 1775 2391; x_wconf 86' lang='lat' dir='ltr'>filios.</span> <span class='ocrx_word' id='word_1_359' title='bbox 1807 2344 1999 2393; x_wconf 88' lang='lat' dir='ltr'>Gomeri</span> <span class='ocrx_word' id='word_1_360' title='bbox 2044 2345 2095 2393; x_wconf 87' lang='lat'>&amp;</span> <span class='ocrx_word' id='word_1_361' title='bbox 2140 2345 2275 2393; x_wconf 76' lang='lat' dir='ltr'>simul</span> <span class='ocrx_word' id='word_1_362' title='bbox 2324 2346 2403 2410; x_wconf 90' lang='lat' dir='ltr'>Ja-</span> 
     </span>
     <span class='ocr_line' id='line_1_32' title="bbox 399 2407 2408 2475; baseline 0.003 -21"><span class='ocrx_word' id='word_1_363' title='bbox 399 2409 543 2465; x_wconf 84' lang='lat' dir='ltr'>vanis,</span> <span class='ocrx_word' id='word_1_364' title='bbox 579 2407 661 2464; x_wconf 92' lang='lat' dir='ltr'>illi,</span> <span class='ocrx_word' id='word_1_365' title='bbox 695 2410 779 2471; x_wconf 91' lang='lat' dir='ltr'>qui</span> <span class='ocrx_word' id='word_1_366' title='bbox 795 2411 1012 2462; x_wconf 85' lang='lat' dir='ltr'>remotius</span> <span class='ocrx_word' id='word_1_367' title='bbox 1047 2427 1073 2458; x_wconf 87' lang='lat' dir='ltr'>a</span> <span class='ocrx_word' id='word_1_368' title='bbox 1093 2426 1205 2459; x_wconf 90' lang='lat' dir='ltr'>vero</span> <span class='ocrx_word' id='word_1_369' title='bbox 1222 2410 1351 2458; x_wconf 90' lang='lat' dir='ltr'>cultu</span> <span class='ocrx_word' id='word_1_370' title='bbox 1366 2411 1544 2459; x_wconf 88' lang='lat' dir='ltr'>interno</span> <span class='ocrx_word' id='word_1_371' title='bbox 1559 2407 1777 2467; x_wconf 85' lang='lat' dir='ltr'>fuerunt;</span> <span class='ocrx_word' id='word_1_372' title='bbox 1811 2427 1893 2475; x_wconf 91' lang='lat' dir='ltr'>per</span> <span class='ocrx_word' id='word_1_373' title='bbox 1908 2410 2070 2461; x_wconf 87' lang='lat' dir='ltr'>insulas</span> <span class='ocrx_word' id='word_1_374' title='bbox 2086 2413 2297 2475; x_wconf 85' lang='lat' dir='ltr'>gentium</span> <span class='ocrx_word' id='word_1_375' title='bbox 2317 2413 2408 2475; x_wconf 83' lang='lat' dir='ltr'>fig-</span> 
     </span>
     <span class='ocr_line' id='line_1_33' title="bbox 397 2473 2402 2542; baseline 0.002 -21"><span class='ocrx_word' id='word_1_376' title='bbox 397 2475 640 2528; x_wconf 84' lang='lat' dir='ltr'>nificantur</span> <span class='ocrx_word' id='word_1_377' title='bbox 661 2473 744 2530; x_wconf 90' lang='lat' dir='ltr'>illi,</span> <span class='ocrx_word' id='word_1_378' title='bbox 779 2476 860 2537; x_wconf 92' lang='lat' dir='ltr'>qui</span> <span class='ocrx_word' id='word_1_379' title='bbox 884 2475 1032 2524; x_wconf 88' lang='lat' dir='ltr'>adhuc</span> <span class='ocrx_word' id='word_1_380' title='bbox 1049 2478 1284 2534; x_wconf 89' lang='lat' dir='ltr'>remotius,</span> <span class='ocrx_word' id='word_1_381' title='bbox 1321 2477 1373 2526; x_wconf 71' lang='grc' dir='ltr'>δε</span> <span class='ocrx_word' id='word_1_382' title='bbox 1395 2478 1577 2542; x_wconf 82' lang='lat' dir='ltr'>proprie</span> <span class='ocrx_word' id='word_1_383' title='bbox 1599 2477 1683 2534; x_wconf 86' lang='lat' dir='ltr'>illi,</span> <span class='ocrx_word' id='word_1_384' title='bbox 1719 2479 1801 2542; x_wconf 89' lang='lat' dir='ltr'>qui</span> <span class='ocrx_word' id='word_1_385' title='bbox 1818 2479 1938 2527; x_wconf 85' lang='lat' dir='ltr'>inte&#39;r</span> <span class='ocrx_word' id='word_1_386' title='bbox 1954 2478 1996 2526; x_wconf 90' lang='lat' dir='ltr'>se</span> <span class='ocrx_word' id='word_1_387' title='bbox 2018 2490 2185 2527; x_wconf 89' lang='lat' dir='ltr'>mutuo</span> <span class='ocrx_word' id='word_1_388' title='bbox 2219 2481 2265 2527; x_wconf 88' lang='lat' dir='ltr'>in</span> <span class='ocrx_word' id='word_1_389' title='bbox 2298 2479 2402 2526; x_wconf 88' lang='lat' dir='ltr'>cha-</span> 
     </span>
     <span class='ocr_line' id='line_1_34' title="bbox 397 2538 2401 2608; baseline 0 -17"><span class='ocrx_word' id='word_1_390' title='bbox 397 2542 527 2596; x_wconf 77' lang='lat' dir='ltr'>ritate</span> <span class='ocrx_word' id='word_1_391' title='bbox 550 2542 780 2596; x_wconf 84' lang='lat' dir='ltr'>vixerunt,</span> <span class='ocrx_word' id='word_1_392' title='bbox 822 2538 899 2589; x_wconf 88' lang='lat' dir='ltr'>sed</span> <span class='ocrx_word' id='word_1_393' title='bbox 944 2541 1085 2605; x_wconf 88' lang='lat' dir='ltr'>usque</span> <span class='ocrx_word' id='word_1_394' title='bbox 1127 2545 1175 2591; x_wconf 89' lang='lat' dir='ltr'>in</span> <span class='ocrx_word' id='word_1_395' title='bbox 1196 2545 1465 2606; x_wconf 82' lang='lat' dir='ltr'>ignorantia,</span> <span class='ocrx_word' id='word_1_396' title='bbox 1501 2556 1595 2591; x_wconf 85' lang='lat' dir='ltr'>non</span> <span class='ocrx_word' id='word_1_397' title='bbox 1618 2543 1801 2592; x_wconf 89' lang='lat' dir='ltr'>scientes</span> <span class='ocrx_word' id='word_1_398' title='bbox 1823 2546 2074 2608; x_wconf 87' lang='lat' dir='ltr'>quicquam</span> <span class='ocrx_word' id='word_1_399' title='bbox 2099 2546 2157 2592; x_wconf 86' lang='lat' dir='ltr'>de</span> <span class='ocrx_word' id='word_1_400' title='bbox 2176 2547 2401 2601; x_wconf 90' lang='lat' dir='ltr'>Domino,</span> 
     </span>
     <span class='ocr_line' id='line_1_35' title="bbox 398 2605 2400 2674; baseline 0.001 -20"><span class='ocrx_word' id='word_1_401' title='bbox 398 2607 457 2654; x_wconf 91' lang='lat' dir='ltr'>de</span> <span class='ocrx_word' id='word_1_402' title='bbox 474 2605 796 2655; x_wconf 71' lang='lat' dir='ltr'>doctrinalibus</span> <span class='ocrx_word' id='word_1_403' title='bbox 817 2606 929 2655; x_wconf 84' lang='lat' dir='ltr'>fidei</span> <span class='ocrx_word' id='word_1_404' title='bbox 953 2607 1187 2665; x_wconf 86' lang='lat' dir='ltr'>Ecclefiae,</span> <span class='ocrx_word' id='word_1_405' title='bbox 1226 2611 1276 2657; x_wconf 75' lang='grc' dir='ltr'>ὅτ.</span> <span class='ocrx_word' id='word_1_406' title='bbox 1300 2609 1358 2657; x_wconf 91' lang='lat' dir='ltr'>de</span> <span class='ocrx_word' id='word_1_407' title='bbox 1381 2610 1510 2659; x_wconf 85' lang='lat' dir='ltr'>cultu</span> <span class='ocrx_word' id='word_1_408' title='bbox 1555 2610 1748 2667; x_wconf 88' lang='lat' dir='ltr'>interno,</span> <span class='ocrx_word' id='word_1_409' title='bbox 1783 2609 1859 2658; x_wconf 84' lang='lat' dir='ltr'>sed</span> <span class='ocrx_word' id='word_1_410' title='bbox 1877 2623 2029 2668; x_wconf 82' lang='lat' dir='ltr'>tamen</span> <span class='ocrx_word' id='word_1_411' title='bbox 2062 2612 2289 2674; x_wconf 76' lang='lat' dir='ltr'>quendam</span> <span class='ocrx_word' id='word_1_412' title='bbox 2320 2627 2400 2657; x_wconf 88' lang='lat' dir='ltr'>ex·</span> 
     </span>
     <span class='ocr_line' id='line_1_36' title="bbox 394 2673 2399 2742; baseline 0.002 -22"><span class='ocrx_word' id='word_1_413' title='bbox 394 2686 581 2720; x_wconf 89' lang='lat' dir='ltr'>ternum</span> <span class='ocrx_word' id='word_1_414' title='bbox 599 2673 776 2721; x_wconf 88' lang='lat' dir='ltr'>cultum</span> <span class='ocrx_word' id='word_1_415' title='bbox 793 2673 1063 2731; x_wconf 85' lang='lat' dir='ltr'>habuerunt,</span> <span class='ocrx_word' id='word_1_416' title='bbox 1098 2686 1239 2737; x_wconf 85' lang='lat' dir='ltr'>quem</span> <span class='ocrx_word' id='word_1_417' title='bbox 1273 2674 1476 2742; x_wconf 84' lang='lat' dir='ltr'>religiose</span> <span class='ocrx_word' id='word_1_418' title='bbox 1499 2674 1806 2732; x_wconf 83' lang='lat' dir='ltr'>observarunt,</span> <span class='ocrx_word' id='word_1_419' title='bbox 1842 2676 1952 2724; x_wconf 86' lang='lat' dir='ltr'>tales</span> <span class='ocrx_word' id='word_1_420' title='bbox 1976 2689 2200 2726; x_wconf 84' lang='lat' dir='ltr'>vocantur</span> <span class='ocrx_word' id='word_1_421' title='bbox 2237 2676 2399 2725; x_wconf 78' lang='lat' dir='ltr'>Insulae</span> 
     </span>
     <span class='ocr_line' id='line_1_37' title="bbox 394 2740 2397 2806; baseline 0.001 -16"><span class='ocrx_word' id='word_1_422' title='bbox 394 2741 445 2790; x_wconf 84' lang='lat' dir='ltr'>in</span> <span class='ocrx_word' id='word_1_423' title='bbox 467 2740 640 2797; x_wconf 89' lang='lat' dir='ltr'>Verbo,</span> <span class='ocrx_word' id='word_1_424' title='bbox 665 2755 802 2804; x_wconf 89' lang='lat' dir='ltr'>quare</span> <span class='ocrx_word' id='word_1_425' title='bbox 818 2756 900 2804; x_wconf 85' lang='lat' dir='ltr'>per</span> <span class='ocrx_word' id='word_1_426' title='bbox 912 2740 1079 2788; x_wconf 88' lang='lat' dir='ltr'>Insulas</span> <span class='ocrx_word' id='word_1_427' title='bbox 1096 2741 1376 2804; x_wconf 85' lang='lat' dir='ltr'>fignificatur</span> <span class='ocrx_word' id='word_1_428' title='bbox 1391 2744 1439 2789; x_wconf 89' lang='lat' dir='ltr'>in</span> <span class='ocrx_word' id='word_1_429' title='bbox 1456 2740 1583 2792; x_wconf 84' lang='lat' dir='ltr'>sensu</span> <span class='ocrx_word' id='word_1_430' title='bbox 1604 2742 1782 2789; x_wconf 89' lang='lat' dir='ltr'>interno</span> <span class='ocrx_word' id='word_1_431' title='bbox 1805 2741 1954 2790; x_wconf 90' lang='lat' dir='ltr'>cultus</span> <span class='ocrx_word' id='word_1_432' title='bbox 1971 2745 2050 2806; x_wconf 87' lang='lat' dir='ltr'>qui</span> <span class='ocrx_word' id='word_1_433' title='bbox 2074 2744 2292 2792; x_wconf 86' lang='lat' dir='ltr'>remotior</span> <span class='ocrx_word' id='word_1_434' title='bbox 2306 2743 2397 2792; x_wconf 84' lang='lat' dir='ltr'>est:</span> 
     </span>
     <span class='ocr_line' id='line_1_38' title="bbox 396 2805 2401 2873; baseline 0.003 -21"><span class='ocrx_word' id='word_1_435' title='bbox 396 2807 480 2868; x_wconf 90' lang='lat' dir='ltr'>qui</span> <span class='ocrx_word' id='word_1_436' title='bbox 503 2808 551 2854; x_wconf 86' lang='lat' dir='ltr'>in</span> <span class='ocrx_word' id='word_1_437' title='bbox 572 2805 695 2855; x_wconf 90' lang='lat' dir='ltr'>sensu</span> <span class='ocrx_word' id='word_1_438' title='bbox 714 2807 890 2855; x_wconf 89' lang='lat' dir='ltr'>interno</span> <span class='ocrx_word' id='word_1_439' title='bbox 909 2806 1051 2855; x_wconf 93' lang='lat' dir='ltr'>Verbi</span> <span class='ocrx_word' id='word_1_440' title='bbox 1075 2807 1193 2865; x_wconf 88' lang='lat' dir='ltr'>sunt,</span> <span class='ocrx_word' id='word_1_441' title='bbox 1230 2820 1282 2854; x_wconf 93' lang='lat' dir='ltr'>ut</span> <span class='ocrx_word' id='word_1_442' title='bbox 1305 2809 1496 2873; x_wconf 88' lang='lat' dir='ltr'>Angeli,</span> <span class='ocrx_word' id='word_1_443' title='bbox 1531 2809 1743 2870; x_wconf 86' lang='lat' dir='ltr'>ignorant</span> <span class='ocrx_word' id='word_1_444' title='bbox 1756 2808 1866 2872; x_wconf 90' lang='lat' dir='ltr'>quid</span> <span class='ocrx_word' id='word_1_445' title='bbox 1884 2807 2063 2866; x_wconf 87' lang='lat' dir='ltr'>Insulae,</span> <span class='ocrx_word' id='word_1_446' title='bbox 2098 2809 2260 2858; x_wconf 84' lang='lat' dir='ltr'>talium</span> <span class='ocrx_word' id='word_1_447' title='bbox 2276 2812 2401 2858; x_wconf 90' lang='lat' dir='ltr'>enim</span> 
     </span>
     <span class='ocr_line' id='line_1_39' title="bbox 406 2871 2396 2941; baseline 0.004 -25"><span class='ocrx_word' id='word_1_448' title='bbox 406 2871 552 2919; x_wconf 85' lang='lat' dir='ltr'>ideam</span> <span class='ocrx_word' id='word_1_449' title='bbox 576 2873 770 2936; x_wconf 88' lang='lat' dir='ltr'>amplius</span> <span class='ocrx_word' id='word_1_450' title='bbox 804 2890 897 2922; x_wconf 87' lang='lat' dir='ltr'>non</span> <span class='ocrx_word' id='word_1_451' title='bbox 922 2873 1102 2931; x_wconf 87' lang='lat' dir='ltr'>habent,</span> <span class='ocrx_word' id='word_1_452' title='bbox 1139 2873 1212 2921; x_wconf 90' lang='lat' dir='ltr'>sed</span> <span class='ocrx_word' id='word_1_453' title='bbox 1237 2890 1322 2938; x_wconf 86' lang='lat' dir='ltr'>pro</span> <span class='ocrx_word' id='word_1_454' title='bbox 1346 2875 1398 2922; x_wconf 90' lang='lat' dir='ltr'>iis</span> <span class='ocrx_word' id='word_1_455' title='bbox 1421 2875 1679 2939; x_wconf 89' lang='lat' dir='ltr'>percipiunt</span> <span class='ocrx_word' id='word_1_456' title='bbox 1703 2875 1880 2925; x_wconf 86' lang='lat' dir='ltr'>cultum</span> <span class='ocrx_word' id='word_1_457' title='bbox 1906 2878 2218 2934; x_wconf 89' lang='lat' dir='ltr'>remotiorem,</span> <span class='ocrx_word' id='word_1_458' title='bbox 2253 2878 2396 2941; x_wconf 77' lang='lat' dir='ltr'>qualis</span> 
     </span>
     <span class='ocr_line' id='line_1_40' title="bbox 335 2936 2397 3007; baseline 0.003 -23"><span class='ocrx_word' id='word_1_459' title='bbox 335 2951 338 2954; x_wconf 56' lang='lat'><strong>⁴</strong></span> <span class='ocrx_word' id='word_1_460' title='bbox 395 2936 463 2984; x_wconf 78' lang='lat' dir='ltr'>est</span> <span class='ocrx_word' id='word_1_461' title='bbox 478 2941 684 3000; x_wconf 88' lang='lat' dir='ltr'>gentium</span> <span class='ocrx_word' id='word_1_462' title='bbox 703 2952 828 2989; x_wconf 85' lang='lat' dir='ltr'>extra</span> <span class='ocrx_word' id='word_1_463' title='bbox 842 2940 1090 2988; x_wconf 88' lang='lat' dir='ltr'>Ecclefiam</span> <span class='ocrx_word' id='word_1_464' title='bbox 1111 2959 1121 2988; x_wconf 76' lang='grc' dir='ltr'>ε</span> <span class='ocrx_word' id='word_1_465' title='bbox 1158 2941 1361 2994; x_wconf 76' lang='lat' dir='ltr'>similiter</span> <span class='ocrx_word' id='word_1_466' title='bbox 1375 2944 1510 2991; x_wconf 86' lang='lat' dir='ltr'>etiam</span> <span class='ocrx_word' id='word_1_467' title='bbox 1535 2957 1617 3005; x_wconf 84' lang='lat' dir='ltr'>per</span> <span class='ocrx_word' id='word_1_468' title='bbox 1632 2941 1792 2991; x_wconf 83' lang='lat' dir='ltr'>insulas</span> <span class='ocrx_word' id='word_1_469' title='bbox 1807 2943 2065 3006; x_wconf 81' lang='lat' dir='ltr'>percipiunt</span> <span class='ocrx_word' id='word_1_470' title='bbox 2095 2943 2171 2993; x_wconf 84' lang='lat' dir='ltr'>illa</span> <span class='ocrx_word' id='word_1_471' title='bbox 2190 2945 2307 2991; x_wconf 85' lang='lat' dir='ltr'>intra</span> <span class='ocrx_word' id='word_1_472' title='bbox 2329 2946 2397 3007; x_wconf 78' lang='lat' dir='ltr'>ip-</span> 
     </span>
     <span class='ocr_line' id='line_1_41' title="bbox 411 3002 2398 3071; baseline 0.003 -20"><span class='ocrx_word' id='word_1_473' title='bbox 411 3002 507 3051; x_wconf 84' lang='lat' dir='ltr'>sam</span> <span class='ocrx_word' id='word_1_474' title='bbox 525 3004 790 3062; x_wconf 75' lang='lat' dir='ltr'>Ecclesiam,</span> <span class='ocrx_word' id='word_1_475' title='bbox 825 3022 932 3070; x_wconf 85' lang='lat' dir='ltr'>quae</span> <span class='ocrx_word' id='word_1_476' title='bbox 970 3008 1252 3071; x_wconf 84' lang='lat' dir='ltr'>aliquantum</span> <span class='ocrx_word' id='word_1_477' title='bbox 1288 3010 1530 3059; x_wconf 89' lang='lat' dir='ltr'>remotiora</span> <span class='ocrx_word' id='word_1_478' title='bbox 1572 3007 1674 3055; x_wconf 88' lang='lat' dir='ltr'>sunt</span> <span class='ocrx_word' id='word_1_479' title='bbox 1713 3025 1744 3058; x_wconf 80' lang='lat' dir='ltr'>a</span> <span class='ocrx_word' id='word_1_480' title='bbox 1766 3006 1993 3067; x_wconf 83' lang='lat' dir='ltr'>charitate,</span> <span class='ocrx_word' id='word_1_481' title='bbox 2029 3009 2143 3058; x_wconf 87' lang='lat' dir='ltr'>ficut</span> <span class='ocrx_word' id='word_1_482' title='bbox 2166 3009 2266 3057; x_wconf 87' lang='lat' dir='ltr'>sunt</span> <span class='ocrx_word' id='word_1_483' title='bbox 2287 3012 2398 3057; x_wconf 81' lang='lat' dir='ltr'>ami-</span> 
     </span>
     <span class='ocr_line' id='line_1_42' title="bbox 405 3070 2399 3132; baseline 0.004 -17"><span class='ocrx_word' id='word_1_484' title='bbox 405 3070 546 3124; x_wconf 87' lang='lat' dir='ltr'>citiae‚</span> <span class='ocrx_word' id='word_1_485' title='bbox 580 3070 631 3116; x_wconf 76' lang='grc' dir='ltr'>δε</span> <span class='ocrx_word' id='word_1_486' title='bbox 655 3071 888 3125; x_wconf 80' lang='lat' dir='ltr'>civilitates</span> <span class='ocrx_word' id='word_1_487' title='bbox 907 3095 923 3128; x_wconf 77' lang='lat'><em>3</em></span> <span class='ocrx_word' id='word_1_488' title='bbox 957 3076 1152 3122; x_wconf 87' lang='lat' dir='ltr'>amicitia</span> <span class='ocrx_word' id='word_1_489' title='bbox 1173 3091 1266 3123; x_wconf 90' lang='lat' dir='ltr'>non</span> <span class='ocrx_word' id='word_1_490' title='bbox 1292 3075 1357 3124; x_wconf 90' lang='lat' dir='ltr'>est</span> <span class='ocrx_word' id='word_1_491' title='bbox 1373 3075 1578 3132; x_wconf 84' lang='lat' dir='ltr'>charitas,</span> <span class='ocrx_word' id='word_1_492' title='bbox 1612 3076 1762 3124; x_wconf 90' lang='lat' dir='ltr'>minus</span> <span class='ocrx_word' id='word_1_493' title='bbox 1785 3074 1932 3124; x_wconf 88' lang='lat' dir='ltr'>adhuc</span> <span class='ocrx_word' id='word_1_494' title='bbox 1950 3076 2156 3132; x_wconf 85' lang='lat' dir='ltr'>civilitas,</span> <span class='ocrx_word' id='word_1_495' title='bbox 2192 3075 2267 3123; x_wconf 92' lang='lat' dir='ltr'>sed</span> <span class='ocrx_word' id='word_1_496' title='bbox 2298 3076 2399 3123; x_wconf 89' lang='lat' dir='ltr'>sunt</span> 
     </span>
     <span class='ocr_line' id='line_1_43' title="bbox 404 3133 2392 3205; baseline 0.003 -24"><span class='ocrx_word' id='word_1_497' title='bbox 404 3135 573 3198; x_wconf 86' lang='lat' dir='ltr'>gradus</span> <span class='ocrx_word' id='word_1_498' title='bbox 599 3133 713 3182; x_wconf 88' lang='lat' dir='ltr'>infra</span> <span class='ocrx_word' id='word_1_499' title='bbox 735 3136 1014 3195; x_wconf 82' lang='lat' dir='ltr'>charitatem,</span> <span class='ocrx_word' id='word_1_500' title='bbox 1048 3152 1093 3187; x_wconf 90' lang='lat' dir='ltr'>at</span> <span class='ocrx_word' id='word_1_501' title='bbox 1109 3156 1204 3204; x_wconf 92' lang='lat' dir='ltr'>quo</span> <span class='ocrx_word' id='word_1_502' title='bbox 1234 3142 1336 3205; x_wconf 84' lang='lat' dir='ltr'>plus</span> <span class='ocrx_word' id='word_1_503' title='bbox 1360 3143 1544 3191; x_wconf 87' lang='lat' dir='ltr'>trahunt</span> <span class='ocrx_word' id='word_1_504' title='bbox 1559 3158 1585 3190; x_wconf 89' lang='lat' dir='ltr'>a</span> <span class='ocrx_word' id='word_1_505' title='bbox 1601 3141 1830 3199; x_wconf 84' lang='lat' dir='ltr'>charitate,</span> <span class='ocrx_word' id='word_1_506' title='bbox 1865 3159 1922 3191; x_wconf 90' lang='lat' dir='ltr'>eo</span> <span class='ocrx_word' id='word_1_507' title='bbox 1945 3142 2048 3205; x_wconf 89' lang='lat' dir='ltr'>plus</span> <span class='ocrx_word' id='word_1_508' title='bbox 2075 3142 2175 3189; x_wconf 89' lang='lat' dir='ltr'>sunt</span> <span class='ocrx_word' id='word_1_509' title='bbox 2198 3142 2392 3189; x_wconf 85' lang='lat' dir='ltr'>fincerae.</span> 
     </span>
    </p>
   </div>
   <div class='ocr_carea' id='block_1_5' title="bbox 396 3201 2396 3319">
    <p class='ocr_par' dir='ltr' id='par_1_7' title="bbox 396 3201 2396 3319">
     <span class='ocr_line' id='line_1_44' title="bbox 396 3201 2392 3318; baseline 0.005 -71"><span class='ocrx_word' id='word_1_510' title='bbox 396 3201 542 3262; x_wconf 81' lang='lat' dir='ltr'>Quod</span> <span class='ocrx_word' id='word_1_511' title='bbox 557 3217 653 3267; x_wconf 77' lang='lat' dir='ltr'>per-</span> <span class='ocrx_word' id='word_1_512' title='bbox 661 3201 827 3257; x_wconf 78' lang='lat' dir='ltr'>Insulas</span> <span class='ocrx_word' id='word_1_513' title='bbox 841 3203 944 3253; x_wconf 82' lang='lat' dir='ltr'>talia</span> <span class='ocrx_word' id='word_1_514' title='bbox 957 3204 1504 3269; x_wconf 75' lang='lat' dir='ltr'>fignificentur,.constare</span> <span class='ocrx_word' id='word_1_515' title='bbox 1518 3208 1669 3274; x_wconf 75' lang='lat' dir='ltr'>potest</span> <span class='ocrx_word' id='word_1_516' title='bbox 1692 3209 1747 3258; x_wconf 87' lang='lat' dir='ltr'>ab</span> <span class='ocrx_word' id='word_1_517' title='bbox 1766 3209 1907 3283; x_wconf 32' lang='lat' dir='ltr'>his-in</span> <span class='ocrx_word' id='word_1_518' title='bbox 1926 3208 2080 3258; x_wconf 88' lang='lat' dir='ltr'>Verbo</span> <span class='ocrx_word' id='word_1_519' title='bbox 2097 3208 2208 3257; x_wconf 89' lang='lat' dir='ltr'>locis</span> <span class='ocrx_word' id='word_1_520' title='bbox 2221 3230 2260 3318; x_wconf 57' lang='lat'>13³</span> <span class='ocrx_word' id='word_1_521' title='bbox 2268 3206 2392 3318; x_wconf 68' lang='lat' dir='ltr'>¹apud</span> 
     </span>
     <span class='ocr_line' id='line_1_45' title="bbox 2239 3287 2396 3319; baseline 0 0"><span class='ocrx_word' id='word_1_522' title='bbox 2239 3306 2263 3319; x_wconf 49' lang='lat' dir='ltr'>s</span> <span class='ocrx_word' id='word_1_523' title='bbox 2284 3287 2396 3319; x_wconf 64' lang='lat' dir='ltr'>auam</span> 
     </span>
    </p>
   </div>
  </div>
 </body>
</html>
