2788 3736
602 276 938 346 CAPUT
986 275 1467 345 DECIMUM
1513 275 1838 362 QUINT
1860 276 2026 339 UM.
2207 282 2336 344 611.

337 418 496 474 fei-nis,-
523 415 634 479 ,quia
656 414 764 462 inde
785 426 925 462 omne
947 409 1109 460 falsum
1127 428 1145 467 :¹
1176 409 1298 475 apud
1328 408 1566 467 Eundem,
1604 413 1638 436 “
1662 408 1791 469 Jesus
1811 409 1946 467 dixit,
1981 409 2091 473 Ego
2111 408 2213 458 sum
2235 412 2346 461 Lux

337 493 373 515 “
406 483 592 541 mundi,
628 483 709 546 qui
749 482 836 530 Me
875 479 1092 543 sequitur,
1134 493 1227 525 non
1267 473 1518 524 ambulabit
1558 477 1604 522 in
1644 476 1892 534 Tenebris,'’
1928 492 2066 525 V111:
2100 493 2171 527 12.
2222 480 2345 543 apud

335 552 569 607 Eundem,
622 554 659 576 “
692 545 962 603 Ambulate,
1010 543 1246 607 quousque
1291 542 1444 590 lucem
1478 540 1664 599 habetis,
1724 558 1780 590 ne
1819 542 2016 593 §Tenebrae
2059 559 2145 591 vos
2183 560 2342 610 appre-

337 625 372 647 “
408 618 639 672 hendant;
675 630 783 663 nam
804 615 886 678 qui
908 611 1113 660 ambulat
1136 611 1183 657 in
1198 614 1239 658 §T
1239 609 1414 666 enebris,
1451 624 1544 656 non
1568 608 1648 656 scit
1671 607 1887 672 quorsum
1912 610 2051 657 abeat.
2121 612 2232 675 Ego
2264 613 2346 660 lux

337 691 372 714 “
407 687 456 732 in
489 683 719 733 mundum
756 682 883 737 veni,
914 691 969 727 ut
1007 677 1159 726 omnis
1197 678 1279 740 qui
1305 676 1451 723 credit
1472 677 1521 724 in
1543 675 1647 733 Me,
1683 677 1730 722 in
1753 675 1799 723 T
1792 676 1951 724 enebris
1987 692 2080 724 non
2116 680 2345 738 maneat,’'

338 768 414 801 κη
437 770 448 800 :
477 752 556 816 36,
591 749 672 811 46.
708 747 820 804 Lux
841 762 928 811 pro
942 745 1169 801 Domino,
1205 745 1360 806 aQuo
1383 759 1522 793 omne
1551 741 1727 790 bonum
1751 742 1802 790 &
1825 758 2004 801 verum,
2039 745 2238 792 tenebrae
2260 762 2349 810 pro

337 818 472 875 falfis,
508 834 615 881 quae
638 832 662 863 a
678 814 787 862 Solo
798 813 1008 861 Domino
1031 811 1348 859 discutiuntur.
1396 809 1623 858 Falfitates
1645 809 1918 858 ultimorum
1934 822 2219 874 temporum,
2241 830 2349 876 quae

340 885 414 933 hic
437 884 634 932 tenebrae
647 890 884 938 vocantur,
921 878 996 926 seu
1022 877 1079 925 de
1100 876 1268 942 quibus
1300 877 1575 941 praedicatur
1595 887 1739 924 terror
1755 876 2039 926 tenebrarum
2058 894 2347 943 magnarum,

343 949 671 1016 repraesenta'tae
709 947 811 996 sunt
849 948 901 996 δε
929 944 1194 1010 fignificatae
1232 960 1313 1009 per
1334 944 1545 992 Tenebras
1574 939 1711 991 factas
1732 941 1864 1007 super
1885 943 2139 992 universam
2165 957 2348 1004 terram,

341 1018 398 1066 ab
418 1018 528 1069 hora
550 1018 671 1069 sexta
691 1013 830 1078 usque
850 1013 907 1061 ad
929 1028 1099 1061 nonam
1117 1034 1144 1068 ;-·
1170 1024 1275 1059 tum
1315 1010 1439 1074 quod
1475 1023 1586 1057 tunc
1607 1009 1675 1073 sol
1714 1010 2027 1068 obtenebratus,
2066 1028 2161 1075 quo
2185 1028 2352 1077 reprae·

258 1082 266 1092 ’
344 1085 566 1135 sentatum
589 1084 639 1132 δε
662 1081 986 1146 fignfficatum,
1021 1078 1149 1141 quod
1182 1090 1295 1125 tunc
1330 1076 1484 1125 nullus
1506 1092 1651 1134 amor,
1704 1075 1778 1124 seu
1819 1077 1943 1126 nulla
1982 1077 2096 1126 fides
2137 1080 2352 1144 amplius,

343 1151 694 1200 Matthzxxvn
715 1167 726 1196 :
751 1165 832 1211 45.
867 1146 1146 1194 Marc:xv:
1175 1161 1251 1208 33.
1287 1144 1425 1192 Luc:
1451 1159 1618 1191 xxm:
1642 1161 1725 1204 44,
1765 1161 1847 1207 45.

416 1237 433 1266 1
446 1222 554 1276 840.
591 1213 732 1263 Vers:
765 1231 839 1277 13.
877 1215 941 1259 Et
971 1211 1083 1259 dixit
1106 1211 1313 1267 Abramo,
1363 1209 1631 1273 cognoscendo
1668 1213 1894 1275 cognosces,
1944 1210 2054 1275 quod
2082 1214 2353 1277 peregrinum

342 1286 425 1333 erit
438 1285 578 1348 semen
601 1292 722 1330 tuum
740 1283 786 1328 in
807 1290 945 1336 terra,
978 1294 1060 1326 non
1080 1277 1170 1324 illis
1181 1299 1200 1338 5
1234 1277 1496 1341 &servient
1516 1276 1619 1333 illis,
1656 1278 1712 1326 ἐς)
1744 1277 1931 1340 affligent
1963 1278 2056 1326 illos
2071 1281 2352 1344 quadringen-

346 1355 405 1400 tis
434 1353 571 1397 anm's.
639 1348 776 1396 Dixit
798 1346 1025 1402 Abramo,
1056 1344 1283 1408 ,fignificat
1303 1343 1670 1407 perceptionem:
1729 1342 2052 1408 cognoscendo
2090 1347 2353 1410 cognosces,

349 1417 571 1481 fignificat
606 1414 736 1478 quod
757 1425 965 1461 certum:
1002 1411 1299 1475 peregrinum
1339 1409 1424 1456 erit
1461 1407 1609 1456 semen
1648 1421 1801 1467 tuum,
1836 1409 2058 1474 fignificat
2092 1413 2222 1476 quod
2259 1430 2356 1462 rara

347 1484 535 1532 charitas
557 1484 607 1531 &
631 1481 772 1528 fides:
810 1482 858 1527 in
882 1490 999 1527 terra
1020 1493 1128 1540 quae
1150 1493 1243 1524 non
1267 1476 1371 1533 illis,
1406 1474 1631 1539 fignificat
1653 1475 1733 1523 ubi
1755 1476 1957 1525 Ecclefia
1984 1477 2100 1526 ficut
2121 1495 2215 1527 non
2236 1479 2358 1528 foret

346 1551 534 1598 illorum
564 1549 647 1612 qui
680 1548 728 1595 in
759 1546 971 1595 charitate
1008 1545 1059 1591 &
1098 1543 1217 1590 fide:
1269 1543 1320 1590 δι’.
1354 1541 1546 1590 servient
1585 1542 1690 1600 illis,
1726 1542 1952 1608 fignificat
1988 1548 2353 1610 oppressionem:

347 1619 399 1664 &
423 1617 623 1679 affligent
651 1613 768 1670 illos,
804 1611 1027 1676 fignificat
1062 1610 1329 1657 tentationes
1368 1607 1552 1656 illorum
1592 1625 1779 1673 graves:
1828 1611 2176 1676 quadringentis
2211 1615 2360 1673 annis,

347 1682 570 1747 fignificat
592 1680 879 1728 durationem
900 1678 951 1726 &
975 1676 1156 1724 statum.

427 1754 562 1809 1841.
598 1747 732 1795 Dixit
756 1745 982 1800 Abramo,
1018 1743 1144 1807 quod
1185 1740 1408 1806 significet
1436 1742 1793 1806 perceptionem,
1829 1743 2003 1792 constat
2031 1762 2088 1793 ex
2124 1745 2214 1793 illis
2249 1764 2359 1811 quae

349 1816 472 1863 dieta
509 1814 612 1863 sunt
649 1812 780 1876 supra
816 1812 875 1860 ad
914 1809 1040 1859 vers:
1068 1828 1113 1874 9.
1148 1810 1198 1858 &
1223 1808 1344 1866 alibi,
1379 1808 1460 1857 ubi
1482 1808 1735 1857 eorundem
1757 1810 2006 1859 verborum
2029 1812 2187 1860 eadem
2217 1814 2356 1878 figni-

350 1882 516 1930 ficatio.

428 1967 443 1996 1
457 1953 567 2009 842.
603 1946 751 2012 Qod
766 1943 1083 2009 cognoscendo
1098 1941 1359 2007 cognosces,
1393 1941 1619 2007 significet
1635 1942 1763 2007 quod
1779 1955 1973 2002 certum,
1998 1944 2172 1995 constat
2193 1946 2357 2012 absque

348 2032 406 2064 ex
442 2015 661 2063 licatione.

408 2033 566 2144 p1843.
604 2081 752 2141 Quod
781 2079 1075 2144 peregrinum
1111 2079 1197 2126 erit
1235 2076 1384 2125 semen
1415 2088 1568 2135 tuum,
1616 2073 1840 2140 fignificet
1878 2078 2007 2142 quod
2046 2096 2140 2128 rara
2171 2080 2358 2130 charitas

349 2150 401 2198 δι’,
422 2149 552 2205 fides,
588 2147 761 2195 constat
792 2163 818 2194 a
855 2146 1181 2209 significatione
1222 2144 1466 2208 peregrini,
1503 2145 1554 2193 δε
1591 2160 1617 2191 a
1653 2144 1980 2208 significatione
2010 2145 2225 2204 seminis,
2277 2166 2358 2213 pe-

354 2216 588 2279 regrinum
612 2213 835 2277 fignificat
856 2212 984 2276 quod
1008 2228 1100 2259 non
1125 2225 1284 2260 natum
1310 2212 1356 2257 in
1381 2223 1511 2267 terra,
1547 2211 1608 2258 ita
1632 2210 1761 2274 quod
1784 2228 1876 2258 non
1900 2212 2157 2275 agnoscitur
2179 2230 2264 2278 pro
2287 2219 2358 2261 in-

354 2283 536 2344 digena,
571 2279 763 2344 proinde
786 2278 913 2342 quod
941 2278 1165 2343 spectatur
1202 2277 1317 2324 ficut
1346 2277 1543 2325 alienum
1568 2299 1583 2333 ς
1617 2276 1767 2325 semen
1789 2291 1939 2326 autem
1963 2279 2188 2342 fignificat
2213 2281 2357 2329 chari-

354 2360 496 2396 tatem
536 2348 584 2395 δε
612 2344 708 2410 ejus
742 2344 902 2401 fidem,
937 2358 990 2394 ut
1028 2343 1254 2394 ostensum
1278 2345 1404 2408 prius
1435 2360 1496 2392 n:
1525 2360 1638 2408 255,
1672 2361 1810 2407 1025.
1848 2345 1899 2392 &
1921 2344 2054 2409 supra
2076 2347 2133 2394 ad
2156 2348 2282 2396 vers:
2310 2365 2356 2410 3.

354 2414 463 2478 quia
486 2414 778 2478 peregrinum
799 2410 983 2468 dicitur,
1016 2411 1144 2474 quod
1166 2410 1388 2474 spestatur
1410 2423 1462 2458 ut
1485 2410 1699 2468 alienum,
1735 2412 1785 2459 δε
1809 2410 2006 2461 alienum
2027 2411 2091 2461 est
2112 2414 2240 2477 quod
2263 2430 2357 2462 non

357 2483 405 2529 in
436 2493 551 2527 terra
573 2478 647 2526 seu
669 2494 726 2526 ex
747 2490 880 2534 terra,
915 2476 1114 2541 sequitur
1135 2477 1262 2539 quod
1295 2477 1350 2523 fit
1372 2477 1421 2523 id
1443 2477 1571 2539 quod
1594 2491 1761 2534 rarum,
1798 2479 1990 2540 proinde
2019 2480 2145 2543 quod
2168 2481 2358 2528 charitas

357 2548 409 2595 ὅτ,
432 2547 544 2594 fides
568 2546 791 2593 charitatis
814 2545 898 2592 erit
920 2559 1031 2600 rara,
1066 2558 1174 2606 quae
1206 2542 1270 2589 est
1297 2540 1447 2589 semen
1467 2564 1482 2598 ;
1519 2545 1671 2605 agitur
1692 2542 1749 2591 de
1773 2546 1978 2607 tempore
1999 2558 2101 2602 ante
2124 2546 2360 2594 consuma-
2405 2584 2407 2586 v

353 2616 529 2661 tionem
564 2611 748 2676 quando
784 2610 982 2659 tenebrae
1018 2625 1220 2673 magnae,
1256 2607 1343 2656 hoc
1381 2607 1462 2664 est,
1497 2606 1719 2666 falfitateS‚
1760 2610 1890 2673 quod
1921 2623 2031 2658 tunc
2055 2611 2205 2660 semen
2229 2628 2357 2677 pere·

359 2682 565 2744 grinum,
599 2677 674 2725 seu
697 2679 884 2726 charitas
922 2678 973 2725 ὅτ
997 2676 1110 2724 fides
1134 2691 1228 2724 rara
1245 2677 1265 2723 ε’
1292 2674 1418 2739 quod
1443 2673 1556 2722 fides
1582 2691 1677 2722 rara
1701 2675 1873 2724 ultimis
1905 2678 2188 2741 temporibus
2212 2697 2237 2727 a
2257 2680 2360 2727 Do-

359 2748 487 2794 mino
507 2745 803 2810 praediCtum,
838 2743 918 2792 ubi
955 2743 1012 2790 de
1050 2742 1388 2790 consumatione
1425 2738 1593 2798 saecuIi,
1637 2742 1759 2806 apud
1782 2743 1965 2791 Matth:
1992 2759 2147 2791 xxiva
2189 2764 2221 2807 4
2244 2746 2301 2793 ad
2324 2744 2359 2795 f.

362 2813 526 2862 Marc:
553 2829 691 2860 xm:
721 2829 747 2876 3
773 2811 832 2858 ad
854 2809 887 2859 f.
923 2811 1056 2858 Luc:
1082 2825 1166 2857 xm
1187 2828 1198 2858 :
1238 2824 1264 2873 7
1290 2808 1348 2855 ad
1371 2805 1404 2855 f.
1446 2806 1527 2854 ubi
1549 2809 1774 2872 quicquid
1794 2809 1978 2866 dicitur,
2012 2811 2210 2861 involvit
2231 2814 2362 2878 quod

362 2878 449 2925 illis
472 2878 753 2941 temporibus
775 2894 868 2926 rara
892 2876 1080 2925 charitas
1103 2877 1154 2924 δε
1171 2874 1301 2932 fides,
1336 2875 1387 2922 &
1403 2874 1531 2938 quod
1545 2875 1728 2922 tandem
1739 2875 1867 2924 ¹nulla
1886 2899 1899 2933 ;
1936 2892 2018 2940 per
2033 2877 2288 2938 Johannem
2313 2882 2361 2928 in

363 2944 642 3008 Apocalypsi
661 2944 895 3002 fimiliter3
930 2956 1034 2992 tum
1056 2958 1241 3007 quoque
1264 2941 1387 3006 apud
1403 2942 1650 3005 Prophetas
1674 2941 1904 2991 multoties
1923 2965 1938 2999 ς
1973 2957 2140 3007 praeter
2160 2945 2235 2994 illa
2256 2963 2364 3010 quae

359 3011 410 3058 in
434 3010 678 3059 Historicis
698 3011 877 3067 Verbi;
923 3009 997 3058 sed
1030 3026 1113 3075 per
1136 3009 1295 3067 fidem,
1329 3024 1436 3074 quae
1475 3007 1648 3056 ultimis
1682 3009 1966 3073 temporibus
2003 3012 2217 3074 peritura,
2253 3013 2365 3061 nihil

361 3077 486 3123 aliud
508 3076 791 3139 intelligitur,
826 3093 967 3140 quam
999 3077 1206 3134 charitas,
1241 3074 1462 3139 nusquam
1492 3074 1574 3123 alia
1597 3075 1708 3123 fides
1730 3076 1877 3134 datur,
1913 3093 2052 3140 quam
2077 3077 2188 3124 fides
2222 3080 2363 3127 chari·

364 3142 970 3274 {32333‘12'51‘3‘33‘1253‘332‘5
973 3143 1194 3258 Ψέἷΐῖἰῗ
1212 3143 1323 3273 3ῐέ
1326 3141 1526 3272 {3223}
1529 3142 2364 3275 {sthssessivff‘effissoessssssssssifflss

1365 3277 1387 3323 Ι
1410 3277 1424 3323 i
1447 3277 1462 3322 i
1485 3277 1500 3323 i
1539 3293 1564 3324 2
2270 3293 2367 3324 rem
