2788 3736
356 270 500 354 με»
927 208 1995 326 GENESJSJ

363 395 547 451 dextra
609 402 757 466 parte
814 391 989 466 capitis
1051 391 1104 445 in
1150 389 1402 461 finistrum
1464 388 1589 443 latus
1657 388 1882 451 thoracis,
1953 384 2247 464 nequaquam
2315 392 2368 447 in

278 531 286 538 ·
354 470 604 544 stnistrum
645 466 835 539 capitis,
893 466 1067 535 namsi
1106 465 1188 521 hoc
1210 466 1376 536 fieret,
1416 462 1539 538 quod
1567 461 1841 535 deperditus
1902 461 2043 536 eff’m,
2083 477 2198 520 tunc
2235 469 2370 522 ⁴enim

376 563 482 598 cum
515 545 693 615 perfica
710 540 886 597 ionibus
917 541 1043 613 ficis,
1107 559 1211 614 quae
1275 538 1402 597 dirce
1461 540 1519 594 &3
1565 536 1778 600 lethales,
1830 535 2103 607 influerent,
2166 550 2223 593 at
2246 561 2372 610 rcum

380 620 434 673 in
479 615 701 671 dextrum
741 615 915 688 capitis
959 616 1017 670 &2⁹
1057 613 1165 667 inde
1206 615 1258 667 in
1284 612 1534 685 stnistrum
1571 610 1796 685 pectoris,
1836 610 1959 684 quod
1992 610 2094 684 efflt
2119 625 2214 684 per
2237 618 2373 688 cupi-

373 691 591 755 ditates3
630 693 706 743 ita
714 691 774 762 se
797 710 873 743 res
888 689 1036 746 ‚habet
1061 709 1164 742 cum
1184 689 1387 758 influxu.
1466 686 1786 758 Petyuastones
1808 704 1966 738 eorum
2005 688 2122 738 tales
2145 692 2282 759 fient,
2321 703 2375 747 ut

381 766 684 836 exstinguant
709 784 836 818 omne
853 784 1022 820 verum
1047 765 1104 818 δέ)
1128 762 1308 826 bonum,
1327 763 1406 834 stc
1433 773 1488 815 ut
1529 780 1616 814 non
1649 759 1815 835 pofflnt
1841 759 1899 823 ii,
1938 761 1991 813 in
2029 780 2136 832 quos
2155 762 2378 835 influunt,

375 841 625 916 percipere
649 840 914 912 quicquam,
954 839 1011 892 &²
1050 837 1157 891 dein
1183 857 1265 891 nec
1289 838 1502 909 cogitare
1527 863 1542 901 3
1581 854 1730 909 quare
1763 834 1909 888 etiam
1916 835 2131 907 spiritus
2169 856 2380 892 remove..

387 915 569 968 bantur
590 935 607 966 .·
647 913 1034 986 cuminciperent
1070 914 1284 986 influere,
1323 912 1475 984 lapsus
1482 911 1596 984 stcm
1640 910 1694 963 in
1695 910 1928 983 somnum,
1967 910 2228 982 influebant
2267 925 2381 968 tunc

380 1009 493 1044 cum
517 987 771 1042 dormire-m
785 987 881 1060 per
904 987 1203 1062 cupiditates,
1242 987 1300 1041 δέ*
1319 986 1503 1058 quidem
1527 997 1629 1038 tam
1657 985 1915 1056 graviter,
1953 997 2007 1037 ut
2034 985 2087 1039 in
2111 986 2291 1057 vigilia
2317 990 2379 1042 iis

392 1083 482 1116 non
506 1061 705 1134 refistere
719 1062 977 1136 potuiffl²m‚
1015 1062 1068 1115 in
1095 1061 1257 1133 meno
1282 1059 1550 1133 sentiebam
1573 1060 1894 1130 gravitatem,
1948 1079 2088 1131 quam
2128 1060 2384 1135 describere

372 1156 483 1205 ,non
497 1136 687 1211 pffcm,
708 1137 880 1208 solum,
919 1136 1042 1207 quod
1074 1134 1409 1207 reminiscebar
1433 1134 1557 1198 dein,
1595 1133 1717 1205 quod
1744 1133 1950 1204 aggreffi'
1962 1134 2070 1203 stnt
2107 1155 2180 1187 me
2216 1156 2386 1192 necare

385 1224 480 1286 per
501 1208 1085 1282 efflatuinficffocativum‚
1123 1209 1206 1281 qui
1212 1208 1331 1280 fuit
1334 1209 1468 1280 sicut
1473 1208 1642 1279 saevus
1675 1207 1885 1270 incubus,
1907 1207 2002 1279 st’d
2022 1218 2136 1262 tunc
2159 1223 2384 1285 experge-

377 1286 555 1359 fab't'us
578 1282 1019 1338 animadvertebam
1042 1282 1164 1356 quod
1172 1294 1322 1354 prope
1346 1302 1416 1336 me
1434 1282 1585 1355 essent,
1623 1291 1679 1333 at
1703 1299 1809 1333 cum
1827 1283 2183 1353 apperczperent
2207 1305 2277 1338 me
2301 1288 2385 1340 vi-

388 1360 573 1431 gilem‚'
591 1357 908 1429 atffugiebant
931 1357 1001 1410 ad
1019 1358 1165 1411 locum
1181 1356 1328 1427 ficum
1334 1357 1576 1429 superius,
1615 1355 1672 1408 &³
1689 1355 1797 1408 inde
1824 1355 2101 1428 influebant.
2177 1362 2292 1413 Cum
2317 1362 2389 1417 ibi

381 1429 547 1508 [effi’na
566 1433 661 1499 visi
684 1432 805 1487 mihi
836 1433 966 1505 quast
978 1431 1341 1486 involverentur
1368 1443 1546 1502 pannO,
1584 1429 1678 1482 tali
1699 1428 1755 1481 de
1778 1449 1863 1503 quo
1887 1450 1918 1482 n
1936 1451 1954 1482 .·
1997 1433 2122 1501 964,
2150 1434 2388 1505 putabam

393 1507 522 1581 ‚quod
536 1508 579 1561 ii
597 1506 750 1580 effent,
768 1507 866 1576 sed
884 1518 1026 1559 erant
1048 1506 1142 1560 alii
1165 1525 1271 1578 quos
1304 1505 1347 1558 ii
1370 1503 1692 1567 involvebant,
1731 1503 1853 1576 quod
1873 1505 1949 1574 fit
1975 1517 2071 1577 per
2096 1507 2386 1579 phantcfias,

382 1581 480 1655 st'd
509 1582 646 1654 usque
653 1581 882 1655 spiritus,
922 1592 1089 1635 contra
1113 1600 1220 1653 quos
1250 1580 1326 1632 ita
1360 1579 1624 1651 phantafiis
1648 1589 1923 1650 operantur,
1962 1598 2051 1640 non
2065 1581 2214 1633 aliter
2219 1583 2390 1654 sci-unt

393 1676 541 1729 quam
565 1667 620 1708 ut
639 1655 955 1707 involvantur
973 1682 989 1718 3
1026 1654 1119 1718 hos,
1145 1673 1252 1726 quos
1260 1714 1270 1724 ι
1272 1654 1338 1721 fic
1360 1651 1684 1715 involvebant,
1696 1662 1791 1722 per
1800 1663 1961 1723 petrae
1985 1653 2223 1726 cujusdam
2247 1656 2394 1712 decli-

394 1733 606 1783 vitatem
626 1728 872 1782 devolvere
894 1729 1065 1801 vistim,
1085 1728 1183 1800 fid
1216 1728 1299 1800 qui
1319 1727 1529 1780 involuti
1553 1737 1711 1789 erant,
1750 1726 2082 1780 eximebantur
2106 1729 2163 1785 ὅθ’
2206 1730 2389 1787 libera-

400 1803 598 1867 bantur,
637 1814 779 1856 erant
803 1803 1018 1875 spiritus
1055 1803 1139 1876 qui
1161 1821 1250 1856 non
1276 1800 1491 1856 recedere
1536 1800 1770 1865 volebant,
1808 1800 1884 1854 ita
1924 1822 1959 1856 a
1982 1802 2191 1856 Domino
2214 1807 2395 1877 const-r..

402 1879 532 1943 vati,
571 1877 779 1951 alioquin
801 1877 1035 1949 fifffocati
1055 1877 1279 1951 suiffl’nt,
1315 1876 1504 1938 tametsi
1547 1875 1842 1948 revixiffimt,
1864 1875 1961 1947 fid
1983 1876 2084 1948 post
2107 1880 2392 1950 cruciatum.

404 1953 703 2026 Recefferunt
725 1963 841 2005 tunc
847 1964 942 2024 per
966 1951 1290 2008 declivitatem
1306 1963 1466 2026 petrae
1485 1979 1500 2016 ;
1538 1950 1647 2004 inde
1663 1949 1858 2003 auditus
1896 1951 2099 2022 estsonus
2122 1953 2394 2024 terebrosus,

385 2028 522 2097 ficut
541 2027 702 2080 multae
716 2025 921 2079 terebrae
945 2045 1133 2097 magnae
1139 2026 1331 2097 forent,
1367 2028 1423 2082 &³
1428 2037 1722 2100 perceptum,
1759 2024 1883 2097 quod
1913 2025 2049 2097 effl’nt
2077 2026 2396 2097 crudelifflmae

407 2120 565 2154 eorum
581 2100 846 2171 phantafiae
882 2111 1050 2154 contra
1075 2101 1356 2165 Dominum,
1400 2120 1459 2155 ex
1489 2099 1655 2173 quibus
1679 2099 1795 2151 talis
1819 2097 1966 2170 finus
1981 2120 2000 2151 .·
2023 2099 2186 2173 postea
2227 2101 2398 2173 dejebti

400 2187 495 2250 per
520 2194 754 2228 cavernas
777 2173 1035 2247 tenebrosas
1053 2174 1151 2246 sub
1174 2174 1379 2247 nimbosa
1391 2186 1541 2247 petra
1562 2175 1615 2226 in
1639 2173 1884 2243 infernum
1886 2172 2049 2244 ficum.
2126 2175 2241 2228 Cum
2257 2190 2399 2231 erant

400 2250 463 2303 'in
488 2248 655 2302 mundo
680 2249 969 2321 spirituum,
1007 2249 1287 2303 mutabatur
1310 2248 1382 2301 ibi
1404 2248 1664 2321 corstitutio
1681 2247 1912 2318 sphaera.
2170 2293 2178 2299 ,

496 2343 515 2375 1
529 2340 627 2395 271
641 2364 651 2376 .
690 2326 859 2375 Erant
873 2323 1030 2394 postea
1036 2323 1248 2396 spiritus
1272 2322 1465 2395 quidam
1487 2321 1630 2393 dolqfi,
1669 2323 1755 2394 qui
1771 2321 1989 2375 volebant
2012 2332 2069 2374 ut
2091 2339 2398 2396 emergerent,

405 2397 560 2470 eisque
583 2396 898 2467 iiffundebant
922 2409 977 2450 ut
1002 2396 1227 2461 dicerent,
1249 2397 1310 2469 st’
1332 2396 1462 2450 nibil
1473 2396 1569 2469 effl’,
1607 2408 1662 2449 ut
1667 2397 1744 2467 fic
1757 2395 1933 2468 poffl’nt
1954 2396 2143 2469 subire,
2181 2400 2400 2455 auditum

324 2486 327 2488 ’
405 2485 525 2530 tunc
563 2471 889 2543 tumultuosum
927 2472 980 2523 in
1026 2471 1215 2540 inferno
1246 2471 1342 2539 isto,
1385 2472 1518 2542 stcut
1559 2470 1882 2524 turbulentum
1913 2476 2136 2541 magnum
2171 2475 2402 2540 volumen,

412 2545 537 2619 quod
555 2557 665 2598 erat
688 2546 859 2607 emotio
886 2565 1042 2598 eorum
1066 2545 1189 2621 quod
1204 2556 1425 2618 cuperent
1475 2546 1612 2609 eniti,
1649 2565 1798 2618 quare-
1839 2547 1986 2607 etiam
1999 2547 2270 2619 permiffitm
2293 2561 2402 2602 erat

354 2660 358 2663 -
413 2622 590 2674 iterum
615 2631 671 2672 ut
685 2620 838 2692 aliqui
856 2623 1177 2692 exsurgerent,
1217 2621 1274 2674 &
1299 2620 1393 2693 vifi
1405 2621 1459 2673 in
1479 2621 1569 2673 loco
1591 2619 1759 2684 eodem,
1797 2619 1881 2673 ubi
1895 2620 2085 2691 priores
2098 2647 2116 2684 3
2150 2622 2405 2676 tentabant

413 2695 524 2748 inde
566 2693 819 2766 infundere
841 2695 962 2750 mihi
993 2694 1321 2767 persvcfivum
1364 2695 1548 2760 kthale,
1585 2694 1747 2765 anuti
1767 2715 1802 2748 a
1828 2694 1989 2764 geniis
2018 2694 2180 2764 dolofis,
2190 2695 2286 2766 fid
2324 2700 2403 2750 in-

409 2769 599 2841 caffum,
651 2769 766 2842 quia
789 2779 973 2826 tutatus
1003 2789 1036 2821 a
1059 2769 1285 2835 Domino,
1325 2770 1522 2842 percepi
1563 2771 1700 2841 usque
1723 2767 1979 2838 manfiste,
2018 2768 2143 2838 quod
2167 2771 2406 2843 peisvast-

409 2842 532 2894 'vum
551 2862 707 2895 eorum
731 2843 1189 2915 cffitstfficativum
1207 2865 1224 2900 ,·
1265 2843 1506 2914 putabant
1507 2843 1567 2915 se
1605 2843 1762 2895 omnia
1776 2841 1911 2913 poffe,
1955 2843 2012 2895 &
2031 2843 2282 2915 unicuique
2321 2847 2404 2899 vi-

413 2927 516 2969 tam
534 2915 653 2986 poste
671 2916 881 2970 adimere
896 2944 916 2981 v3
937 2917 1028 2987 sed
1044 2919 1158 2990 quia
1172 2918 1419 2990 putabant
1425 2918 1486 2988 se
1511 2916 1668 2969 omnia
1677 2915 1812 2987 pff’,
1858 2925 1968 2966 erat
1986 2915 2111 2968 modo
2134 2917 2300 2989 irffans
2323 2922 2407 2992 qui

415 3008 485 3042 eos
500 2988 798 3052 detrudebat,
847 3010 905 3046 ex
925 2991 1057 3060 cujus
1070 2992 1336 3062 praesentia
1360 2991 1437 3043 ita
1460 2988 1738 3041 titubabant
1756 3000 1811 3041 ut
1845 2989 2124 3055 clamarent,
2166 2993 2289 3063 quod
2315 3015 2407 3047 an·-

406 3063 661 3135 gerentur,
703 3063 761 3115 δέ*
780 3063 964 3134 quidem
1002 3065 1077 3120 ita
1103 3064 1259 3127 valde,
1305 3074 1360 3116 ut
1399 3063 1469 3116 ad
1475 3063 1844 3134 ficpplicationes
1886 3063 2231 3134 coiy‘ugerent:
2282 3067 2413 3140 dolost

414 3155 585 3210 quoque
599 3135 770 3208 puniti
774 3137 914 3207 sunt,
956 3138 1174 3207 primum
1208 3137 1269 3189 ab
1307 3137 1370 3189 iis
1389 3136 1765 3213 jerejuffocati,
1813 3138 1869 3192 ὅθ’
1897 3138 2051 3211 pfflea
2074 3140 2407 3212 conglutinati,

410 3223 471 3270 ut
493 3211 748 3283 deststerent
768 3230 802 3264 a
827 3209 1019 3276 talibus,
1044 3211 1139 3284 fid
1162 3211 1271 3266 dein
1295 3210 1505 3266 liberati.
2427 3219 2431 3221 ’

2256 3306 2410 3362 1272.
