<?xml version="1.0" encoding="UTF-8"?>
<!DOCTYPE html PUBLIC "-//W3C//DTD XHTML 1.0 Transitional//EN"
    "http://www.w3.org/TR/xhtml1/DTD/xhtml1-transitional.dtd">
<html xmlns="http://www.w3.org/1999/xhtml" xml:lang="en" lang="en">
 <head>
  <title>
</title>
<meta http-equiv="Content-Type" content="text/html;charset=utf-8" />
  <meta name='ocr-system' content='tesseract 3.04.00' />
  <meta name='ocr-capabilities' content='ocr_page ocr_carea ocr_par ocr_line ocrx_word'/>
</head>
<body>
  <div class='ocr_page' id='page_1' title='image "arcanacaelestiaq01sweduoft_0101.png"; bbox 0 0 2788 3736; ppageno 0'>
   <div class='ocr_carea' id='block_1_1' title="bbox 858 225 2430 314">
    <p class='ocr_par' dir='ltr' id='par_1_1' title="bbox 858 225 2430 314">
     <span class='ocr_line' id='line_1_1' title="bbox 858 225 2430 314; baseline 0 -22"><span class='ocrx_word' id='word_1_1' title='bbox 858 227 1287 292; x_wconf 81' lang='lat' dir='ltr'>CAPUT</span> <span class='ocrx_word' id='word_1_2' title='bbox 1380 225 2046 314; x_wconf 68' lang='lat' dir='ltr'>QUARTUM.</span> <span class='ocrx_word' id='word_1_3' title='bbox 2346 250 2430 312; x_wconf 83' lang='lat'>91</span> 
     </span>
    </p>
   </div>
   <div class='ocr_carea' id='block_1_2' title="bbox 409 357 2480 1224">
    <p class='ocr_par' dir='ltr' id='par_1_2' title="bbox 409 357 2480 1224">
     <span class='ocr_line' id='line_1_2' title="bbox 423 357 2436 430; baseline -0.002 -15"><span class='ocrx_word' id='word_1_4' title='bbox 423 380 618 415; x_wconf 82' lang='lat' dir='ltr'>uxorem</span> <span class='ocrx_word' id='word_1_5' title='bbox 644 363 742 430; x_wconf 87' lang='lat' dir='ltr'>ejus</span> <span class='ocrx_word' id='word_1_6' title='bbox 765 363 1043 429; x_wconf 83' lang='lat' dir='ltr'>significatur</span> <span class='ocrx_word' id='word_1_7' title='bbox 1066 361 1266 411; x_wconf 75' lang='lat' dir='ltr'>Ecclesia</span> <span class='ocrx_word' id='word_1_8' title='bbox 1293 361 1636 425; x_wconf 73' lang='lat' dir='ltr'>Antiquissima,</span> <span class='ocrx_word' id='word_1_9' title='bbox 1672 372 1726 408; x_wconf 85' lang='lat' dir='ltr'>ut</span> <span class='ocrx_word' id='word_1_10' title='bbox 1760 371 1925 409; x_wconf 88' lang='lat' dir='ltr'>notum</span> <span class='ocrx_word' id='word_1_11' title='bbox 1949 383 1964 418; x_wconf 77' lang='lat'><em>3</em></span> <span class='ocrx_word' id='word_1_12' title='bbox 1996 357 2093 426; x_wconf 91' lang='lat' dir='ltr'>ejus</span> <span class='ocrx_word' id='word_1_13' title='bbox 2112 360 2265 425; x_wconf 84' lang='lat' dir='ltr'>prima</span> <span class='ocrx_word' id='word_1_14' title='bbox 2283 362 2436 427; x_wconf 89' lang='lat' dir='ltr'>proles</span> 
     </span>
     <span class='ocr_line' id='line_1_3' title="bbox 417 426 2434 496; baseline -0.002 -14"><span class='ocrx_word' id='word_1_15' title='bbox 417 432 491 482; x_wconf 91' lang='lat' dir='ltr'>seu</span> <span class='ocrx_word' id='word_1_16' title='bbox 511 432 876 496; x_wconf 86' lang='lat' dir='ltr'>primogenitum</span> <span class='ocrx_word' id='word_1_17' title='bbox 916 429 981 478; x_wconf 89' lang='lat' dir='ltr'>est</span> <span class='ocrx_word' id='word_1_18' title='bbox 1003 429 1156 487; x_wconf 86' lang='lat' dir='ltr'>Fides,</span> <span class='ocrx_word' id='word_1_19' title='bbox 1191 444 1298 493; x_wconf 83' lang='lat' dir='ltr'>quae</span> <span class='ocrx_word' id='word_1_20' title='bbox 1336 427 1412 475; x_wconf 90' lang='lat' dir='ltr'>hic</span> <span class='ocrx_word' id='word_1_21' title='bbox 1435 439 1630 474; x_wconf 85' lang='lat' dir='ltr'>vocatur</span> <span class='ocrx_word' id='word_1_22' title='bbox 1650 427 1797 476; x_wconf 87' lang='lat' dir='ltr'>Cain:</span> <span class='ocrx_word' id='word_1_23' title='bbox 1833 426 1963 491; x_wconf 89' lang='lat' dir='ltr'>quod</span> <span class='ocrx_word' id='word_1_24' title='bbox 1998 428 2182 485; x_wconf 61' lang='lat' dir='ltr'>dixerit,</span> <span class='ocrx_word' id='word_1_25' title='bbox 2213 429 2434 493; x_wconf 85' lang='lat' dir='ltr'>acquifivi</span> 
     </span>
     <span class='ocr_line' id='line_1_4' title="bbox 416 492 2436 561; baseline -0.001 -15"><span class='ocrx_word' id='word_1_26' title='bbox 416 499 586 547; x_wconf 83' lang='lat' dir='ltr'>Virum</span> <span class='ocrx_word' id='word_1_27' title='bbox 610 498 854 560; x_wconf 88' lang='lat' dir='ltr'>Jehovam‚</span> <span class='ocrx_word' id='word_1_28' title='bbox 889 496 1114 561; x_wconf 76' lang='lat' dir='ltr'>fignificat</span> <span class='ocrx_word' id='word_1_29' title='bbox 1150 495 1281 560; x_wconf 89' lang='lat' dir='ltr'>quod</span> <span class='ocrx_word' id='word_1_30' title='bbox 1313 493 1433 541; x_wconf 85' lang='lat' dir='ltr'>fides</span> <span class='ocrx_word' id='word_1_31' title='bbox 1451 492 1577 557; x_wconf 90' lang='lat' dir='ltr'>apud</span> <span class='ocrx_word' id='word_1_32' title='bbox 1598 508 1692 550; x_wconf 75' lang='lat' dir='ltr'>e03,</span> <span class='ocrx_word' id='word_1_33' title='bbox 1732 495 1815 558; x_wconf 90' lang='lat' dir='ltr'>qui</span> <span class='ocrx_word' id='word_1_34' title='bbox 1848 493 1960 540; x_wconf 68' lang='lat' dir='ltr'>dieti</span> <span class='ocrx_word' id='word_1_35' title='bbox 1984 493 2120 553; x_wconf 85' lang='lat' dir='ltr'>Cain,</span> <span class='ocrx_word' id='word_1_36' title='bbox 2150 497 2340 559; x_wconf 82' lang='lat' dir='ltr'>cognita</span> <span class='ocrx_word' id='word_1_37' title='bbox 2360 495 2436 553; x_wconf 83' lang='lat' dir='ltr'>fit,</span> 
     </span>
     <span class='ocr_line' id='line_1_5' title="bbox 413 562 2406 640; baseline -0.004 -26"><span class='ocrx_word' id='word_1_38' title='bbox 413 564 468 614; x_wconf 83' lang='lat'>&amp;</span> <span class='ocrx_word' id='word_1_39' title='bbox 497 566 652 628; x_wconf 84' lang='lat' dir='ltr'>agnita</span> <span class='ocrx_word' id='word_1_40' title='bbox 672 565 791 613; x_wconf 87' lang='lat' dir='ltr'>ficut</span> <span class='ocrx_word' id='word_1_41' title='bbox 810 580 879 613; x_wconf 84' lang='lat' dir='ltr'>res</span> <span class='ocrx_word' id='word_1_42' title='bbox 903 579 988 640; x_wconf 69' lang='lat' dir='ltr'>per</span> <span class='ocrx_word' id='word_1_43' title='bbox 1006 562 1062 610; x_wconf 90' lang='lat' dir='ltr'>se.</span> <span class='ocrx_word' id='word_1_44' title='bbox 1128 615 1147 638; x_wconf 57' lang='lat'>&gt;.</span> <span class='ocrx_word' id='word_1_45' title='bbox 1361 626 1371 636; x_wconf 47' lang='lat'><strong>·</strong></span> <span class='ocrx_word' id='word_1_46' title='bbox 1398 626 1407 636; x_wconf 45' lang='grc'><em>.</em></span> <span class='ocrx_word' id='word_1_47' title='bbox 1583 625 1594 634; x_wconf 45' lang='lat'><strong>·</strong></span> <span class='ocrx_word' id='word_1_48' title='bbox 1636 568 1644 573; x_wconf 88' lang='grc'><em>“</em></span> <span class='ocrx_word' id='word_1_49' title='bbox 1864 618 1869 625; x_wconf 64' lang='lat'><em>„</em></span> <span class='ocrx_word' id='word_1_50' title='bbox 2396 630 2406 639; x_wconf 93' lang='lat'>.</span> 
     </span>
     <span class='ocr_line' id='line_1_6' title="bbox 420 623 2480 762; baseline -0.001 -16"><span class='ocrx_word' id='word_1_51' title='bbox 420 623 1967 762; x_wconf 53' lang='lat' dir='ltr'>m&amp;puzaesx⁶2„⁶⁰mb“⁵figz¹kuczs²a⁰⁵ssm0st⁶m</span> <span class='ocrx_word' id='word_1_52' title='bbox 1994 626 2141 741; x_wconf 54' lang='lat'>3503</span> <span class='ocrx_word' id='word_1_53' title='bbox 2166 644 2267 742; x_wconf 63' lang='lat'>1532,</span> <span class='ocrx_word' id='word_1_54' title='bbox 2279 627 2435 759; x_wconf 47' lang='grc' dir='ltr'><strong>Ἠ</strong></span> <span class='ocrx_word' id='word_1_55' title='bbox 2478 699 2480 701; x_wconf 0' lang='lat' dir='ltr'><strong> </strong></span> 
     </span>
     <span class='ocr_line' id='line_1_7' title="bbox 425 755 2431 826; baseline -0 -16"><span class='ocrx_word' id='word_1_56' title='bbox 425 763 624 810; x_wconf 87' lang='lat' dir='ltr'>dubitari</span> <span class='ocrx_word' id='word_1_57' title='bbox 646 786 663 820; x_wconf 63' lang='grc' dir='ltr'><strong><em>ς</em></strong></span> <span class='ocrx_word' id='word_1_58' title='bbox 696 764 748 812; x_wconf 76' lang='grc' dir='ltr'>δε</span> <span class='ocrx_word' id='word_1_59' title='bbox 769 763 877 826; x_wconf 85' lang='lat' dir='ltr'>quia</span> <span class='ocrx_word' id='word_1_60' title='bbox 896 760 1040 809; x_wconf 88' lang='lat' dir='ltr'>homo</span> <span class='ocrx_word' id='word_1_61' title='bbox 1061 760 1114 807; x_wconf 75' lang='grc' dir='ltr'>ὅτ,</span> <span class='ocrx_word' id='word_1_62' title='bbox 1134 773 1258 807; x_wconf 87' lang='lat' dir='ltr'>uxor</span> <span class='ocrx_word' id='word_1_63' title='bbox 1277 755 1375 822; x_wconf 87' lang='lat' dir='ltr'>ejus</span> <span class='ocrx_word' id='word_1_64' title='bbox 1395 757 1461 806; x_wconf 88' lang='lat' dir='ltr'>est</span> <span class='ocrx_word' id='word_1_65' title='bbox 1486 758 1812 821; x_wconf 78' lang='lat' dir='ltr'>Antiquiffima</span> <span class='ocrx_word' id='word_1_66' title='bbox 1833 757 2050 816; x_wconf 72' lang='lat' dir='ltr'>Ecclesia,</span> <span class='ocrx_word' id='word_1_67' title='bbox 2093 760 2268 809; x_wconf 90' lang='lat' dir='ltr'>constat</span> <span class='ocrx_word' id='word_1_68' title='bbox 2306 761 2431 820; x_wconf 89' lang='lat' dir='ltr'>inde,</span> 
     </span>
     <span class='ocr_line' id='line_1_8' title="bbox 416 823 2431 894; baseline -0 -18"><span class='ocrx_word' id='word_1_69' title='bbox 416 830 547 894; x_wconf 90' lang='lat' dir='ltr'>quod</span> <span class='ocrx_word' id='word_1_70' title='bbox 568 839 814 892; x_wconf 84' lang='lat' dir='ltr'>conceptus</span> <span class='ocrx_word' id='word_1_71' title='bbox 845 828 896 877; x_wconf 84' lang='lat'>&amp;</span> <span class='ocrx_word' id='word_1_72' title='bbox 932 838 1085 890; x_wconf 68' lang='lat' dir='ltr'>parnis</span> <span class='ocrx_word' id='word_1_73' title='bbox 1105 824 1202 890; x_wconf 87' lang='lat' dir='ltr'>ejus</span> <span class='ocrx_word' id='word_1_74' title='bbox 1234 842 1328 873; x_wconf 89' lang='lat' dir='ltr'>non</span> <span class='ocrx_word' id='word_1_75' title='bbox 1367 823 1506 872; x_wconf 89' lang='lat' dir='ltr'>fuerit</span> <span class='ocrx_word' id='word_1_76' title='bbox 1526 823 1671 874; x_wconf 81' lang='lat' dir='ltr'>alius:</span> <span class='ocrx_word' id='word_1_77' title='bbox 1705 824 2044 887; x_wconf 84' lang='lat' dir='ltr'>Antiquiffimis</span> <span class='ocrx_word' id='word_1_78' title='bbox 2077 823 2293 874; x_wconf 83' lang='lat' dir='ltr'>familiare</span> <span class='ocrx_word' id='word_1_79' title='bbox 2325 825 2431 885; x_wconf 86' lang='lat' dir='ltr'>fuit,</span> 
     </span>
     <span class='ocr_line' id='line_1_9' title="bbox 416 889 2433 957; baseline -0.001 -13"><span class='ocrx_word' id='word_1_80' title='bbox 416 897 603 945; x_wconf 74' lang='lat' dir='ltr'>nomina</span> <span class='ocrx_word' id='word_1_81' title='bbox 631 891 798 942; x_wconf 70' lang='lat' dir='ltr'>indere.</span> <span class='ocrx_word' id='word_1_82' title='bbox 833 894 885 942; x_wconf 88' lang='lat'>&amp;</span> <span class='ocrx_word' id='word_1_83' title='bbox 910 909 992 957; x_wconf 82' lang='lat' dir='ltr'>per</span> <span class='ocrx_word' id='word_1_84' title='bbox 1014 895 1203 941; x_wconf 85' lang='lat' dir='ltr'>nomina</span> <span class='ocrx_word' id='word_1_85' title='bbox 1223 891 1474 956; x_wconf 82' lang='lat' dir='ltr'>fignificare</span> <span class='ocrx_word' id='word_1_86' title='bbox 1509 907 1598 948; x_wconf 81' lang='lat' dir='ltr'>reS,</span> <span class='ocrx_word' id='word_1_87' title='bbox 1632 891 1684 938; x_wconf 87' lang='lat'>&amp;</span> <span class='ocrx_word' id='word_1_88' title='bbox 1719 890 1782 938; x_wconf 88' lang='lat' dir='ltr'>fic</span> <span class='ocrx_word' id='word_1_89' title='bbox 1823 889 2050 938; x_wconf 88' lang='lat' dir='ltr'>instituere</span> <span class='ocrx_word' id='word_1_90' title='bbox 2081 893 2394 957; x_wconf 85' lang='lat' dir='ltr'>genealogiam</span> <span class='ocrx_word' id='word_1_91' title='bbox 2414 917 2433 951; x_wconf 89' lang='lat'>·,</span> 
     </span>
     <span class='ocr_line' id='line_1_10' title="bbox 409 956 2435 1026; baseline -0 -17"><span class='ocrx_word' id='word_1_92' title='bbox 409 976 520 1026; x_wconf 80' lang='lat' dir='ltr'>quae</span> <span class='ocrx_word' id='word_1_93' title='bbox 542 962 668 1010; x_wconf 83' lang='lat' dir='ltr'>enim</span> <span class='ocrx_word' id='word_1_94' title='bbox 690 959 792 1016; x_wconf 84' lang='lat' dir='ltr'>sunt</span> <span class='ocrx_word' id='word_1_95' title='bbox 811 959 1049 1016; x_wconf 72' lang='lat' dir='ltr'>Ecclcfiae‚</span> <span class='ocrx_word' id='word_1_96' title='bbox 1072 958 1275 1007; x_wconf 74' lang='lat' dir='ltr'>similiter</span> <span class='ocrx_word' id='word_1_97' title='bbox 1295 974 1481 1022; x_wconf 88' lang='lat' dir='ltr'>quoque</span> <span class='ocrx_word' id='word_1_98' title='bbox 1505 956 1547 1005; x_wconf 70' lang='lat' dir='ltr'>le</span> <span class='ocrx_word' id='word_1_99' title='bbox 1570 956 1750 1014; x_wconf 88' lang='lat' dir='ltr'>habent,</span> <span class='ocrx_word' id='word_1_100' title='bbox 1766 972 1917 1004; x_wconf 80' lang='lat' dir='ltr'>unum</span> <span class='ocrx_word' id='word_1_101' title='bbox 1940 959 2200 1022; x_wconf 88' lang='lat' dir='ltr'>concipitur</span> <span class='ocrx_word' id='word_1_102' title='bbox 2220 961 2272 1008; x_wconf 77' lang='grc' dir='ltr'>δε</span> <span class='ocrx_word' id='word_1_103' title='bbox 2295 960 2435 1008; x_wconf 88' lang='lat' dir='ltr'>nasci-</span> 
     </span>
     <span class='ocr_line' id='line_1_11' title="bbox 414 1023 2433 1090; baseline -0.001 -13"><span class='ocrx_word' id='word_1_104' title='bbox 414 1040 490 1077; x_wconf 76' lang='lat' dir='ltr'>tur</span> <span class='ocrx_word' id='word_1_105' title='bbox 528 1027 586 1076; x_wconf 86' lang='lat' dir='ltr'>ab</span> <span class='ocrx_word' id='word_1_106' title='bbox 617 1027 772 1084; x_wconf 76' lang='lat' dir='ltr'>altero,</span> <span class='ocrx_word' id='word_1_107' title='bbox 806 1027 860 1074; x_wconf 77' lang='grc' dir='ltr'>δε</span> <span class='ocrx_word' id='word_1_108' title='bbox 882 1025 1016 1074; x_wconf 84' lang='lat' dir='ltr'>habet</span> <span class='ocrx_word' id='word_1_109' title='bbox 1039 1024 1082 1074; x_wconf 88' lang='lat' dir='ltr'>se</span> <span class='ocrx_word' id='word_1_110' title='bbox 1117 1038 1171 1073; x_wconf 88' lang='lat' dir='ltr'>ut</span> <span class='ocrx_word' id='word_1_111' title='bbox 1191 1026 1460 1090; x_wconf 88' lang='lat' dir='ltr'>generatio·,</span> <span class='ocrx_word' id='word_1_112' title='bbox 1493 1039 1633 1088; x_wconf 86' lang='lat' dir='ltr'>quare</span> <span class='ocrx_word' id='word_1_113' title='bbox 1665 1039 1919 1071; x_wconf 87' lang='lat' dir='ltr'>commune</span> <span class='ocrx_word' id='word_1_114' title='bbox 1950 1023 2014 1072; x_wconf 90' lang='lat' dir='ltr'>est</span> <span class='ocrx_word' id='word_1_115' title='bbox 2050 1026 2098 1071; x_wconf 90' lang='lat' dir='ltr'>in</span> <span class='ocrx_word' id='word_1_116' title='bbox 2121 1024 2294 1084; x_wconf 90' lang='lat' dir='ltr'>Verbo,</span> <span class='ocrx_word' id='word_1_117' title='bbox 2329 1026 2433 1075; x_wconf 86' lang='lat' dir='ltr'>talia</span> 
     </span>
     <span class='ocr_line' id='line_1_12' title="bbox 414 1088 2430 1158; baseline -0.003 -12"><span class='ocrx_word' id='word_1_118' title='bbox 414 1109 525 1158; x_wconf 77' lang='lat' dir='ltr'>quae</span> <span class='ocrx_word' id='word_1_119' title='bbox 544 1092 762 1142; x_wconf 80' lang='lat' dir='ltr'>Ecclefioe</span> <span class='ocrx_word' id='word_1_120' title='bbox 783 1091 903 1150; x_wconf 88' lang='lat' dir='ltr'>sunt,</span> <span class='ocrx_word' id='word_1_121' title='bbox 921 1108 1083 1140; x_wconf 87' lang='lat' dir='ltr'>vocare</span> <span class='ocrx_word' id='word_1_122' title='bbox 1099 1103 1368 1156; x_wconf 77' lang='lat' dir='ltr'>conceptuS,</span> <span class='ocrx_word' id='word_1_123' title='bbox 1393 1102 1566 1156; x_wconf 87' lang='lat' dir='ltr'>partus,</span> <span class='ocrx_word' id='word_1_124' title='bbox 1589 1090 1786 1155; x_wconf 87' lang='lat' dir='ltr'>prolem,</span> <span class='ocrx_word' id='word_1_125' title='bbox 1809 1088 2017 1150; x_wconf 80' lang='lat' dir='ltr'>infantes,</span> <span class='ocrx_word' id='word_1_126' title='bbox 2034 1092 2266 1155; x_wconf 81' lang='lat' dir='ltr'>parvulos,</span> <span class='ocrx_word' id='word_1_127' title='bbox 2291 1092 2430 1155; x_wconf 80' lang='lat' dir='ltr'>filios,</span> 
     </span>
     <span class='ocr_line' id='line_1_13' title="bbox 412 1156 1827 1224; baseline -0.004 -15"><span class='ocrx_word' id='word_1_128' title='bbox 412 1159 544 1217; x_wconf 83' lang='lat' dir='ltr'>filias,</span> <span class='ocrx_word' id='word_1_129' title='bbox 572 1156 785 1224; x_wconf 66' lang='lat' dir='ltr'>juvenes,</span> <span class='ocrx_word' id='word_1_130' title='bbox 805 1159 870 1223; x_wconf 51' lang='grc' dir='ltr'>,δε</span> <span class='ocrx_word' id='word_1_131' title='bbox 904 1158 966 1207; x_wconf 88' lang='lat' dir='ltr'>fic</span> <span class='ocrx_word' id='word_1_132' title='bbox 987 1175 1158 1223; x_wconf 88' lang='lat' dir='ltr'>porro:</span> <span class='ocrx_word' id='word_1_133' title='bbox 1195 1159 1460 1223; x_wconf 85' lang='lat' dir='ltr'>prophetica</span> <span class='ocrx_word' id='word_1_134' title='bbox 1482 1159 1535 1204; x_wconf 84' lang='lat' dir='ltr'>iis</span> <span class='ocrx_word' id='word_1_135' title='bbox 1558 1156 1661 1205; x_wconf 88' lang='lat' dir='ltr'>sunt</span> <span class='ocrx_word' id='word_1_136' title='bbox 1681 1157 1827 1222; x_wconf 86' lang='lat' dir='ltr'>plena.</span> 
     </span>
    </p>
   </div>
   <div class='ocr_carea' id='block_1_3' title="bbox 366 1200 2677 1301">
    <p class='ocr_par' dir='ltr' id='par_1_3' title="bbox 366 1200 2677 1301">
     <span class='ocr_line' id='line_1_14' title="bbox 366 1200 2677 1301; baseline -0.003 -24"><span class='ocrx_word' id='word_1_137' title='bbox 366 1228 379 1247; x_wconf 35' lang='grc' dir='ltr'>Χ</span> <span class='ocrx_word' id='word_1_138' title='bbox 484 1243 594 1290; x_wconf 82' lang='grc'>340.</span> <span class='ocrx_word' id='word_1_139' title='bbox 631 1226 780 1294; x_wconf 67' lang='lat' dir='ltr'>Quod</span> <span class='ocrx_word' id='word_1_140' title='bbox 795 1226 929 1282; x_wconf 83' lang='lat' dir='ltr'>dixit,</span> <span class='ocrx_word' id='word_1_141' title='bbox 954 1226 1171 1289; x_wconf 77' lang='lat' dir='ltr'>acquisivi</span> <span class='ocrx_word' id='word_1_142' title='bbox 1200 1226 1362 1272; x_wconf 88' lang='lat' dir='ltr'>Virum</span> <span class='ocrx_word' id='word_1_143' title='bbox 1380 1222 1591 1286; x_wconf 56' lang='lat' dir='ltr'>Jehovt,</span> <span class='ocrx_word' id='word_1_144' title='bbox 1625 1224 1867 1287; x_wconf 75' lang='lat' dir='ltr'>fignificet,</span> <span class='ocrx_word' id='word_1_145' title='bbox 1902 1225 2029 1288; x_wconf 90' lang='lat' dir='ltr'>quod</span> <span class='ocrx_word' id='word_1_146' title='bbox 2054 1224 2167 1273; x_wconf 85' lang='lat' dir='ltr'>fides</span> <span class='ocrx_word' id='word_1_147' title='bbox 2189 1227 2313 1291; x_wconf 86' lang='lat' dir='ltr'>apud</span> <span class='ocrx_word' id='word_1_148' title='bbox 2337 1244 2432 1285; x_wconf 88' lang='lat' dir='ltr'>eos,</span> <span class='ocrx_word' id='word_1_149' title='bbox 2532 1200 2650 1301; x_wconf 35' lang='lat' dir='ltr'>mr&#39;j&#39;</span> <span class='ocrx_word' id='word_1_150' title='bbox 2672 1240 2677 1242; x_wconf 86' lang='grc'><strong><em>·</em></strong></span> 
     </span>
    </p>
   </div>
   <div class='ocr_carea' id='block_1_4' title="bbox 342 1290 2471 3205">
    <p class='ocr_par' dir='ltr' id='par_1_4' title="bbox 342 1290 2471 2150">
     <span class='ocr_line' id='line_1_15' title="bbox 406 1290 2432 1357; baseline 0.001 -17"><span class='ocrx_word' id='word_1_151' title='bbox 406 1294 494 1357; x_wconf 84' lang='lat' dir='ltr'>qui</span> <span class='ocrx_word' id='word_1_152' title='bbox 518 1292 628 1340; x_wconf 72' lang='lat' dir='ltr'>dieti</span> <span class='ocrx_word' id='word_1_153' title='bbox 649 1293 783 1350; x_wconf 87' lang='lat' dir='ltr'>Cain,</span> <span class='ocrx_word' id='word_1_154' title='bbox 819 1293 1004 1356; x_wconf 85' lang='lat' dir='ltr'>cognita</span> <span class='ocrx_word' id='word_1_155' title='bbox 1024 1291 1096 1348; x_wconf 85' lang='lat' dir='ltr'>fit,</span> <span class='ocrx_word' id='word_1_156' title='bbox 1131 1292 1182 1340; x_wconf 75' lang='grc' dir='ltr'>δε</span> <span class='ocrx_word' id='word_1_157' title='bbox 1204 1292 1362 1355; x_wconf 85' lang='lat' dir='ltr'>agnita</span> <span class='ocrx_word' id='word_1_158' title='bbox 1379 1290 1495 1338; x_wconf 87' lang='lat' dir='ltr'>ficut</span> <span class='ocrx_word' id='word_1_159' title='bbox 1516 1307 1584 1338; x_wconf 89' lang='lat' dir='ltr'>res</span> <span class='ocrx_word' id='word_1_160' title='bbox 1620 1307 1704 1355; x_wconf 87' lang='lat' dir='ltr'>per</span> <span class='ocrx_word' id='word_1_161' title='bbox 1743 1290 1800 1348; x_wconf 89' lang='lat' dir='ltr'>se,</span> <span class='ocrx_word' id='word_1_162' title='bbox 1837 1290 2011 1338; x_wconf 86' lang='lat' dir='ltr'>constat</span> <span class='ocrx_word' id='word_1_163' title='bbox 2031 1291 2089 1338; x_wconf 89' lang='lat' dir='ltr'>ab</span> <span class='ocrx_word' id='word_1_164' title='bbox 2111 1292 2217 1350; x_wconf 88' lang='lat' dir='ltr'>illis,</span> <span class='ocrx_word' id='word_1_165' title='bbox 2251 1310 2359 1357; x_wconf 85' lang='lat' dir='ltr'>quae</span> <span class='ocrx_word' id='word_1_166' title='bbox 2382 1297 2432 1343; x_wconf 85' lang='lat' dir='ltr'>in</span> 
     </span>
     <span class='ocr_line' id='line_1_16' title="bbox 342 1357 2471 1426; baseline 0.001 -20"><span class='ocrx_word' id='word_1_167' title='bbox 342 1372 345 1373; x_wconf 70' lang='grc'>’</span> <span class='ocrx_word' id='word_1_168' title='bbox 414 1359 652 1425; x_wconf 82' lang='lat' dir='ltr'>praemiffis</span> <span class='ocrx_word' id='word_1_169' title='bbox 671 1357 807 1424; x_wconf 86' lang='lat' dir='ltr'>hujus</span> <span class='ocrx_word' id='word_1_170' title='bbox 822 1358 997 1423; x_wconf 84' lang='lat' dir='ltr'>Capitis</span> <span class='ocrx_word' id='word_1_171' title='bbox 1013 1359 1135 1406; x_wconf 68' lang='lat' dir='ltr'>dicta</span> <span class='ocrx_word' id='word_1_172' title='bbox 1155 1357 1280 1406; x_wconf 82' lang='lat' dir='ltr'>sunt:</span> <span class='ocrx_word' id='word_1_173' title='bbox 1306 1359 1433 1422; x_wconf 88' lang='lat' dir='ltr'>prius</span> <span class='ocrx_word' id='word_1_174' title='bbox 1447 1357 1573 1420; x_wconf 85' lang='lat' dir='ltr'>quafi</span> <span class='ocrx_word' id='word_1_175' title='bbox 1597 1358 1882 1420; x_wconf 86' lang='lat' dir='ltr'>ignorarunt,</span> <span class='ocrx_word' id='word_1_176' title='bbox 1907 1358 2020 1421; x_wconf 91' lang='lat' dir='ltr'>quid</span> <span class='ocrx_word' id='word_1_177' title='bbox 2044 1358 2176 1416; x_wconf 85' lang='lat' dir='ltr'>fides,</span> <span class='ocrx_word' id='word_1_178' title='bbox 2200 1362 2308 1424; x_wconf 86' lang='lat' dir='ltr'>quia</span> <span class='ocrx_word' id='word_1_179' title='bbox 2328 1378 2432 1426; x_wconf 87' lang='lat' dir='ltr'>per·</span> <span class='ocrx_word' id='word_1_180' title='bbox 2465 1394 2471 1398; x_wconf 87' lang='lat'><em>-</em></span> 
     </span>
     <span class='ocr_line' id='line_1_17' title="bbox 414 1423 2430 1490; baseline 0.001 -17"><span class='ocrx_word' id='word_1_181' title='bbox 414 1426 671 1490; x_wconf 79' lang='lat' dir='ltr'>ceptionem</span> <span class='ocrx_word' id='word_1_182' title='bbox 687 1440 1018 1490; x_wconf 82' lang='lat' dir='ltr'>omnem,quae.</span> <span class='ocrx_word' id='word_1_183' title='bbox 1028 1437 1154 1474; x_wconf 84' lang='lat' dir='ltr'>erant</span> <span class='ocrx_word' id='word_1_184' title='bbox 1163 1425 1287 1482; x_wconf 81' lang='lat' dir='ltr'>fidei,</span> <span class='ocrx_word' id='word_1_185' title='bbox 1297 1423 1540 1480; x_wconf 79' lang='lat' dir='ltr'>habebant3</span> <span class='ocrx_word' id='word_1_186' title='bbox 1556 1436 1602 1471; x_wconf 88' lang='lat' dir='ltr'>at</span> <span class='ocrx_word' id='word_1_187' title='bbox 1610 1439 1720 1472; x_wconf 87' lang='lat' dir='ltr'>curn</span> <span class='ocrx_word' id='word_1_188' title='bbox 1738 1423 1995 1471; x_wconf 67' lang='lat' dir='ltr'>distin&amp;am</span> <span class='ocrx_word' id='word_1_189' title='bbox 2014 1425 2270 1475; x_wconf 65' lang='lat' dir='ltr'>doctrinam</span> <span class='ocrx_word' id='word_1_190' title='bbox 2283 1425 2430 1476; x_wconf 71' lang='lat' dir='ltr'>facere</span> 
     </span>
     <span class='ocr_line' id='line_1_18' title="bbox 408 1489 2428 1556; baseline 0.001 -16"><span class='ocrx_word' id='word_1_191' title='bbox 408 1490 692 1555; x_wconf 74' lang='lat' dir='ltr'>incipiebant</span> <span class='ocrx_word' id='word_1_192' title='bbox 724 1490 783 1540; x_wconf 87' lang='lat' dir='ltr'>de</span> <span class='ocrx_word' id='word_1_193' title='bbox 806 1491 915 1549; x_wconf 80' lang='lat' dir='ltr'>fide,</span> <span class='ocrx_word' id='word_1_194' title='bbox 953 1503 1064 1541; x_wconf 87' lang='lat' dir='ltr'>tunc</span> <span class='ocrx_word' id='word_1_195' title='bbox 1086 1490 1417 1556; x_wconf 85' lang='lat' dir='ltr'>depromebant</span> <span class='ocrx_word' id='word_1_196' title='bbox 1438 1490 1530 1548; x_wconf 80' lang='lat' dir='ltr'>illa,</span> <span class='ocrx_word' id='word_1_197' title='bbox 1565 1490 1623 1538; x_wconf 90' lang='lat' dir='ltr'>de</span> <span class='ocrx_word' id='word_1_198' title='bbox 1645 1489 1810 1555; x_wconf 89' lang='lat' dir='ltr'>quibus</span> <span class='ocrx_word' id='word_1_199' title='bbox 1828 1492 2166 1555; x_wconf 83' lang='lat' dir='ltr'>perceptionem</span> <span class='ocrx_word' id='word_1_200' title='bbox 2188 1492 2428 1551; x_wconf 81' lang='lat' dir='ltr'>habebant,</span> 
     </span>
     <span class='ocr_line' id='line_1_19' title="bbox 413 1556 2431 1622; baseline 0.001 -16"><span class='ocrx_word' id='word_1_201' title='bbox 413 1557 466 1606; x_wconf 74' lang='grc' dir='ltr'>ὅτ</span> <span class='ocrx_word' id='word_1_202' title='bbox 499 1556 763 1622; x_wconf 84' lang='lat' dir='ltr'>redigebant</span> <span class='ocrx_word' id='word_1_203' title='bbox 800 1559 848 1605; x_wconf 85' lang='lat' dir='ltr'>in</span> <span class='ocrx_word' id='word_1_204' title='bbox 887 1557 1159 1615; x_wconf 72' lang='lat' dir='ltr'>doEtrinam,</span> <span class='ocrx_word' id='word_1_205' title='bbox 1193 1558 1245 1606; x_wconf 87' lang='lat'>&amp;</span> <span class='ocrx_word' id='word_1_206' title='bbox 1282 1557 1505 1606; x_wconf 75' lang='lat' dir='ltr'>vocabant</span> <span class='ocrx_word' id='word_1_207' title='bbox 1537 1557 1680 1614; x_wconf 90' lang='lat' dir='ltr'>illam,</span> <span class='ocrx_word' id='word_1_208' title='bbox 1716 1557 1960 1620; x_wconf 87' lang='lat' dir='ltr'>Acquifivi</span> <span class='ocrx_word' id='word_1_209' title='bbox 1993 1559 2147 1605; x_wconf 82' lang='lat' dir='ltr'>virum</span> <span class='ocrx_word' id='word_1_210' title='bbox 2184 1559 2431 1620; x_wconf 79' lang='lat' dir='ltr'>Jehovam,</span> 
     </span>
     <span class='ocr_line' id='line_1_20' title="bbox 411 1622 2427 1688; baseline 0.002 -17"><span class='ocrx_word' id='word_1_211' title='bbox 411 1622 525 1672; x_wconf 85' lang='lat' dir='ltr'>ficut</span> <span class='ocrx_word' id='word_1_212' title='bbox 561 1636 740 1672; x_wconf 80' lang='lat' dir='ltr'>novum</span> <span class='ocrx_word' id='word_1_213' title='bbox 779 1623 1017 1688; x_wconf 86' lang='lat' dir='ltr'>quoddam</span> <span class='ocrx_word' id='word_1_214' title='bbox 1055 1624 1398 1681; x_wconf 72' lang='lat' dir='ltr'>adinveniffint,</span> <span class='ocrx_word' id='word_1_215' title='bbox 1434 1625 1496 1671; x_wconf 83' lang='lat' dir='ltr'>ita</span> <span class='ocrx_word' id='word_1_216' title='bbox 1528 1622 1828 1672; x_wconf 86' lang='lat' dir='ltr'>scientificum</span> <span class='ocrx_word' id='word_1_217' title='bbox 1866 1623 2059 1680; x_wconf 66' lang='lat' dir='ltr'>fastum,</span> <span class='ocrx_word' id='word_1_218' title='bbox 2095 1624 2222 1688; x_wconf 90' lang='lat' dir='ltr'>quod</span> <span class='ocrx_word' id='word_1_219' title='bbox 2246 1623 2335 1674; x_wconf 84' lang='lat' dir='ltr'>fuit</span> <span class='ocrx_word' id='word_1_220' title='bbox 2357 1628 2427 1675; x_wconf 90' lang='lat' dir='ltr'>in-</span> 
     </span>
     <span class='ocr_line' id='line_1_21' title="bbox 411 1687 2428 1757; baseline 0.003 -21"><span class='ocrx_word' id='word_1_221' title='bbox 411 1687 632 1754; x_wconf 87' lang='lat' dir='ltr'>scriptum</span> <span class='ocrx_word' id='word_1_222' title='bbox 656 1690 811 1739; x_wconf 86' lang='lat' dir='ltr'>cordi:</span> <span class='ocrx_word' id='word_1_223' title='bbox 850 1690 1222 1754; x_wconf 86' lang='lat' dir='ltr'>Unumquodvis</span> <span class='ocrx_word' id='word_1_224' title='bbox 1260 1705 1440 1740; x_wconf 84' lang='lat' dir='ltr'>novum</span> <span class='ocrx_word' id='word_1_225' title='bbox 1480 1691 1728 1753; x_wconf 84' lang='lat' dir='ltr'>antiquitus</span> <span class='ocrx_word' id='word_1_226' title='bbox 1751 1690 1938 1736; x_wconf 85' lang='lat' dir='ltr'>nom-ine</span> <span class='ocrx_word' id='word_1_227' title='bbox 1962 1690 2202 1749; x_wconf 84' lang='lat' dir='ltr'>vocabant,</span> <span class='ocrx_word' id='word_1_228' title='bbox 2236 1693 2289 1740; x_wconf 83' lang='lat'>&amp;</span> <span class='ocrx_word' id='word_1_229' title='bbox 2318 1709 2428 1757; x_wconf 84' lang='lat' dir='ltr'>quae</span> 
     </span>
     <span class='ocr_line' id='line_1_22' title="bbox 410 1753 2421 1821; baseline 0.002 -18"><span class='ocrx_word' id='word_1_230' title='bbox 410 1755 705 1806; x_wconf 79' lang='lat' dir='ltr'>involvebant</span> <span class='ocrx_word' id='word_1_231' title='bbox 725 1757 930 1812; x_wconf 80' lang='lat' dir='ltr'>nomina,</span> <span class='ocrx_word' id='word_1_232' title='bbox 965 1756 1027 1804; x_wconf 79' lang='lat' dir='ltr'>sic</span> <span class='ocrx_word' id='word_1_233' title='bbox 1049 1755 1336 1820; x_wconf 75' lang='lat' dir='ltr'>explicabant</span> <span class='ocrx_word' id='word_1_234' title='bbox 1352 1779 1369 1812; x_wconf 76' lang='lat'>³</span> <span class='ocrx_word' id='word_1_235' title='bbox 1406 1755 1521 1803; x_wconf 88' lang='lat' dir='ltr'>ficut</span> <span class='ocrx_word' id='word_1_236' title='bbox 1542 1755 1658 1820; x_wconf 80' lang='lat' dir='ltr'>quid</span> <span class='ocrx_word' id='word_1_237' title='bbox 1678 1753 1835 1802; x_wconf 76' lang='lat' dir='ltr'>Ismael</span> <span class='ocrx_word' id='word_1_238' title='bbox 1869 1755 2108 1818; x_wconf 77' lang='lat' dir='ltr'>fignificet,</span> <span class='ocrx_word' id='word_1_239' title='bbox 2139 1758 2270 1821; x_wconf 85' lang='lat' dir='ltr'>quod</span> <span class='ocrx_word' id='word_1_240' title='bbox 2292 1761 2421 1807; x_wconf 90' lang='lat' dir='ltr'>audi-</span> 
     </span>
     <span class='ocr_line' id='line_1_23' title="bbox 414 1819 2425 1886; baseline 0.003 -18"><span class='ocrx_word' id='word_1_241' title='bbox 414 1833 482 1868; x_wconf 85' lang='lat' dir='ltr'>ret</span> <span class='ocrx_word' id='word_1_242' title='bbox 502 1821 714 1883; x_wconf 84' lang='lat' dir='ltr'>Jehovah</span> <span class='ocrx_word' id='word_1_243' title='bbox 733 1821 959 1871; x_wconf 60' lang='lat' dir='ltr'>miliariam</span> <span class='ocrx_word' id='word_1_244' title='bbox 988 1819 1101 1886; x_wconf 84' lang='lat' dir='ltr'>ejus,</span> <span class='ocrx_word' id='word_1_245' title='bbox 1134 1820 1311 1871; x_wconf 84' lang='lat' dir='ltr'>Genes:</span> <span class='ocrx_word' id='word_1_246' title='bbox 1335 1837 1422 1870; x_wconf 72' lang='lat' dir='ltr'>xvi</span> <span class='ocrx_word' id='word_1_247' title='bbox 1441 1839 1453 1870; x_wconf 88' lang='lat'>:</span> <span class='ocrx_word' id='word_1_248' title='bbox 1474 1837 1532 1868; x_wconf 87' lang='lat'>11.</span> <span class='ocrx_word' id='word_1_249' title='bbox 1566 1819 1683 1885; x_wconf 86' lang='lat' dir='ltr'>quid</span> <span class='ocrx_word' id='word_1_250' title='bbox 1705 1819 1890 1879; x_wconf 82' lang='lat' dir='ltr'>Ruben,</span> <span class='ocrx_word' id='word_1_251' title='bbox 1916 1822 2054 1885; x_wconf 20' lang='lat' dir='ltr'>&#39;quod</span> <span class='ocrx_word' id='word_1_252' title='bbox 2075 1822 2195 1874; x_wconf 86' lang='lat' dir='ltr'>vidit</span> <span class='ocrx_word' id='word_1_253' title='bbox 2216 1824 2425 1885; x_wconf 81' lang='lat' dir='ltr'>Jehovah</span> 
     </span>
     <span class='ocr_line' id='line_1_24' title="bbox 414 1885 2427 1956; baseline 0.003 -21"><span class='ocrx_word' id='word_1_254' title='bbox 414 1885 641 1942; x_wconf 81' lang='lat' dir='ltr'>miseriam</span> <span class='ocrx_word' id='word_1_255' title='bbox 653 1902 824 1944; x_wconf 82' lang='lat' dir='ltr'>meam,</span> <span class='ocrx_word' id='word_1_256' title='bbox 842 1885 1018 1937; x_wconf 71' lang='lat' dir='ltr'>Genes:</span> <span class='ocrx_word' id='word_1_257' title='bbox 1038 1903 1159 1936; x_wconf 71' lang='lat' dir='ltr'>xxix</span> <span class='ocrx_word' id='word_1_258' title='bbox 1177 1905 1189 1936; x_wconf 90' lang='lat'><strong>:</strong></span> <span class='ocrx_word' id='word_1_259' title='bbox 1210 1905 1287 1952; x_wconf 78' lang='lat'>3²·</span> <span class='ocrx_word' id='word_1_260' title='bbox 1316 1887 1436 1952; x_wconf 83' lang='lat' dir='ltr'>quid</span> <span class='ocrx_word' id='word_1_261' title='bbox 1460 1888 1664 1944; x_wconf 84' lang='lat' dir='ltr'>Simeon,</span> <span class='ocrx_word' id='word_1_262' title='bbox 1697 1886 1827 1950; x_wconf 83' lang='lat' dir='ltr'>quod</span> <span class='ocrx_word' id='word_1_263' title='bbox 1846 1887 2027 1935; x_wconf 85' lang='lat' dir='ltr'>audivit</span> <span class='ocrx_word' id='word_1_264' title='bbox 2046 1888 2273 1948; x_wconf 72' lang='lat' dir='ltr'>Jehovah,</span> <span class='ocrx_word' id='word_1_265' title='bbox 2296 1893 2427 1956; x_wconf 86' lang='lat' dir='ltr'>quod</span> 
     </span>
     <span class='ocr_line' id='line_1_25' title="bbox 348 1952 2423 2021; baseline 0.004 -22"><span class='ocrx_word' id='word_1_266' title='bbox 348 1974 359 1981; x_wconf 58' lang='lat'><strong><em>⁶</em></strong></span> <span class='ocrx_word' id='word_1_267' title='bbox 410 1953 568 2000; x_wconf 86' lang='lat' dir='ltr'>minus</span> <span class='ocrx_word' id='word_1_268' title='bbox 582 1952 730 2011; x_wconf 67' lang='lat' dir='ltr'>cham,</span> <span class='ocrx_word' id='word_1_269' title='bbox 755 1953 908 2001; x_wconf 73' lang='lat' dir='ltr'>ibzv:</span> <span class='ocrx_word' id='word_1_270' title='bbox 937 1971 1013 2017; x_wconf 84' lang='lat'>33.</span> <span class='ocrx_word' id='word_1_271' title='bbox 1045 1953 1161 2017; x_wconf 82' lang='lat' dir='ltr'>quid</span> <span class='ocrx_word' id='word_1_272' title='bbox 1177 1953 1405 2015; x_wconf 80' lang='lat' dir='ltr'>Jehudah,</span> <span class='ocrx_word' id='word_1_273' title='bbox 1422 1953 1507 2002; x_wconf 77' lang='lat' dir='ltr'>hac</span> <span class='ocrx_word' id='word_1_274' title='bbox 1527 1955 1630 2001; x_wconf 79' lang='lat' dir='ltr'>vice</span> <span class='ocrx_word' id='word_1_275' title='bbox 1650 1952 1906 2001; x_wconf 86' lang='lat' dir='ltr'>confitebor</span> <span class='ocrx_word' id='word_1_276' title='bbox 1921 1953 2131 2015; x_wconf 83' lang='lat' dir='ltr'>Jehovae,</span> <span class='ocrx_word' id='word_1_277' title='bbox 2157 1955 2232 2004; x_wconf 91' lang='lat' dir='ltr'>ib:</span> <span class='ocrx_word' id='word_1_278' title='bbox 2257 1973 2320 2006; x_wconf 88' lang='lat' dir='ltr'>v:</span> <span class='ocrx_word' id='word_1_279' title='bbox 2345 1973 2423 2021; x_wconf 85' lang='lat'>25.</span> 
     </span>
     <span class='ocr_line' id='line_1_26' title="bbox 409 2017 2423 2087; baseline 0.002 -19"><span class='ocrx_word' id='word_1_280' title='bbox 409 2017 575 2069; x_wconf 67' lang='lat' dir='ltr'>‹Altare</span> <span class='ocrx_word' id='word_1_281' title='bbox 609 2035 637 2066; x_wconf 87' lang='lat' dir='ltr'>a</span> <span class='ocrx_word' id='word_1_282' title='bbox 669 2017 803 2067; x_wconf 87' lang='lat' dir='ltr'>Mose</span> <span class='ocrx_word' id='word_1_283' title='bbox 841 2019 1141 2077; x_wconf 69' lang='lat' dir='ltr'>aedificatum,</span> <span class='ocrx_word' id='word_1_284' title='bbox 1189 2033 1407 2071; x_wconf 84' lang='lat' dir='ltr'>vocatum</span> <span class='ocrx_word' id='word_1_285' title='bbox 1438 2018 1648 2081; x_wconf 76' lang='lat' dir='ltr'>jehovah</span> <span class='ocrx_word' id='word_1_286' title='bbox 1684 2018 1925 2075; x_wconf 82' lang='lat' dir='ltr'>vexillum,</span> <span class='ocrx_word' id='word_1_287' title='bbox 1975 2019 2144 2068; x_wconf 80' lang='lat' dir='ltr'>Exod:</span> <span class='ocrx_word' id='word_1_288' title='bbox 2168 2037 2316 2074; x_wconf 74' lang='lat' dir='ltr'>xvix:</span> <span class='ocrx_word' id='word_1_289' title='bbox 2348 2041 2423 2087; x_wconf 86' lang='lat'>15.</span> 
     </span>
     <span class='ocr_line' id='line_1_27' title="bbox 412 2083 2157 2150; baseline 0.002 -19"><span class='ocrx_word' id='word_1_290' title='bbox 412 2083 489 2142; x_wconf 76' lang='lat' dir='ltr'>hic</span> <span class='ocrx_word' id='word_1_291' title='bbox 508 2083 602 2149; x_wconf 85' lang='lat' dir='ltr'>ipsa</span> <span class='ocrx_word' id='word_1_292' title='bbox 621 2085 845 2134; x_wconf 61' lang='lat' dir='ltr'>Doctrina</span> <span class='ocrx_word' id='word_1_293' title='bbox 866 2085 991 2143; x_wconf 78' lang='lat' dir='ltr'>fidei,</span> <span class='ocrx_word' id='word_1_294' title='bbox 1025 2098 1204 2143; x_wconf 82' lang='lat' dir='ltr'>vocata,</span> <span class='ocrx_word' id='word_1_295' title='bbox 1239 2085 1455 2150; x_wconf 77' lang='lat' dir='ltr'>acquisivi</span> <span class='ocrx_word' id='word_1_296' title='bbox 1477 2087 1633 2133; x_wconf 84' lang='lat' dir='ltr'>virum</span> <span class='ocrx_word' id='word_1_297' title='bbox 1648 2085 1892 2146; x_wconf 82' lang='lat' dir='ltr'>Jehovam‚</span> <span class='ocrx_word' id='word_1_298' title='bbox 1928 2084 2003 2132; x_wconf 90' lang='lat' dir='ltr'>seu</span> <span class='ocrx_word' id='word_1_299' title='bbox 2027 2087 2157 2134; x_wconf 84' lang='lat' dir='ltr'>Cain.</span> 
     </span>
    </p>

    <p class='ocr_par' dir='ltr' id='par_1_5' title="bbox 406 2150 2426 2477">
     <span class='ocr_line' id='line_1_28' title="bbox 484 2150 2425 2216; baseline 0.003 -16"><span class='ocrx_word' id='word_1_300' title='bbox 484 2168 595 2214; x_wconf 84' lang='lat'>341.</span> <span class='ocrx_word' id='word_1_301' title='bbox 620 2150 745 2199; x_wconf 88' lang='lat' dir='ltr'>Vers</span> <span class='ocrx_word' id='word_1_302' title='bbox 753 2170 762 2198; x_wconf 93' lang='lat'><strong>:</strong></span> <span class='ocrx_word' id='word_1_303' title='bbox 789 2169 833 2201; x_wconf 85' lang='lat'>2.</span> <span class='ocrx_word' id='word_1_304' title='bbox 869 2153 934 2200; x_wconf 86' lang='lat' dir='ltr'>Et</span> <span class='ocrx_word' id='word_1_305' title='bbox 956 2152 1123 2200; x_wconf 83' lang='lat' dir='ltr'>addidit</span> <span class='ocrx_word' id='word_1_306' title='bbox 1138 2163 1296 2214; x_wconf 85' lang='lat' dir='ltr'>parere</span> <span class='ocrx_word' id='word_1_307' title='bbox 1303 2153 1495 2216; x_wconf 84' lang='lat' dir='ltr'>fratrem</span> <span class='ocrx_word' id='word_1_308' title='bbox 1519 2154 1607 2216; x_wconf 76' lang='lat' dir='ltr'>ejus</span> <span class='ocrx_word' id='word_1_309' title='bbox 1628 2151 1774 2200; x_wconf 76' lang='lat' dir='ltr'>Habet</span> <span class='ocrx_word' id='word_1_310' title='bbox 1785 2170 1801 2199; x_wconf 90' lang='lat'><em>:</em></span> <span class='ocrx_word' id='word_1_311' title='bbox 1837 2150 1892 2199; x_wconf 60' lang='grc' dir='ltr'>ἔθ’</span> <span class='ocrx_word' id='word_1_312' title='bbox 1902 2153 2002 2213; x_wconf 77' lang='lat' dir='ltr'>suit</span> <span class='ocrx_word' id='word_1_313' title='bbox 2023 2153 2172 2201; x_wconf 87' lang='lat' dir='ltr'>Habel</span> <span class='ocrx_word' id='word_1_314' title='bbox 2170 2154 2319 2216; x_wconf 84' lang='lat' dir='ltr'>pastor</span> <span class='ocrx_word' id='word_1_315' title='bbox 2358 2173 2425 2204; x_wconf 85' lang='lat' dir='ltr'>re-</span> 
     </span>
     <span class='ocr_line' id='line_1_29' title="bbox 406 2171 2425 2284; baseline 0.003 -21"><span class='ocrx_word' id='word_1_316' title='bbox 406 2219 479 2281; x_wconf 83' lang='lat' dir='ltr'>gis</span> <span class='ocrx_word' id='word_1_317' title='bbox 487 2238 510 2272; x_wconf 75' lang='lat'>-3</span> <span class='ocrx_word' id='word_1_318' title='bbox 526 2217 591 2267; x_wconf 64' lang='lat'>⁷&amp;</span> <span class='ocrx_word' id='word_1_319' title='bbox 603 2218 715 2275; x_wconf 75' lang='lat' dir='ltr'>Cain</span> <span class='ocrx_word' id='word_1_320' title='bbox 722 2217 823 2280; x_wconf 81' lang='lat' dir='ltr'>fuit</span> <span class='ocrx_word' id='word_1_321' title='bbox 836 2217 966 2266; x_wconf 84' lang='lat' dir='ltr'>colens</span> <span class='ocrx_word' id='word_1_322' title='bbox 978 2219 1164 2267; x_wconf 64' lang='lat' dir='ltr'>humum.</span> <span class='ocrx_word' id='word_1_323' title='bbox 1202 2217 1336 2266; x_wconf 83' lang='lat' dir='ltr'>Alter</span> <span class='ocrx_word' id='word_1_324' title='bbox 1357 2231 1510 2283; x_wconf 71' lang='lat' dir='ltr'>panus</span> <span class='ocrx_word' id='word_1_325' title='bbox 1522 2217 1744 2266; x_wconf 81' lang='lat' dir='ltr'>&#39;Ecclefiae</span> <span class='ocrx_word' id='word_1_326' title='bbox 1765 2216 1829 2264; x_wconf 88' lang='lat' dir='ltr'>est</span> <span class='ocrx_word' id='word_1_327' title='bbox 1847 2216 2065 2274; x_wconf 84' lang='lat' dir='ltr'>Charitas,</span> <span class='ocrx_word' id='word_1_328' title='bbox 2083 2234 2188 2281; x_wconf 87' lang='lat' dir='ltr'>quae</span> <span class='ocrx_word' id='word_1_329' title='bbox 2201 2171 2425 2284; x_wconf 42' lang='lat' dir='ltr'>signilffca-</span> 
     </span>
     <span class='ocr_line' id='line_1_30' title="bbox 408 2283 2421 2350; baseline 0.003 -20"><span class='ocrx_word' id='word_1_330' title='bbox 408 2295 492 2332; x_wconf 83' lang='lat' dir='ltr'>-tur</span> <span class='ocrx_word' id='word_1_331' title='bbox 520 2299 602 2346; x_wconf 87' lang='lat' dir='ltr'>per</span> <span class='ocrx_word' id='word_1_332' title='bbox 622 2283 855 2332; x_wconf 88' lang='lat' dir='ltr'>Habelern</span> <span class='ocrx_word' id='word_1_333' title='bbox 876 2283 1134 2336; x_wconf 80' lang='lat' dir='ltr'>&amp;fratrem</span> <span class='ocrx_word' id='word_1_334' title='bbox 1154 2303 1166 2333; x_wconf 74' lang='grc' dir='ltr'><strong><em>ε</em></strong></span> <span class='ocrx_word' id='word_1_335' title='bbox 1200 2284 1352 2348; x_wconf 87' lang='lat' dir='ltr'>pastor</span> <span class='ocrx_word' id='word_1_336' title='bbox 1374 2286 1527 2350; x_wconf 86' lang='lat' dir='ltr'>gregis</span> <span class='ocrx_word' id='word_1_337' title='bbox 1550 2283 1630 2341; x_wconf 87' lang='lat' dir='ltr'>est,</span> <span class='ocrx_word' id='word_1_338' title='bbox 1665 2285 1746 2346; x_wconf 90' lang='lat' dir='ltr'>qui</span> <span class='ocrx_word' id='word_1_339' title='bbox 1768 2295 1946 2330; x_wconf 80' lang='lat' dir='ltr'>exercet</span> <span class='ocrx_word' id='word_1_340' title='bbox 1969 2283 2144 2332; x_wconf 86' lang='lat' dir='ltr'>bonum</span> <span class='ocrx_word' id='word_1_341' title='bbox 2166 2286 2421 2337; x_wconf 83' lang='lat' dir='ltr'>charitatis:</span> 
     </span>
     <span class='ocr_line' id='line_1_31' title="bbox 413 2347 2426 2469; baseline 0.004 -75"><span class='ocrx_word' id='word_1_342' title='bbox 413 2347 786 2469; x_wconf 49' lang='lat' dir='ltr'>colensnssxuumggn</span> <span class='ocrx_word' id='word_1_343' title='bbox 806 2348 889 2409; x_wconf 86' lang='lat' dir='ltr'>est,</span> <span class='ocrx_word' id='word_1_344' title='bbox 915 2349 1005 2415; x_wconf 83' lang='lat' dir='ltr'>&#39;qui</span> <span class='ocrx_word' id='word_1_345' title='bbox 1028 2350 1191 2415; x_wconf 87' lang='lat' dir='ltr'>absque</span> <span class='ocrx_word' id='word_1_346' title='bbox 1228 2351 1458 2408; x_wconf 80' lang='lat' dir='ltr'>charitate,</span> <span class='ocrx_word' id='word_1_347' title='bbox 1492 2362 1726 2413; x_wconf 84' lang='lat' dir='ltr'>utcunque</span> <span class='ocrx_word' id='word_1_348' title='bbox 1748 2365 1808 2397; x_wconf 86' lang='lat' dir='ltr'>ex</span> <span class='ocrx_word' id='word_1_349' title='bbox 1828 2348 1922 2397; x_wconf 87' lang='lat' dir='ltr'>fide</span> <span class='ocrx_word' id='word_1_350' title='bbox 1954 2348 2149 2414; x_wconf 81' lang='lat' dir='ltr'>separata</span> <span class='ocrx_word' id='word_1_351' title='bbox 2171 2351 2229 2400; x_wconf 88' lang='lat' dir='ltr'>ab</span> <span class='ocrx_word' id='word_1_352' title='bbox 2251 2369 2426 2412; x_wconf 77' lang='lat' dir='ltr'>amore,</span> 
     </span>
     <span class='ocr_line' id='line_1_32' title="bbox 412 2429 815 2477; baseline 0.01 -17"><span class='ocrx_word' id='word_1_353' title='bbox 412 2429 521 2477; x_wconf 79' lang='lat' dir='ltr'>quae</span> <span class='ocrx_word' id='word_1_354' title='bbox 641 2432 666 2462; x_wconf 90' lang='lat' dir='ltr'>a</span> <span class='ocrx_word' id='word_1_355' title='bbox 754 2433 815 2464; x_wconf 84' lang='lat' dir='ltr'>es.</span> 
     </span>
    </p>

    <p class='ocr_par' dir='ltr' id='par_1_6' title="bbox 410 2481 2427 2874">
     <span class='ocr_line' id='line_1_33' title="bbox 478 2481 2427 2549; baseline 0.003 -20"><span class='ocrx_word' id='word_1_356' title='bbox 478 2497 588 2542; x_wconf 86' lang='lat'>342.</span> <span class='ocrx_word' id='word_1_357' title='bbox 625 2481 771 2545; x_wconf 80' lang='lat' dir='ltr'>Qod</span> <span class='ocrx_word' id='word_1_358' title='bbox 803 2481 912 2530; x_wconf 88' lang='lat' dir='ltr'>alter</span> <span class='ocrx_word' id='word_1_359' title='bbox 933 2497 1088 2546; x_wconf 82' lang='lat' dir='ltr'>partus</span> <span class='ocrx_word' id='word_1_360' title='bbox 1107 2483 1326 2532; x_wconf 78' lang='lat' dir='ltr'>Ecclesiae</span> <span class='ocrx_word' id='word_1_361' title='bbox 1350 2481 1405 2530; x_wconf 88' lang='lat' dir='ltr'>fit</span> <span class='ocrx_word' id='word_1_362' title='bbox 1441 2483 1662 2539; x_wconf 87' lang='lat' dir='ltr'>Charitas,</span> <span class='ocrx_word' id='word_1_363' title='bbox 1703 2481 1902 2530; x_wconf 84' lang='lat' dir='ltr'>constare</span> <span class='ocrx_word' id='word_1_364' title='bbox 1925 2483 2071 2544; x_wconf 84' lang='lat' dir='ltr'>potest</span> <span class='ocrx_word' id='word_1_365' title='bbox 2094 2500 2151 2532; x_wconf 85' lang='lat' dir='ltr'>ex</span> <span class='ocrx_word' id='word_1_366' title='bbox 2171 2484 2275 2542; x_wconf 88' lang='lat' dir='ltr'>illis,</span> <span class='ocrx_word' id='word_1_367' title='bbox 2315 2503 2427 2549; x_wconf 81' lang='lat' dir='ltr'>quae</span> 
     </span>
     <span class='ocr_line' id='line_1_34' title="bbox 415 2546 2425 2614; baseline 0.001 -18"><span class='ocrx_word' id='word_1_368' title='bbox 415 2546 618 2603; x_wconf 72' lang='lat' dir='ltr'>Ecclesia</span> <span class='ocrx_word' id='word_1_369' title='bbox 627 2548 910 2611; x_wconf 66' lang='lat' dir='ltr'>concipit&amp;</span> <span class='ocrx_word' id='word_1_370' title='bbox 932 2551 1068 2611; x_wconf 83' lang='lat' dir='ltr'>parit,</span> <span class='ocrx_word' id='word_1_371' title='bbox 1100 2565 1208 2614; x_wconf 86' lang='lat' dir='ltr'>quae</span> <span class='ocrx_word' id='word_1_372' title='bbox 1231 2565 1325 2596; x_wconf 84' lang='lat' dir='ltr'>non</span> <span class='ocrx_word' id='word_1_373' title='bbox 1347 2549 1470 2598; x_wconf 89' lang='lat' dir='ltr'>aliud</span> <span class='ocrx_word' id='word_1_374' title='bbox 1493 2550 1613 2605; x_wconf 89' lang='lat' dir='ltr'>sunt,</span> <span class='ocrx_word' id='word_1_375' title='bbox 1653 2565 1792 2611; x_wconf 86' lang='lat' dir='ltr'>quam</span> <span class='ocrx_word' id='word_1_376' title='bbox 1813 2547 1926 2594; x_wconf 88' lang='lat' dir='ltr'>fides</span> <span class='ocrx_word' id='word_1_377' title='bbox 1948 2549 1998 2594; x_wconf 89' lang='lat'>&amp;</span> <span class='ocrx_word' id='word_1_378' title='bbox 2022 2550 2224 2607; x_wconf 61' lang='lat' dir='ltr'>chariam,</span> <span class='ocrx_word' id='word_1_379' title='bbox 2259 2552 2425 2600; x_wconf 86' lang='lat' dir='ltr'>fimilia</span> 
     </span>
     <span class='ocr_line' id='line_1_35' title="bbox 413 2612 2422 2680; baseline 0.002 -20"><span class='ocrx_word' id='word_1_380' title='bbox 413 2612 662 2675; x_wconf 65' lang='lat' dir='ltr'>significata</span> <span class='ocrx_word' id='word_1_381' title='bbox 682 2612 919 2677; x_wconf 33' lang='lat' dir='ltr'>&#39;suntfper&gt;</span> <span class='ocrx_word' id='word_1_382' title='bbox 929 2615 1103 2676; x_wconf 83' lang='lat' dir='ltr'>primos</span> <span class='ocrx_word' id='word_1_383' title='bbox 1137 2627 1292 2677; x_wconf 84' lang='lat' dir='ltr'>partus</span> <span class='ocrx_word' id='word_1_384' title='bbox 1312 2615 1427 2663; x_wconf 83' lang='lat' dir='ltr'>Leae</span> <span class='ocrx_word' id='word_1_385' title='bbox 1459 2631 1516 2662; x_wconf 84' lang='lat' dir='ltr'>ex</span> <span class='ocrx_word' id='word_1_386' title='bbox 1551 2614 1744 2676; x_wconf 79' lang='lat' dir='ltr'>jacobo,</span> <span class='ocrx_word' id='word_1_387' title='bbox 1779 2629 1859 2676; x_wconf 89' lang='lat' dir='ltr'>per</span> <span class='ocrx_word' id='word_1_388' title='bbox 1890 2614 2060 2662; x_wconf 85' lang='lat' dir='ltr'>Ruben</span> <span class='ocrx_word' id='word_1_389' title='bbox 2083 2615 2212 2673; x_wconf 88' lang='lat' dir='ltr'>fides,</span> <span class='ocrx_word' id='word_1_390' title='bbox 2247 2633 2327 2680; x_wconf 87' lang='lat' dir='ltr'>per</span> <span class='ocrx_word' id='word_1_391' title='bbox 2350 2619 2422 2664; x_wconf 79' lang='lat' dir='ltr'>Si·-</span> 
     </span>
     <span class='ocr_line' id='line_1_36' title="bbox 410 2678 2418 2744; baseline 0.001 -15"><span class='ocrx_word' id='word_1_392' title='bbox 410 2693 521 2737; x_wconf 64' lang='lat' dir='ltr'>‚men</span> <span class='ocrx_word' id='word_1_393' title='bbox 559 2678 675 2726; x_wconf 84' lang='lat' dir='ltr'>fides</span> <span class='ocrx_word' id='word_1_394' title='bbox 711 2679 831 2735; x_wconf 64' lang='lat' dir='ltr'>astu,</span> <span class='ocrx_word' id='word_1_395' title='bbox 856 2695 947 2742; x_wconf 70' lang='lat' dir='ltr'>,per</span> <span class='ocrx_word' id='word_1_396' title='bbox 984 2679 1104 2727; x_wconf 83' lang='lat' dir='ltr'>Levi</span> <span class='ocrx_word' id='word_1_397' title='bbox 1143 2679 1348 2735; x_wconf 87' lang='lat' dir='ltr'>charitas,</span> <span class='ocrx_word' id='word_1_398' title='bbox 1383 2682 1488 2728; x_wconf 84' lang='lat' dir='ltr'>Gen</span> <span class='ocrx_word' id='word_1_399' title='bbox 1508 2698 1519 2726; x_wconf 75' lang='grc' dir='ltr'>ε</span> <span class='ocrx_word' id='word_1_400' title='bbox 1558 2695 1704 2728; x_wconf 75' lang='lat' dir='ltr'>xxix:</span> <span class='ocrx_word' id='word_1_401' title='bbox 1746 2697 1826 2742; x_wconf 86' lang='lat'>32,</span> <span class='ocrx_word' id='word_1_402' title='bbox 1869 2695 1949 2741; x_wconf 86' lang='lat'>33,</span> <span class='ocrx_word' id='word_1_403' title='bbox 1991 2699 2067 2744; x_wconf 85' lang='lat'>34.</span> <span class='ocrx_word' id='word_1_404' title='bbox 2106 2697 2243 2744; x_wconf 81' lang='lat' dir='ltr'>quare</span> <span class='ocrx_word' id='word_1_405' title='bbox 2278 2684 2418 2732; x_wconf 81' lang='lat' dir='ltr'>etiam</span> 
     </span>
     <span class='ocr_line' id='line_1_37' title="bbox 412 2743 2421 2808; baseline 0.002 -17"><span class='ocrx_word' id='word_1_406' title='bbox 412 2743 584 2791; x_wconf 80' lang='lat' dir='ltr'>Tribus</span> <span class='ocrx_word' id='word_1_407' title='bbox 606 2744 726 2791; x_wconf 86' lang='lat' dir='ltr'>Levi</span> <span class='ocrx_word' id='word_1_408' title='bbox 750 2743 1050 2792; x_wconf 87' lang='lat' dir='ltr'>sacerdotium</span> <span class='ocrx_word' id='word_1_409' title='bbox 1072 2747 1260 2808; x_wconf 89' lang='lat' dir='ltr'>accepit,</span> <span class='ocrx_word' id='word_1_410' title='bbox 1294 2747 1345 2792; x_wconf 76' lang='grc' dir='ltr'>ὅτ</span> <span class='ocrx_word' id='word_1_411' title='bbox 1368 2746 1591 2808; x_wconf 83' lang='lat' dir='ltr'>pastorem</span> <span class='ocrx_word' id='word_1_412' title='bbox 1625 2748 1778 2807; x_wconf 83' lang='lat' dir='ltr'>gregis</span> <span class='ocrx_word' id='word_1_413' title='bbox 1798 2745 2157 2808; x_wconf 64' lang='lat' dir='ltr'>repraesentavit:</span> <span class='ocrx_word' id='word_1_414' title='bbox 2194 2749 2421 2805; x_wconf 78' lang='lat' dir='ltr'>CharitaS‚</span> 
     </span>
     <span class='ocr_line' id='line_1_38' title="bbox 413 2809 2132 2874; baseline 0.002 -17"><span class='ocrx_word' id='word_1_415' title='bbox 413 2811 521 2874; x_wconf 82' lang='lat' dir='ltr'>quia</span> <span class='ocrx_word' id='word_1_416' title='bbox 541 2809 604 2857; x_wconf 89' lang='lat' dir='ltr'>est</span> <span class='ocrx_word' id='word_1_417' title='bbox 626 2810 913 2874; x_wconf 16' lang='lat' dir='ltr'>dtersspartus</span> <span class='ocrx_word' id='word_1_418' title='bbox 935 2811 1171 2864; x_wconf 66' lang='lat' dir='ltr'>Ecckfiae,</span> <span class='ocrx_word' id='word_1_419' title='bbox 1209 2823 1400 2859; x_wconf 83' lang='lat' dir='ltr'>vocatur</span> <span class='ocrx_word' id='word_1_420' title='bbox 1424 2810 1573 2867; x_wconf 69' lang='lat' dir='ltr'>frater,</span> <span class='ocrx_word' id='word_1_421' title='bbox 1608 2812 1658 2858; x_wconf 75' lang='grc' dir='ltr'>δε</span> <span class='ocrx_word' id='word_1_422' title='bbox 1681 2811 1942 2858; x_wconf 86' lang='lat' dir='ltr'>nominatur</span> <span class='ocrx_word' id='word_1_423' title='bbox 1965 2812 2132 2860; x_wconf 87' lang='lat' dir='ltr'>Habel.</span> 
     </span>
    </p>

    <p class='ocr_par' dir='ltr' id='par_1_7' title="bbox 412 2875 2418 3008">
     <span class='ocr_line' id='line_1_39' title="bbox 466 2875 2418 2940; baseline 0.002 -17"><span class='ocrx_word' id='word_1_424' title='bbox 466 2893 589 2938; x_wconf 70' lang='lat'>343,</span> <span class='ocrx_word' id='word_1_425' title='bbox 626 2877 773 2938; x_wconf 74' lang='lat' dir='ltr'>Quod</span> <span class='ocrx_word' id='word_1_426' title='bbox 791 2876 947 2924; x_wconf 86' lang='lat' dir='ltr'>Pastor</span> <span class='ocrx_word' id='word_1_427' title='bbox 964 2878 1115 2940; x_wconf 82' lang='lat' dir='ltr'>gregis</span> <span class='ocrx_word' id='word_1_428' title='bbox 1139 2876 1209 2933; x_wconf 79' lang='lat' dir='ltr'>sit,</span> <span class='ocrx_word' id='word_1_429' title='bbox 1227 2880 1309 2940; x_wconf 88' lang='lat' dir='ltr'>qui</span> <span class='ocrx_word' id='word_1_430' title='bbox 1328 2882 1503 2924; x_wconf 74' lang='lat' dir='ltr'>exercet</span> <span class='ocrx_word' id='word_1_431' title='bbox 1533 2875 1707 2924; x_wconf 85' lang='lat' dir='ltr'>bonum</span> <span class='ocrx_word' id='word_1_432' title='bbox 1730 2876 1971 2940; x_wconf 74' lang='lat' dir='ltr'>charitatis,</span> <span class='ocrx_word' id='word_1_433' title='bbox 2006 2881 2230 2927; x_wconf 83' lang='lat' dir='ltr'>unicuivis</span> <span class='ocrx_word' id='word_1_434' title='bbox 2253 2893 2418 2927; x_wconf 78' lang='lat' dir='ltr'>notum</span> 
     </span>
     <span class='ocr_line' id='line_1_40' title="bbox 412 2940 2415 3008; baseline 0.003 -21"><span class='ocrx_word' id='word_1_435' title='bbox 412 2940 497 3002; x_wconf 74' lang='lat' dir='ltr'>effe</span> <span class='ocrx_word' id='word_1_436' title='bbox 522 2941 692 3005; x_wconf 82' lang='lat' dir='ltr'>potest,</span> <span class='ocrx_word' id='word_1_437' title='bbox 729 2958 838 2989; x_wconf 86' lang='lat' dir='ltr'>nam</span> <span class='ocrx_word' id='word_1_438' title='bbox 856 2942 945 2990; x_wconf 88' lang='lat' dir='ltr'>hoc</span> <span class='ocrx_word' id='word_1_439' title='bbox 968 2942 1184 2991; x_wconf 82' lang='lat' dir='ltr'>familiare</span> <span class='ocrx_word' id='word_1_440' title='bbox 1206 2945 1253 2990; x_wconf 89' lang='lat' dir='ltr'>in</span> <span class='ocrx_word' id='word_1_441' title='bbox 1277 2943 1439 3003; x_wconf 40' lang='lat' dir='ltr'>Verbo,</span> <span class='ocrx_word' id='word_1_442' title='bbox 1454 2943 1631 2990; x_wconf 85' lang='lat' dir='ltr'>Veteris</span> <span class='ocrx_word' id='word_1_443' title='bbox 1654 2943 1705 2988; x_wconf 71' lang='grc'>81.</span> <span class='ocrx_word' id='word_1_444' title='bbox 1728 2943 1858 2991; x_wconf 92' lang='lat' dir='ltr'>Novi</span> <span class='ocrx_word' id='word_1_445' title='bbox 1876 2947 2155 2995; x_wconf 80' lang='lat' dir='ltr'>Testamenti</span> <span class='ocrx_word' id='word_1_446' title='bbox 2176 2968 2190 3000; x_wconf 76' lang='lat'><em>3</em></span> <span class='ocrx_word' id='word_1_447' title='bbox 2226 2949 2305 3008; x_wconf 86' lang='lat' dir='ltr'>qui</span> <span class='ocrx_word' id='word_1_448' title='bbox 2330 2947 2415 2993; x_wconf 87' lang='lat' dir='ltr'>du-</span> 
     </span>
    </p>

    <p class='ocr_par' dir='ltr' id='par_1_8' title="bbox 383 3003 2416 3205">
     <span class='ocr_line' id='line_1_41' title="bbox 383 3003 2416 3076; baseline 0.003 -24"><span class='ocrx_word' id='word_1_449' title='bbox 383 3036 385 3038; x_wconf 96' lang='grc'>-</span> <span class='ocrx_word' id='word_1_450' title='bbox 407 3005 478 3066; x_wconf 65' lang='lat' dir='ltr'>⁴stit</span> <span class='ocrx_word' id='word_1_451' title='bbox 494 3003 721 3064; x_wconf 66' lang='lat' dir='ltr'>&#39;Sc-docet,</span> <span class='ocrx_word' id='word_1_452' title='bbox 757 3008 1008 3072; x_wconf 85' lang='lat' dir='ltr'>appellatur</span> <span class='ocrx_word' id='word_1_453' title='bbox 1024 3008 1180 3056; x_wconf 77' lang='lat' dir='ltr'>Pastor</span> <span class='ocrx_word' id='word_1_454' title='bbox 1203 3031 1219 3064; x_wconf 78' lang='lat'>3</span> <span class='ocrx_word' id='word_1_455' title='bbox 1250 3012 1332 3073; x_wconf 88' lang='lat' dir='ltr'>qui</span> <span class='ocrx_word' id='word_1_456' title='bbox 1353 3010 1584 3058; x_wconf 86' lang='lat' dir='ltr'>ducuntur</span> <span class='ocrx_word' id='word_1_457' title='bbox 1612 3010 1662 3056; x_wconf 74' lang='grc' dir='ltr'>ὅτ</span> <span class='ocrx_word' id='word_1_458' title='bbox 1685 3008 1924 3070; x_wconf 82' lang='lat' dir='ltr'>docentur,</span> <span class='ocrx_word' id='word_1_459' title='bbox 1959 3011 2241 3076; x_wconf 86' lang='lat' dir='ltr'>appellantur</span> <span class='ocrx_word' id='word_1_460' title='bbox 2269 3027 2382 3074; x_wconf 84' lang='lat' dir='ltr'>grex</span> <span class='ocrx_word' id='word_1_461' title='bbox 2398 3035 2416 3066; x_wconf 85' lang='lat'>-,</span> 
     </span>
     <span class='ocr_line' id='line_1_42' title="bbox 414 3071 2416 3138; baseline 0.002 -20"><span class='ocrx_word' id='word_1_462' title='bbox 414 3071 496 3133; x_wconf 89' lang='lat' dir='ltr'>qui</span> <span class='ocrx_word' id='word_1_463' title='bbox 529 3087 623 3128; x_wconf 79' lang='lat' dir='ltr'>non</span> <span class='ocrx_word' id='word_1_464' title='bbox 642 3073 774 3120; x_wconf 90' lang='lat' dir='ltr'>ducit</span> <span class='ocrx_word' id='word_1_465' title='bbox 805 3074 863 3120; x_wconf 88' lang='lat' dir='ltr'>ad</span> <span class='ocrx_word' id='word_1_466' title='bbox 887 3073 1063 3123; x_wconf 86' lang='lat' dir='ltr'>bonum</span> <span class='ocrx_word' id='word_1_467' title='bbox 1093 3075 1334 3132; x_wconf 84' lang='lat' dir='ltr'>charitatis,</span> <span class='ocrx_word' id='word_1_468' title='bbox 1369 3076 1433 3123; x_wconf 51' lang='lat'>&amp;⁴</span> <span class='ocrx_word' id='word_1_469' title='bbox 1459 3077 1540 3138; x_wconf 90' lang='lat' dir='ltr'>qui</span> <span class='ocrx_word' id='word_1_470' title='bbox 1562 3091 1655 3122; x_wconf 88' lang='lat' dir='ltr'>non</span> <span class='ocrx_word' id='word_1_471' title='bbox 1677 3075 1811 3124; x_wconf 87' lang='lat' dir='ltr'>docet</span> <span class='ocrx_word' id='word_1_472' title='bbox 1835 3077 2011 3127; x_wconf 87' lang='lat' dir='ltr'>bonurn</span> <span class='ocrx_word' id='word_1_473' title='bbox 2033 3077 2287 3132; x_wconf 83' lang='lat' dir='ltr'>Charitatis,</span> <span class='ocrx_word' id='word_1_474' title='bbox 2323 3094 2416 3123; x_wconf 87' lang='lat' dir='ltr'>non</span> 
     </span>
     <span class='ocr_line' id='line_1_43' title="bbox 413 3135 2416 3205; baseline 0.002 -22"><span class='ocrx_word' id='word_1_475' title='bbox 413 3135 478 3183; x_wconf 85' lang='lat' dir='ltr'>est</span> <span class='ocrx_word' id='word_1_476' title='bbox 499 3151 635 3195; x_wconf 79' lang='lat' dir='ltr'>verus</span> <span class='ocrx_word' id='word_1_477' title='bbox 655 3137 839 3205; x_wconf 56' lang='lat' dir='ltr'>pastor-3</span> <span class='ocrx_word' id='word_1_478' title='bbox 877 3140 942 3187; x_wconf 83' lang='lat'>-&amp;</span> <span class='ocrx_word' id='word_1_479' title='bbox 978 3142 1060 3203; x_wconf 92' lang='lat' dir='ltr'>qui</span> <span class='ocrx_word' id='word_1_480' title='bbox 1084 3156 1191 3189; x_wconf 59' lang='lat' dir='ltr'>:non</span> <span class='ocrx_word' id='word_1_481' title='bbox 1219 3141 1403 3188; x_wconf 88' lang='lat' dir='ltr'>ducitur</span> <span class='ocrx_word' id='word_1_482' title='bbox 1441 3142 1498 3188; x_wconf 85' lang='lat' dir='ltr'>ad</span> <span class='ocrx_word' id='word_1_483' title='bbox 1537 3141 1729 3198; x_wconf 80' lang='lat' dir='ltr'>bonum,</span> <span class='ocrx_word' id='word_1_484' title='bbox 1767 3143 1818 3190; x_wconf 72' lang='grc' dir='ltr'>δε</span> <span class='ocrx_word' id='word_1_485' title='bbox 1846 3144 1979 3192; x_wconf 87' lang='lat' dir='ltr'>discit</span> <span class='ocrx_word' id='word_1_486' title='bbox 2013 3143 2206 3198; x_wconf 86' lang='lat' dir='ltr'>bonum,</span> <span class='ocrx_word' id='word_1_487' title='bbox 2236 3159 2327 3188; x_wconf 92' lang='lat' dir='ltr'>non</span> <span class='ocrx_word' id='word_1_488' title='bbox 2352 3143 2416 3187; x_wconf 88' lang='lat' dir='ltr'>est</span> 
     </span>
    </p>
   </div>
   <div class='ocr_carea' id='block_1_5' title="bbox 413 3202 2420 3321">
    <p class='ocr_par' dir='ltr' id='par_1_9' title="bbox 413 3202 2420 3321">
     <span class='ocr_line' id='line_1_44' title="bbox 413 3202 2420 3319; baseline -0.004 -58"><span class='ocrx_word' id='word_1_489' title='bbox 413 3217 541 3264; x_wconf 66' lang='lat' dir='ltr'><strong>grex·</strong></span> <span class='ocrx_word' id='word_1_490' title='bbox 612 3202 756 3267; x_wconf 73' lang='lat' dir='ltr'>Qod</span> <span class='ocrx_word' id='word_1_491' title='bbox 783 3203 931 3275; x_wconf 66' lang='lat' dir='ltr'>pastor</span> <span class='ocrx_word' id='word_1_492' title='bbox 962 3206 1011 3253; x_wconf 86' lang='lat'>&amp;</span> <span class='ocrx_word' id='word_1_493' title='bbox 1031 3221 1160 3269; x_wconf 21' lang='lat' dir='ltr'>*gre-x</span> <span class='ocrx_word' id='word_1_494' title='bbox 1188 3206 1444 3270; x_wconf 82' lang='lat' dir='ltr'>fi&#39;gnificent</span> <span class='ocrx_word' id='word_1_495' title='bbox 1454 3207 1558 3319; x_wconf 43' lang='grc' dir='ltr'>ἐξα,</span> <span class='ocrx_word' id='word_1_496' title='bbox 1587 3208 1775 3272; x_wconf 85' lang='lat' dir='ltr'>quidem</span> <span class='ocrx_word' id='word_1_497' title='bbox 1802 3208 2075 3272; x_wconf 83' lang='lat' dir='ltr'>superfluum</span> <span class='ocrx_word' id='word_1_498' title='bbox 2099 3207 2162 3255; x_wconf 90' lang='lat' dir='ltr'>est</span> <span class='ocrx_word' id='word_1_499' title='bbox 2184 3223 2239 3254; x_wconf 86' lang='lat' dir='ltr'>ex</span> <span class='ocrx_word' id='word_1_500' title='bbox 2260 3206 2420 3253; x_wconf 82' lang='lat' dir='ltr'>Verbo</span> 
     </span>
     <span class='ocr_line' id='line_1_45' title="bbox 1545 3287 2415 3321; baseline -0.003 0"><span class='ocrx_word' id='word_1_501' title='bbox 1545 3290 1570 3321; x_wconf 82' lang='lat'>2</span> <span class='ocrx_word' id='word_1_502' title='bbox 2303 3287 2415 3319; x_wconf 76' lang='lat' dir='ltr'>con·</span> 
     </span>
    </p>
   </div>
  </div>
 </body>
</html>
