2788 3736
342 310 496 382 ‚552
623 315 625 317 ψ
903 281 965 349 G
1060 282 1120 346 E
1213 278 1301 344 N
1385 236 1596 345 Es
1683 275 1880 370 [ἦε.

360 429 490 494 quod
511 426 742 491 nusquam
777 422 918 487 poss'et
956 422 1101 483 aliter,
1150 437 1293 486 quam
1329 421 1376 468 in
1420 419 1712 486 damnatione
1759 424 1927 473 aete'rna
1973 422 2091 480 effe3
2141 423 2381 474 videantur

361 511 469 562 quae
492 497 633 558 prius,
672 508 698 539 n
720 510 730 540 :
757 491 870 551 468.
1424 494 1427 495 ’
1634 492 1637 493 ’
1853 507 1855 509 ·
1985 519 2017 526 .-

314 580 317 582 ’
434 562 544 623 562.
581 556 926 607 Antediluviani
955 556 1020 604 ita
1041 552 1243 611 fuerunt,
1279 566 1332 602 ut
1366 551 1456 602 fere
1490 553 1634 602 nullas
1657 553 1892 617 Reliquias
1912 553 2097 604 tandem
2125 555 2379 616 habuerint,

359 643 417 675 ex
441 624 583 687 causa,
619 624 747 689 quod
779 623 861 682 itali
886 625 1030 687 genio·
1062 621 1214 678 essent,
1253 621 1380 685 quod
1422 620 1675 674 imbuerint
1715 619 1836 668 diras
1861 621 1911 668 &
1934 619 2254 674 abominabiles
2277 640 2381 689 per·

364 693 579 741 suasiones
604 690 661 739 de
687 689 921 747 omnibus,
956 704 1246 753 quaecunque
1277 687 1576 745 obvenerunt,
1612 687 1662 736 δι
1699 688 1746 734 in
1770 688 2098 752 cogitationem
2124 705 2287 739 eorum
2311 692 2380 739 in-

363 759 593 815 ciderunt,
628 756 690 805 fic
713 770 766 804 ut
789 756 846 804 ab
870 757 923 803 iis
966 772 1021 803 ne
1046 756 1196 803 hilum
1219 754 1424 801 recedere
1448 754 1694 810 voluerint,
1729 754 1779 801 &
1803 754 1995 817 quidem
2018 770 2158 819 quarn
2183 758 2382 807 maxime

365 842 423 873 ex
458 824 523 874 sui
557 840 727 879 amore,
763 835 971 888 putantes
1011 821 1052 868 se
1092 820 1214 885 quasi
1254 821 1362 867 deos
1387 820 1488 884 effe,
1523 820 1575 869 δε
1607 820 1832 885 quicquid
1863 822 2134 885 cogitarent,
2169 821 2384 873 divinum

369 892 452 940 effe
472 914 487 949 ·‚
523 891 624 939 talis
647 888 937 955 persuasionis
962 901 1118 936 natura
1140 885 1363 950 nusquam
1387 886 1510 951 apud
1535 887 1733 951 aliquam
1755 898 1941 951 gentem
1959 904 2015 935 ex
2033 887 2159 942 istitit
2182 901 2310 939 antea
2332 893 2383 940 ὅτ,

364 957 534 1023 postea,
570 972 677 1005 nam
710 955 774 1005 est
814 957 1016 1003 necativa
1048 953 1121 1002 seu
1179 952 1477 1010 suffocativa;
1514 969 1650 1018 quare
1691 954 1739 1002 in
1776 953 1910 1001 altera
1941 956 2037 1003 vita
2077 970 2158 1003 nec
2191 956 2383 1022 usquam

368 1023 550 1089 pofl‘unt
573 1023 655 1071 effe
679 1022 758 1071 ubi
783 1021 853 1069 alii
878 1021 1074 1085 spiritus,
1108 1036 1226 1074 cum,
1255 1018 1431 1078 adsunt,
1467 1019 1554 1068 illis
1592 1035 1675 1084 per
1709 1017 2045 1085 persuasionum
2079 1023 2409 1086 peririca-cisfi-‚I

368 1107 550 1140 marum
572 1090 749 1138 suarum
773 1088 999 1135 influxum
1015 1102 1204 1135 omnem
1221 1087 1455 1151 cogitandi
1477 1084 1739 1135 facultatem
1763 1086 1990 1145 adimunt,
2014 1099 2180 1154 praeter
2202 1091 2303 1148 alia,
2329 1091 2387 1139 de

367 1157 550 1223 quibus,
585 1172 642 1205 ex
664 1155 835 1204 Divina
855 1152 1049 1202 Domini
1074 1152 1400 1211 Misericordia,
1437 1155 1484 1201 in
1508 1153 1807 1218 sequentibus·

443 1225 552 1288 563.
589 1224 712 1270 Cum
737 1221 837 1268 talis
861 1218 1083 1284 persuasio
1111 1230 1307 1284 occupat
1335 1220 1589 1277 hominem,
1624 1232 1735 1268 tunc
1758 1219 1823 1268 est
1856 1219 2175 1286 sicut'gluten,
2213 1225 2289 1271 cui
2313 1226 2384 1273 in·

369 1290 595 1339 viscantur
633 1288 755 1335 bona
794 1288 843 1334 ὅτ
867 1302 987 1342 vera,
1022 1303 1129 1351 quae
1159 1285 1310 1334 forent
1341 1286 1586 1351 Reliquiae,
1619 1286 1680 1335 sic
1712 1299 1768 1334 ut
1787 1286 2016 1351 Reliquiae
2049 1305 2142 1337 non
2184 1291 2383 1356 amplius

369 1356 571 1412 recondi,
609 1356 658 1402 &
682 1369 788 1418 quae
812 1353 1060 1402 reconditae
1085 1369 1179 1401 nori
1203 1353 1301 1411 usui
1324 1353 1424 1410 effe,
1461 1354 1660 1417 poflint;
1695 1368 1834 1417 quare
1872 1356 2010 1402 etiam
2041 1371 2149 1403 cum
2181 1356 2240 1404 ad
2263 1356 2386 1407 sum·

372 1437 507 1471 mum
530 1421 629 1470 talis
662 1419 952 1486 persuasionis
985 1423 1303 1484 pervenerunt,
1338 1435 1398 1467 ex
1433 1418 1571 1468 semet
1611 1420 1796 1468 extineii
1817 1418 1934 1479 sunt,
1969 1421 2020 1469 ὅτ
2045 1420 2249 1471 suffocati
2271 1424 2387 1475 sicut

368 1489 660 1538 inundatione
683 1503 776 1536 non
799 1486 999 1535 dissimili
1023 1486 1218 1545 diluvi0,
1250 1486 1355 1534 ideo
1396 1501 1557 1535 eorum
1597 1486 1832 1534 exstinctio
1871 1487 2052 1535 diluvio
2075 1503 2385 1554 comparatur,

372 1557 423 1604 &
447 1571 629 1620 quoque
652 1554 709 1602 ad
735 1569 914 1603 morem
938 1555 1393 1618 Andquiffimorum,
1429 1569 1510 1617 per
1532 1551 1762 1600 diluvium
1786 1552 2066 1603 describitur.

441 1624 551 1687 564.
589 1620 725 1670 Vers:
770 1639 808 1670 1.
845 1622 909 1670 Et
921 1620 1038 1684 fuit,
1074 1616 1185 1686 qdod
1203 1622 1409 1683 inciperet
1431 1620 1550 1668 homo
1573 1619 1855 1683 multipucare
1867 1622 1917 1684 ft
1942 1622 2074 1685 super
2082 1622 2282 1686 faciebus
2303 1625 2386 1674 hu-

370 1691 446 1750 mi,
484 1689 539 1740 &2²
559 1688 670 1749 filiae
700 1697 816 1736 natae
847 1690 916 1736 iis.
989 1688 1075 1737 Per
1104 1687 1342 1735 hominem
1383 1686 1659 1750 significatur
1690 1687 1764 1734 hic
1804 1702 1949 1751 genus
1987 1688 2243 1739 humanum
2276 1704 2387 1742 tunc

371 1757 620 1821 temporis:
656 1771 738 1820 per
769 1753 903 1803 facies
941 1753 1091 1813 humi,
1126 1755 1278 1802 omnis
1319 1753 1392 1800 ille
1432 1754 1614 1810 tra-stus,
1650 1752 1728 1801 ubi
1753 1751 1955 1802 Ecclesia
1985 1753 2104 1802 fuit:
2154 1772 2236 1820 per
2274 1758 2388 1807 filias

369 1822 684 1886 significantur
707 1823 797 1880 hic,
833 1837 940 1886 quae
963 1821 1064 1869 sunt
1087 1821 1332 1870 voluntatis
1356 1819 1478 1868 istius
1496 1820 1710 1875 hominis,
1746 1820 1939 1885 proinde
1963 1821 2249 1885 cupiditates

444 1890 554 1954 565.
592 1889 738 1950 Quod
771 1905 851 1953 per
888 1889 1125 1937 hominem
1151 1887 1431 1952 significetur
1451 1887 1526 1935 hic
1555 1903 1700 1952 genus
1730 1886 1985 1935 humanum
2008 1900 2119 1936 tunc
2148 1891 2386 1954 temporis,

377 1956 427 2003 &
464 1956 653 2019 quidem
693 1956 867 2002 malum
905 1954 978 2002 seu
1024 1967 1311 2019 corruptum,
1369 1953 1567 2002 constare
1606 1953 1753 2018 potest
1791 1970 1818 2000 a
1851 1953 2174 2017 sequentibuss
2205 1961 2239 1983 ‘⁶
2274 1958 2387 2006 Non

379 2027 415 2048 “
450 2034 620 2085 arguet
648 2020 826 2084 spiritus
865 2037 993 2068 meus
1017 2021 1221 2069 heminem
1245 2021 1292 2067 in
1316 2033 1605 2084 perpetuum,
1639 2036 1695 2067 eo
1733 2019 1860 2083 quod
1902 2019 1976 2066 ille
2014 2022 2167 2077 caro‚”
2191 2021 2310 2070 vers:
2341 2041 2387 2087 3,

377 2092 412 2115 “
450 2087 578 2151 quod
599 2087 957 2150 multiplicatum
991 2087 1168 2134 malum
1190 2087 1367 2134 hominis
1391 2088 1435 2133 in
1469 2099 1601 2142 terra,
1636 2087 1686 2134 ὅτ,
1703 2102 1841 2133 omne
1876 2085 2155 2150 figmentum
2177 2091 2389 2152 cogitati-

378 2170 523 2202 onum
539 2153 687 2201 cordis
705 2151 800 2217 ejus
815 2153 1106 2201 solummodo
1123 2153 1348 2209 malum,’'
1359 2152 1477 2201 vers:
1497 2170 1540 2215 5.
1569 2158 1602 2181 “
1621 2151 1781 2200 delebo
1797 2152 2015 2209 hominem,
2033 2169 2172 2218 quem
2192 2157 2389 2213 creavi,'’

378 2219 501 2268 vers:
533 2237 575 2285 7.
602 2222 651 2267 δι
676 2221 798 2284 Cap:
825 2219 921 2284 seq:
946 2218 1066 2268 vers:
1094 2235 1173 2276 21,
1203 2235 1277 2268 22.
1306 2225 1339 2246 “
1364 2218 1623 2283 Exspiravit
1647 2220 1797 2266 omnis
1820 2235 1924 2266 caro
1939 2234 2097 2283 repens
2112 2221 2242 2286 super
2258 2235 2386 2282 terra,

383 2288 432 2334 &
457 2288 607 2334 omnis
630 2287 766 2343 homo,
802 2287 848 2333 in
889 2285 1020 2351 cujus
1059 2286 1240 2333 naribus
1263 2284 1400 2332 status
1433 2284 1612 2349 spiritus
1635 2283 1890 2332 ⁴vitarum.''
1962 2287 2032 2333 Ue
2055 2287 2241 2337 homine
2265 2292 2391 2353 prius

382 2353 576 2410 dictum,
613 2353 738 2416 quod
755 2352 987 2400 Dominus
1011 2353 1142 2400 Solus
1165 2351 1368 2408 Homo,
1403 2352 1453 2400 δε
1475 2352 1602 2416 quod
1627 2351 1683 2398 ab
1706 2351 1809 2415 Ipso
1840 2354 1990 2400 omnis
2014 2354 2206 2403 coelestis
2229 2356 2389 2414 homo,

380 2418 452 2465 seu
487 2418 679 2466 coelestis
703 2418 915 2470 Ecclesia,
951 2431 1141 2468 vocatur
1158 2418 1300 2466 homo
1322 2441 1336 2474 ·,
1373 2418 1478 2466 inde
1501 2418 1661 2483 reliqui
1682 2442 1695 2475 3
1731 2431 1833 2467 tum
1857 2436 2042 2484 quoque
2067 2425 2217 2469 omnis
2242 2421 2390 2488 cujus-

383 2501 563 2549 cunque
605 2486 728 2542 fidei,
764 2485 821 2532 ad
865 2484 1238 2548 distinguendum
1274 2501 1379 2532 eum
1406 2502 1431 2532 a
1454 2484 1596 2531 brutis
1617 2486 1650 2541 3*
1669 2484 1741 2532 sed
1767 2486 1910 2534 homo
1933 2503 2023 2533 non
2050 2486 2113 2534 est
2146 2487 2304 2547 homo,
2340 2490 2392 2538 &

381 2551 614 2599 distinctus
645 2552 867 2608 abrutis,
920 2551 1001 2598 nisi
1041 2568 1121 2614 per
1144 2551 1392 2615 Reliquias,
1429 2557 1482 2599 u't
1517 2551 1710 2608 dietum,
1747 2568 1854 2615 quae
1892 2552 1994 2600 sunt
2035 2554 2247 2612 Domini,
2284 2557 2390 2604 inde

382 2633 568 2682 quoque
597 2617 740 2665 horno
761 2630 952 2665 vocatur
985 2618 1142 2675 homo,
1178 2619 1229 2666 ὅτ
1269 2620 1376 2682 quia
1413 2630 1601 2682 propter
1623 2619 1873 2682 Reliquias,
1908 2636 2014 2683 quae
2054 2619 2158 2668 sunt
2178 2622 2389 2678 Domini,

383 2686 444 2731 ita
467 2701 652 2748 quoque
676 2700 702 2731 a
722 2686 947 2742 Domino,
983 2684 1153 2732 etiamsi
1176 2687 1390 2748 peffimus
1411 2707 1426 2740 ;
1465 2700 1572 2732 nam
1593 2685 1756 2733 ,homo
1792 2685 2012 2749 nusquam
2037 2685 2101 2732 est
2121 2685 2281 2745 homo,
2318 2686 2392 2735 sed

384 2750 652 2798 viliffimum
678 2751 935 2808 brutorum,
971 2750 1005 2798 si
1031 2767 1123 2799 non
1149 2754 1189 2798 ei
1220 2750 1437 2815 reliquiae.
2290 2806 2297 2810 ἢ

452 2818 560 2879 566.
598 2818 744 2880 Qod
784 2834 865 2881 per
903 2815 1036 2865 facies
1073 2818 1205 2877 humi
1243 2818 1524 2882 significetur
1561 2817 1712 2864 omnis
1742 2816 1816 2863 ille
1853 2817 2034 2873 trastus,
2070 2817 2149 2864 ubi
2190 2818 2393 2868 Ecclesia

381 2880 485 2939 fuit,
522 2883 694 2931 constat
733 2901 758 2930 a
793 2884 1119 2947 significatione
1146 2886 1314 2940 Humi,
1350 2900 1457 2930 nam
1492 2885 1539 2929 in
1572 2879 1728 2929 Verbo
1758 2895 1963 2929 accurate
1995 2881 2287 2947 distinguitur
2310 2887 2395 2935 hu'·

381 2965 485 2997 mus
509 2965 534 2996 a
556 2960 703 3004 terra;
739 2966 821 3012 per
843 2951 1066 2998 Humum
1101 2948 1251 2997 ubivis
1289 2949 1568 3011 significatur
1590 2946 1806 3003 Ecclesia,
1844 2947 1917 2995 seu
1943 2949 2116 3013 aliquid
2139 2951 2390 3011 Ecclefiae3

381 3015 487 3062 inde
507 3030 691 3078 quoque
716 3031 884 3062 nomen
907 3016 1105 3063 hominis
1140 3014 1212 3062 seu
1238 3015 1411 3077 Adam,
1453 3013 1580 3078 quod
1604 3013 1669 3061 est
1691 3013 1858 3061 humus
1879 3037 1910 3074 3-
1929 3019 2010 3079 per
2032 3017 2227 3065 Terram
2261 3019 2392 3068 intel·

379 3081 538 3145 ligitur
554 3080 632 3131 ubi
648 3082 805 3144 pafl‘im
829 3098 921 3128 non
936 3082 1153 3139 Ecclesia,
1179 3079 1253 3128 seu
1278 3097 1370 3128 non
1394 3080 1567 3143 aliquid
1583 3080 1817 3138 Ecclesiae,
1841 3081 1955 3129 ficut
1976 3083 2022 3130 in
2047 3083 2208 3147 Capite
2231 3085 2393 3134 Primo

378 3148 525 3195 modo
564 3148 828 3195 nominatur
850 3149 1010 3204 Terra,
1047 3149 1158 3210 quia
1195 3147 1405 3195 nondum
1445 3140 1659 3203 Ecclesia,
1705 3146 1777 3194 seu
1819 3161 2103 3211 regeneratus
2133 3149 2310 3206 homo3
2346 3153 2393 3199 in

379 3215 542 3277 Capite
565 3213 762 3261 secundo
785 3214 994 3276 primum·
1016 3215 1279 3260 nominatur
1302 3214 1514 3271 Humus,
1562 3214 1669 3276 quia
1691 3226 1800 3261 tunc
1822 3215 2025 3263 Ecclesia
2045 3239 2060 3273 3
2096 3216 2298 3264 similiter
2320 3217 2393 3265 hic

380 3281 429 3328 δι
458 3282 503 3328 in
530 3281 691 3346 Capite
730 3278 827 3344 seq:
866 3279 995 3344 quod
1030 3279 1293 3344 perderetur
1315 3281 1466 3329 omnis
1506 3278 1745 3329 substantia
1779 3279 1968 3346 desuper
2006 3280 2202 3332 faciebus
2225 3282 2394 3340 humi,'’

2255 3351 2382 3398 vers:
