2788 3736
425 176 555 317 5733
960 191 1946 287 GENESI's.

414 363 610 413 constare
633 361 795 430 potest,
832 360 913 408 nifi
936 358 1116 417 sciatur,
1153 358 1394 424 quomodo
1417 357 1459 407 se
1482 374 1550 406 res
1573 357 1730 407 habeat
1753 358 1801 408 in
1823 356 1958 419 altera
1969 359 2098 420 vitas
2131 364 2254 430 apud
2279 348 2427 418 mal&

413 431 721 481 &infernales
745 429 924 493 spiritus
945 438 1103 491 regnat
1125 443 1254 475 amor
1284 426 1350 474 sui
1374 431 1424 479 δε
1449 426 1629 484 mundi,
1665 425 1770 475 inde
1792 438 1956 492 putant
1993 427 2036 475 se
2056 429 2142 478 esse
2172 432 2280 481 deos
2320 438 2426 484 uni.

416 499 545 556 verfi,
583 499 631 545 δε
657 495 857 543 multum
882 495 1037 560 poffe3
1074 510 1182 542 cum
1218 494 1326 542 vieti
1367 492 1485 551 sunt,
1522 493 1696 541 tametsi
1718 495 2054 560 appercipiunt,
2088 498 2216 560 quod
2245 502 2427 564 prorsus

414 565 523 611 nihil
547 566 727 628 possint,
763 561 902 626 usque
940 573 1095 609 manet
1116 561 1273 626 opinio
1306 560 1534 625 potestatis
1557 561 1607 609 δε
1641 560 1852 620 dominii,
1887 561 1939 610 δε
1968 572 2132 628 putant
2155 563 2197 612 se
2220 566 2424 628 multum

414 631 697 678 contribuere
721 630 842 694 poffe
865 628 922 677 ad
945 628 1210 694 potestatem
1229 629 1278 676 &
1296 629 1559 676 dominium
1580 629 1807 687 Domini3
1843 641 1980 693 quare
1993 631 2149 689 etiam,
2169 644 2222 680 ut
2237 647 2425 698 regnare

413 697 543 745 simul
566 699 747 762 poffint‚
784 696 984 744 offerunt
1006 695 1128 761 apud
1152 695 1296 743 bonos
1321 694 1497 759 spiritus
1515 693 1693 744 servitia
1715 694 1788 744 sua
1807 718 1834 752 ;-
1858 694 1934 744 sed
1963 697 2071 762 quia
2086 698 2198 747 nihil
2222 700 2304 748 nisi
2326 696 2423 749 ma-

413 765 512 812 lum
536 766 585 812 &
608 762 767 811 falsum
793 763 872 821 est,
911 780 989 828 per
1004 779 1110 827 quae
1133 761 1175 810 se
1198 762 1370 810 efficere
1392 762 1506 827 quid
1522 763 1645 826 poste
1660 774 1839 829 putant,
1861 774 1908 812 at
1928 764 2050 828 apud
2065 765 2328 815 Dominum
2350 765 2427 817 seu

412 847 615 879 amorem
640 830 886 888 coelestem,
923 829 1036 879 nihil
1061 829 1140 876 nis1
1164 829 1340 877 bonum
1371 829 1421 877 ὅτ·
1462 845 1627 877 verum
1665 827 1747 888 est,
1782 829 1859 878 hic
1898 830 2195 897 respondetur
2218 834 2314 898 regi
2337 833 2423 882 So·

413 899 585 956 domae,
620 914 701 962 per
722 912 863 962 quem
885 897 992 945 tales
1016 895 1401 960 repraesentantur,
1436 897 1564 961 quod
1605 895 1718 945 nihil
1757 897 1845 946 tale
1883 898 2007 963 apud
2020 899 2311 959 Dominum,
2349 899 2423 949 stu

411 965 538 1027 quod
563 964 685 1013 nulla
705 965 903 1028 potentia
916 964 1126 1012 Domino
1148 980 1174 1011 a
1198 962 1321 1011 malo
1342 963 1391 1011 &
1410 961 1543 1012 falso:
1583 963 1862 1013 Dominium
1877 979 1936 1013 ex
1950 964 2071 1014 malo
2093 967 2144 1014 ὅτ
2165 964 2286 1015 falso
2326 983 2423 1016 ror·

413 1031 483 1079 sus
506 1033 782 1079 contrarium
805 1030 867 1078 est
886 1031 1112 1079 Dominio
1139 1046 1196 1077 ex
1230 1029 1353 1079 bono
1376 1030 1426 1078 &
1448 1045 1592 1087 vero3
1625 1031 1904 1079 Dominium
1926 1047 1986 1080 ex
2008 1032 2131 1081 malo
2151 1033 2202 1082 &
2272 1053 2274 1059 ⁸
2305 1050 2336 1083 ο
2356 1033 2424 1083 est

413 1115 571 1146 omnes
592 1099 742 1146 servos
766 1097 882 1144 velle
904 1096 1061 1154 facere,
1097 1097 1375 1144 Dominium
1399 1112 1457 1144 ex
1479 1095 1602 1145 bono
1623 1097 1674 1145 &
1698 1111 1825 1154 vero,
1858 1097 1924 1145 est
1946 1114 2104 1148 omnes
2126 1099 2290 1149 liberos
2304 1100 2436 1150 velle·

413 1164 596 1221 facere;
628 1165 909 1212 Dominium
947 1178 1006 1210 ex
1047 1161 1168 1208 malo
1203 1163 1257 1208 &
1293 1159 1418 1218 falso,
1454 1161 1519 1209 est
1544 1177 1703 1210 omnes
1740 1162 1943 1227 perdere,
1977 1176 2025 1213 at
2047 1167 2327 1216 Domi-nium
2362 1183 2423 1216 ex

411 1231 532 1280 bono
556 1233 604 1279 δε
628 1245 737 1277 vero
775 1228 839 1276 est
870 1244 1031 1277 omnes
1055 1226 1246 1282 salvare3
1281 1243 1341 1274 ex
1366 1227 1535 1291 quibus
1558 1226 1748 1284 constat,
1784 1229 2282 1292 quodDominimnex
2297 1233 2423 1283 malo
2454 1257 2460 1261 ⁷

410 1297 588 1346 &falso
612 1297 664 1344 sit
687 1295 871 1352 diaboli,
907 1308 952 1343 at
967 1294 1245 1343 Dominium
1266 1309 1323 1347 ex
1348 1293 1471 1342 bono
1494 1294 1544 1342 ὅτ
1566 1309 1678 1342 vero
1701 1294 1756 1342 fit
1778 1295 1972 1345 Domini
1990 1318 2008 1354 ς
2037 1298 2171 1362 quod
2194 1300 2416 1349 Dominia

411 1365 496 1412 fint
516 1362 696 1428 prorsus
719 1363 957 1419 contraria,
993 1358 1191 1409 constare
1215 1360 1362 1424 potest
1383 1377 1439 1407 ex
1461 1361 1658 1409 Domini
1681 1360 1833 1423 verbis
1856 1362 1979 1426 apud
2003 1363 2192 1413 Matth:
2216 1381 2293 1414 κη
2311 1385 2327 1414 ε
2355 1371 2432 1427 24'

409 1431 468 1479 ad
508 1447 583 1495 30.
643 1431 692 1477 ὅτ
736 1431 866 1494 quod
910 1444 1049 1477 nemo
1090 1429 1225 1509 poffit
1272 1426 1454 1476 duobus
1497 1427 1705 1479 dominis?
1744 1427 1925 1488 servire,
1983 1430 2143 1479 Matth
2163 1450 2173 1479 :
2211 1440 2266 1479 v'1
2289 1450 2300 1480 :
2339 1426 2433 1494 αφ’

410 1498 546 1547 Luc:
573 1512 691 1545 xv1:
723 1514 742 1546 1
785 1532 795 1543 .
1075 1526 1089 1535 s

484 1580 623 1629 1750.
661 1514 807 1626 di
831 1580 887 1611 ne
911 1562 1049 1618 dicas,
1084 1577 1175 1625 ego
1198 1559 1340 1608 ditavi
1364 1560 1646 1617 Abramum,
1677 1559 1905 1624 *significet
1923 1561 2055 1625 quod
2072 1562 2182 1612 vinde
2202 1564 2316 1613 nihil
2347 1563 2422 1614 us-

410 1647 549 1695 quam
571 1629 744 1678 roboris
756 1631 982 1686 Domino,
1019 1628 1219 1676 constare
1243 1626 1391 1692 potest
1430 1643 1458 1674 a
1494 1627 1821 1692 significatione
1843 1627 1993 1686 ditari,
2011 1629 2158 1692 ‘quod
2188 1629 2243 1678 fit
2264 1633 2420 1696 acqui-

410 1714 505 1745 rere
528 1698 777 1761 potentiam
809 1698 859 1746 &
891 1694 1059 1745 robur:
1096 1693 1196 1743 haec
1219 1693 1463 1759 quomodo
1484 1692 1526 1743 se
1548 1693 1731 1752 habent,
1765 1693 1938 1751 constat
1960 1693 2017 1743 ab
2047 1695 2134 1744 illis
2155 1712 2263 1761 quae
2295 1715 2419 1747 nunc

412 1765 533 1811 dista
556 1763 671 1811 sunt.
2249 1767 2264 1775 '⁴
2421 1789 2427 1793 ⁴

486 1847 502 1878 1
515 1846 623 1896 751.
659 1829 782 1879 Vers
790 1849 801 1880 ε
828 1846 904 1891 24.
941 1831 1114 1880 Praeter
1144 1839 1314 1878 tantum
1347 1827 1459 1893 quod
1488 1827 1752 1878 comederunt
1777 1830 1919 1893 pueri,
1953 1829 2012 1880 (θ’
2036 1832 2273 1892 portionem
2295 1834 2426 1880 viro-

408 1914 521 1954 rum,
556 1898 627 1962 qui
649 1902 824 1947 iverunt
846 1912 1017 1954 mecum,
1051 1897 1186 1954 Amr,
1222 1895 1381 1959 Esckol
1414 1895 1471 1944 (β’
1495 1899 1689 1954 Ilffamre,
1719 1896 1774 1944 hi
1794 1898 2002 1959 accipient
2025 1899 2263 1959 portionem
2273 1899 2434 1963 suam.'

409 1966 581 2014 Praeter
599 1975 777 2014 tantum
802 1964 929 2029 quod
951 1962 1254 2011 comederunt
1274 1963 1419 2027 pueri,
1444 1962 1666 2025 fignificat
1686 1963 1830 2026 bonos
1846 1963 2024 2027 spiritus
2039 1981 2055 2013 ε
2089 1965 2141 2012 &
2155 1966 2434 2029 portionem‘

409 2033 614 2078 virorum
651 2033 731 2095 qui
765 2032 948 2077 iverunt
982 2045 1182 2087 mecum,
1223 2029 1446 2093 fignificat
1470 2028 1545 2075 illa
1567 2045 1674 2094 quae
1697 2030 1819 2095 apud
1843 2046 1950 2078 eos:
1986 2031 2037 2079 hi
2057 2032 2279 2098 accipient
2308 2034 2432 2097 por-¹

411 2099 583 2146 tionem
608 2097 749 2155 suam,
785 2096 1009 2160 fignificat
1031 2096 1160 2159 quod
1184 2095 1281 2143 dati
1301 2095 1405 2162 fint.
1420 2095 1468 2143 in
1492 2095 1674 2144 illorum
1700 2096 1980 2162 potestatem.
2459 2101 2461 2103 ’

482 2181 498 2211 1
513 2179 643 2227 752..
658 2166 829 2212 Praeter
850 2175 1030 2211 tantum
1052 2162 1180 2226 quod
1216 2163 1514 2214 comederunt
1535 2163 1690 2226 pueri,
1725 2163 1852 2224 quod
1876 2162 2101 2226 significet
2120 2161 2264 2211 bonos
2288 2161 2415 2227 spiri·
2434 2197 2438 2200 »

410 2237 500 2288 tu5‚
537 2230 708 2279 constat
730 2230 785 2278 ab
808 2229 893 2277 illis
916 2245 1022 2293 quae
1044 2229 1327 2292 praecedunt,
1360 2227 1582 2278 &abillis
1595 2242 1702 2291 quae
1716 2226 2052 2291 consequuntur
2070 2249 2086 2284 ;
2119 2228 2179 2276 ab
2200 2229 2289 2276 illis
2305 2245 2414 2293 quae

446 2296 705 2354 raecedunt,.
732 2296 862 2360 supra
898 2297 956 2343 ad
980 2294 1109 2343 vers:
1140 2313 1212 2359 13·
1249 2306 1560 2342 memorantur
1570 2295 1783 2351 Mamm,
1821 2292 1995 2343 Efckol
2030 2294 2083 2344 δι’.
2105 2293 2249 2352 A'ner,
2285 2295 2425 2359 quod

409 2315 576 2412 Roerint
593 2360 898 2410 socii'foederis
915 2361 1127 2417 Abrami,
1151 2360 1318 2424 quibus
1333 2361 1608 2424 fignificatus
1630 2360 1767 2408 status
1781 2360 2030 2414 Rationalis
2045 2360 2243 2409 hominis
2258 2362 2414 2426 quoad

409 2430 667 2478 Externum
690 2429 900 2484 Domini,
937 2425 1032 2492 ejus
1055 2426 1173 2475 bona
1195 2428 1245 2475 &
1269 2443 1376 2474 vera
1397 2427 1544 2491 qualia
1566 2426 1716 2483 essent,
1751 2427 1802 2475 ὅτ
1825 2427 1891 2475 fic
1907 2428 2140 2492 quodper
2154 2428 2254 2476 illos
2270 2429 2412 2493 figni-

409 2497 531 2544 ficati
554 2496 649 2544 fint
663 2495 861 2559 Angeli„
888 2495 967 2558 qui
981 2492 1171 2554 ‘fuerunt
1195 2508 1303 2541 cum
1320 2494 1527 2541 Domino
1551 2509 1658 2541 cum
1681 2495 1923 2557 pugnavit,
1957 2494 2011 2549 ut
2034 2494 2090 2542 ab
2110 2496 2422 2560 explicatione

410 2563 472 2611 ibi
496 2574 647 2627 patet:
685 2563 808 2610 idem
833 2561 1003 2609 constat
1026 2576 1082 2607 ex
1105 2559 1189 2607 illis
1210 2575 1316 2623 quae
1341 2559 1694 2624 cbnsequuntur,
1728 2572 1782 2608 ut
1818 2577 1930 2609 mox
1962 2560 2156 2625 patescet
2173 2580 2190 2610 τ
2221 2562 2296 2611 hic
2327 2563 2418 2627 qui»

411 2631 590 2677 iverunt
613 2634 722 2677 cum
740 2628 973 2684 Abramo,¹
1002 2627 1216 2674 dicuntur
1240 2628 1385 2695 pueri,
1420 2642 1501 2691 per
1523 2643 1638 2691 quos
1673 2643 1771 2676 non
1806 2626 1883 2674 alii,
1904 2627 2233 2690 intelliguntur,
2266 2644 2419 2692 quam-

410 2697 601 2759 Spiritus
624 2695 757 2752 boni,
796 2707 841 2743 at
876 2710 956 2758 per
976 2694 1114 2750 viros,
1149 2693 1207 2741 de
1230 2693 1403 2758 quibus.
1428 2709 1557 2750 mox,
1593 2694 1793 2757 Angeli:
1827 2685 1955 2757 quod
1978 2693 2144 2741 fuerint
2175 2709 2284 2742 cum
2305 2694 2414 2741 Do.-

409 2763 536 2809 mino
558 2762 743 2825 Angeli,
768 2777 877 2810 cum
901 2761 1125 2824 pugnavit
1148 2773 1304 2808 contra
1320 2758 1517 2817 Inferna,
1536 2759 1708 2807 constat
1719 2777 1780 2807 ex
1793 2760 1963 2817 Verbo,
1981 2765 2085 2807 tum‘
2098 2766 2172 2806 eie·
2185 2776 2256 2816 eo,
2281 2759 2418 2823 quotl=

410 2843 518 2875 cum
543 2829 589 2873 in
613 2830 778 2889 pugnis
801 2829 1101 2874 tentationum
1123 2827 1243 2884 effet,
1279 2843 1375 2876 non
1394 2828 1595 2890 potuerit
1615 2825 1764 2883 aliter,
1791 2842 1930 2890 quam
1952 2825 2078 2888 quod
2096 2826 2270 2889 Angeli
2284 2825 2410 2874 ades-'-

320 2938 339 2953 ,
408 2893 526 2950 sent,
554 2892 718 2955 quibus
740 2895 970 2941 Dominus
1003 2909 1058 2941 ex
1075 2894 1256 2958 propria
1279 2894 1478 2957 potentia
1501 2893 1634 2940 dedit
1646 2894 1744 2940 vim
1775 2893 1824 2939 δε
1854 2891 1974 2954 quasi
1997 2894 2245 2954 potentiam
2269 2892 2415 2940 fimul.

405 2959 659 3024 pugnandi,
697 2974 799 3007 nam
837 2961 984 3006 omnis
1026 2960 1227 3021 potentia
1249 2960 1443 3022 Angelis
1479 2958 1543 3005 est
1577 2975 1603 3005 a
1627 2958 1845 3005 Domino.
1917 2957 2064 3015 Quod
2077 2958 2260 3021 ,A-ngeli
2283 2975 2415 3023 pug—

407 3038 515 3075 nent
539 3038 695 3072 contra
719 3024 875 3080 malos,
911 3024 1107 3071 constare
1130 3024 1276 3087 potest
1299 3026 1354 3071 ab
1373 3024 1590 3086 illisquae
1613 3024 1739 3085 priua
1763 3025 1922 3086 paffirn
1953 3024 2074 3071 dicta
2096 3023 2197 3071 sunt
2220 3025 2275 3071 de
2300 3028 2420 3072 An-‘

405 3091 516 3159 gelis
540 3091 659 3155 apud
685 3091 936 3150 hominem,
961 3091 1087 3151 quod
1112 3101 1315 3136 tutentur
1329 3089 1582 3146 hominem,
1618 3089 1890 3137 &avertant
1914 3090 2044 3147 mala,
2080 3106 2187 3153 quae
2211 3089 2415 3138 inferna-
2435 3132 2439 3137 .

407 3153 464 3208 less
488 3157 665 3226 spiritus
682 3158 928 3214 intentant„
950 3155 1007 3202 de
1030 3155 1196 3225 quibus
1217 3157 1368 3220 print,
1395 3171 1455 3203 n:
1484 3171 1565 3221 50,
1594 3152 1724 3220 227³ss
1745 3161 1868 3214 2282.
1896 3157 2021 3222 6917,
2058 3149 2167 3222 268.
2205 3157 2280 3206 sed
2303 3173 2419 3205 om-·-

1340 3242 1345 3245 ”
1959 3248 1961 3250 ’
2329 3238 2424 3271 '12133
