2788 3736
921 244 1355 342 CAPUT
1448 240 1930 309 No'NUM.
2286 272 2413 337 313

401 386 522 435 Sunt
542 383 620 447 qui
658 398 716 430 ex
741 381 830 430 sola
866 381 1121 430 obedientia
1159 393 1393 430 excercent
1417 381 1639 430 charitatis
1674 398 1824 446 opera,
1860 379 1948 429 hoc
1964 379 2044 438 est,
2080 381 2186 445 quia
2209 383 2270 428 ita
2291 398 2399 430 man

403 453 562 498 datum
612 449 674 497 est
728 466 752 496 a
790 450 1015 502 Domino,
1054 451 1101 495 &
1127 448 1266 512 usque
1302 465 1394 497 non
1418 450 1662 512 regenerati
1686 449 1822 505 sunt3
1859 447 1923 506 hi,
1963 447 1995 495 si
2019 450 2183 496 nonin
2206 447 2421 512 operibus

402 531 582 583 ponunt
599 515 842 580 justitiam,
880 517 926 563 in
950 516 1083 562 altera
1106 517 1202 562 vita
1225 527 1556 581 regenerantur.

470 602 580 649 990.
622 583 701 630 Ad
727 599 880 639 omne,
917 582 1042 646 quod
1083 598 1320 645 prorepere
1363 581 1471 628 facit
1509 581 1693 638 humuS,
1729 581 1856 645 quod
1897 581 2121 645 significet
2160 580 2419 630 affeffiones

400 649 527 707 boni,
565 649 735 698 constat
775 662 872 697 tam
915 649 971 695 ab
1017 648 1103 695 illis
1143 665 1250 711 quae
1290 648 1576 712 prffcedunt,
1621 664 1762 711 quam
1798 665 1824 695 a
1856 647 2182 712 fignificatione
2229 648 2361 696 humi
2395 667 2422 696 e

396 733 488 780 qua
524 717 843 780 producuntur
885 714 959 762 seu
1004 728 1286 778 prorepunt;
1340 714 1396 761 ab
1435 714 1521 762 illis
1568 730 1675 778 quae
1732 715 2018 777 praecedunt,
2077 715 2206 779 quod
2254 715 2317 763 ibi
2358 715 2419 763 de

398 784 528 831 malis
562 785 612 831 &
646 782 760 829 falfis
799 783 971 838 aetum,
1020 781 1150 844 super
1189 798 1296 845 quae
1342 781 1655 829 dominaretur
1693 780 1835 829 homo
1875 794 2174 844 regeneratuS,
2211 781 2284 829 hic
2317 781 2420 830 ideo

399 851 457 896 de
479 850 792 897 affectionibus
816 849 940 904 boni,
975 863 1081 911 quae
1111 850 1150 894 ei
1185 850 1229 896 in
1264 864 1424 896 manus
1449 849 1647 904 dantur,
1684 863 1710 895 a
1732 847 2060 911 fignificatione
2086 848 2231 905 humi,
2267 865 2292 895 e
2330 865 2420 911 qua

396 917 714 980 producuntur
751 914 823 962 seu
849 927 1116 979 prorepunt,
1167 914 1336 976 humus
1371 914 1434 962 est
1478 917 1524 961 in
1569 931 1731 978 genere
1776 914 1919 961 homo
1951 914 2167 961 Ecclesiae
2208 916 2257 960 δε
2289 917 2416 978 quic·
2460 968 2462 970 ¹

394 985 506 1046 quid
537 983 602 1030 est
641 981 870 1037 Ecclefiae‚
906 981 1096 1046 proinde
1118 981 1191 1028 hic
1225 981 1449 1044 quicquid
1483 997 1509 1027 a
1547 982 1758 1028 Domino
1792 997 1875 1045 per
1908 982 2136 1028 internum
2180 979 2417 1030 homin'em

396 1050 667 1114 producitur
688 1052 734 1096 in
759 1060 974 1103 externo,
1011 1047 1099 1110 ipsa
1122 1047 1289 1094 humus
1306 1047 1369 1094 est
1393 1049 1439 1094 in
1464 1060 1650 1095 externo
1681 1048 1882 1104 homine,
1919 1049 1964 1094 in
1989 1045 2084 1111 ejus
2108 1046 2418 1096 affectionibus

397 1118 449 1164 ὅτ
487 1120 533 1164 in
573 1114 666 1179 ejus
701 1115 950 1162 memoria:
990 1116 1096 1177 quia
1128 1126 1314 1178 apparet
1346 1114 1460 1161 ficut
1493 1113 1637 1162 homo
1660 1114 1941 1178 produceret
1979 1113 2115 1171 bona,
2164 1113 2268 1161 ideo
2300 1114 2414 1162 dici·

397 1196 489 1240 tur,
541 1198 677 1230 omne
722 1180 848 1246 quod
873 1180 1041 1227 humus
1088 1196 1327 1245 prorepere
1352 1179 1492 1236 facit;
1553 1181 1628 1229 sed
1660 1181 1721 1228 est
1746 1181 2021 1246 apparentia,
2057 1181 2119 1228 est
2165 1196 2247 1244 per
2284 1181 2419 1229 inter-

395 1266 508 1297 num
546 1249 787 1296 hominum
827 1264 854 1295 a
897 1248 1120 1305 Domino,
1191 1264 1315 1305 nam,
1374 1261 1426 1296 ut
1470 1248 1666 1305 dietum,
1716 1248 1829 1299 nihil
1867 1247 1975 1297 boni
2015 1249 2063 1295 δε
2101 1249 2215 1305 veri,
2273 1247 2353 1295 nifi
2394 1265 2419 1296 a

394 1317 615 1366 Domino.

465 1401 576 1449 991.
616 1382 698 1430 Ad
720 1388 879 1430 omnes
908 1381 1048 1446 pisces
1086 1383 1217 1429 maris
1257 1382 1386 1447 quod
1410 1381 1632 1446 significet
1656 1381 1910 1439 scientifica,
1947 1379 2120 1430 constat
2143 1398 2168 1430 a
2191 1381 2417 1445 significa-

348 1470 357 1475 *
396 1450 519 1497 tione
542 1449 702 1498 Piscis:
739 1448 886 1496 Pisces
910 1451 957 1496 in
980 1449 1136 1496 Verbo
1168 1449 1425 1514 significant
1450 1448 1705 1507 scientifica,
1740 1465 1848 1512 quae
1870 1449 2080 1496 oriuntur
2117 1466 2174 1496 ex
2211 1448 2416 1497 sensuali-

396 1516 512 1572 bus;
548 1515 648 1564 sunt
666 1517 787 1563 enim
813 1515 1000 1580 triplicis
1018 1517 1192 1579 generis
1210 1516 1465 1573 scientifica,
1492 1516 1819 1574 intellectualia,
1842 1515 2084 1572 rationalia,
2121 1517 2167 1563 δι
2194 1514 2415 1574 sensualia,

395 1585 549 1630 omnia
587 1583 907 1631 inseminantur
931 1584 1183 1640 memoriae,
1221 1581 1294 1630 seu
1321 1585 1490 1646 potius,
1527 1584 1779 1644 memoriis,
1814 1583 1865 1630 ac
1889 1584 1935 1629 in
1963 1595 2224 1646 regenerato
2249 1583 2363 1631 inde
2391 1600 2417 1631 a

394 1650 603 1698 Domino
625 1666 707 1717 per
729 1652 957 1697 internum
991 1649 1227 1698 hominem
1257 1662 1532 1705 evocantur;
1570 1649 1668 1697 haec
1693 1649 1935 1697 scientifica
1957 1666 2063 1713 quae
2085 1666 2111 1696 a
2126 1648 2412 1707 sensualibus,

394 1717 454 1765 ad
487 1716 776 1765 sensationern
820 1714 892 1762 seu
932 1717 1270 1779 perceptionem
1305 1715 1522 1773 hominis,
1572 1732 1681 1763 cum
1718 1716 1837 1762 vivit
1874 1717 1920 1762 in
1962 1731 2170 1779 corpore,
2205 1717 2416 1773 veniunt,

395 1798 503 1832 nam
536 1783 591 1830 ab
631 1783 717 1829 illis
756 1783 962 1844 cogitat·‚
999 1795 1178 1839 caetera,
1213 1797 1320 1845 quae
1360 1782 1571 1829 interiora
1603 1781 1720 1840 sunt,
1759 1781 1850 1829 nOn
1890 1783 1969 1838 ita,
2004 1780 2265 1846 priusquam
2305 1799 2414 1830 exu-

397 1860 470 1895 tus
495 1864 684 1912 corpore
708 1850 755 1894 in
777 1848 958 1895 alteram
983 1850 1127 1895 vitam
1153 1849 1293 1895 venit.
1365 1848 1513 1913 Qod
1533 1846 1680 1896 Pisces
1705 1847 1776 1900 seu
1802 1848 1980 1912 reptilia
2007 1864 2114 1911 quae
2148 1864 2280 1912 aquae
2304 1865 2426 1913 pro-¹

395 1915 588 1972 ducunt,
646 1915 901 1978 fignificent
947 1913 1202 1972 scientifica,
1260 1914 1467 1962 videatur
1499 1916 1642 1979 prius,
1684 1931 1745 1962 n:
1779 1932 1876 1975 40:
1916 1917 1962 1961 δε
2011 1914 2138 1978 quod
2167 1919 2293 1964 cetus
2339 1915 2413 1965 seu

398 1979 569 2028 balaena
592 1982 856 2028 communia
878 1980 1246 2038 sciendficorum,
1283 1999 1344 2031 n:
1371 1998 1462 2042 42:
1500 1984 1554 2031 δι,
1574 1993 1788 2045 praeterea
1824 1980 2027 2029 constare
2066 1980 2211 2045 potest
2249 1981 2306 2029 ab
2347 1983 2415 2031 his

393 2049 441 2093 in
463 2047 619 2096 Verbo
641 2048 781 2103 locis:
820 2047 940 2111 apud
967 2048 1265 2111 Zephaniam,
1304 2054 1338 2075 “
1372 2048 1582 2096 Deficere
1615 2045 1776 2095 faciam
1820 2046 2058 2096 hominem
2102 2050 2148 2094 &
2189 2047 2411 2107 bestiam5

396 2118 430 2141 “
466 2113 658 2162 deficere
690 2113 853 2162 faciam
891 2115 1030 2162 Avem
1055 2114 1260 2171 caelorum,
1296 2115 1345 2163 &
1363 2115 1506 2178 Pisces
1529 2114 1712 2172 maris,”
1750 2131 1798 2163 1:
1828 2131 1869 2178 3.
1918 2115 1998 2162 ubi
2044 2114 2142 2162 avis
2182 2114 2413 2165 coelorum

392 2196 479 2247 pro
523 2181 825 2237 rationalibus,
874 2180 1012 2245 pisces
1057 2182 1190 2228 maris
1225 2197 1310 2245 pro
1353 2181 1639 2229 rationalibus
1675 2179 1978 2240 inferioribus,
2020 2180 2095 2228 seu
2122 2198 2208 2245 pro
2238 2185 2410 2247 cogita-

391 2247 516 2294 tione
553 2247 749 2295 hominis
773 2264 828 2295 ex
843 2247 1102 2295 ,scientificis
1126 2246 1425 2295 sensualibus:
1468 2248 1590 2314 apud
1612 2248 1870 2306 Habakuk,
1918 2253 1952 2275 “
1989 2249 2141 2296 Facies
2173 2247 2408 2296 hominem

394 2316 430 2342 ‘⁶
465 2312 578 2364 ficut
600 2315 740 2377 Pisces
778 2316 925 2371 maris,
975 2314 1089 2362 ficut
1123 2315 1289 2377 reptile,
1325 2316 1400 2362 cui
1433 2332 1526 2363 non
1550 2315 1839 2372 dominans,'’
1888 2330 1937 2363 1:
1971 2332 2043 2376 14.
2080 2312 2225 2363 facere
2258 2315 2407 2363 homi-

393 2394 498 2426 nem
539 2379 654 2427 ficut
698 2379 837 2443 pisces
877 2382 1030 2438 maris,
1066 2397 1152 2445 pro
1188 2380 1366 2445 prorsus
1403 2380 1674 2430 sensualem:
1721 2382 1844 2446 apud
1868 2381 2090 2438 Hoseam,
2132 2387 2166 2408 “
2202 2381 2411 2445 Lugebit

395 2450 430 2471 “
464 2456 593 2501 terra,
637 2446 687 2493 &
726 2446 961 2510 languebit
992 2449 1142 2494 omnis
1181 2448 1380 2495 habitans
1425 2450 1471 2495 in
1510 2465 1576 2506 ea,
1612 2449 1768 2512 quoad
1812 2446 1955 2496 feram
1996 2452 2111 2512 agri,
2160 2450 2210 2496 δε
2255 2449 2408 2512 quoad

394 2515 430 2538 “
463 2528 587 2558 avem
610 2511 815 2569 caelorum,
850 2513 900 2559 ὅτ
923 2515 1058 2559 etiam
1082 2515 1224 2578 Ptjsces
1261 2517 1394 2563 maris
1426 2515 1748 2580 colligentur,”
1794 2531 1868 2561 lv:
1910 2533 1954 2579 3.
1991 2515 2064 2562 hic
2099 2513 2239 2578 pisces
2273 2518 2408 2563 maris

390 2594 476 2644 pro
499 2578 752 2626 scientificis
774 2594 831 2625 ex
853 2577 1151 2629 sensualibus:
1197 2581 1318 2643 apud
1341 2581 1590 2639 Davidem,
1628 2586 1662 2608 “
1697 2582 1874 2631 Omnia
1910 2580 2093 2646 posuisti
2140 2580 2222 2628 sub
2267 2581 2406 2645 pedes

393 2652 427 2676 “
461 2644 620 2709 Ipfius,
671 2644 825 2692 bestias
861 2661 1096 2708 agrorum,
1154 2646 1370 2694 Volucrem
1400 2647 1607 2704 caelorum,
1646 2649 1695 2694 &
1735 2649 1878 2710 Ptsces
1917 2651 2065 2703 maris,
2101 2648 2404 2696 transeuntem

392 2718 430 2743 ‘⁶
459 2713 665 2759 tramites
688 2713 939 2768 Marium,”
976 2711 1156 2760 Psalm:
1193 2727 1334 2760 vm:
1374 2728 1420 2777 7,
1465 2717 1512 2770 8,
1551 2731 1596 2780 9.
1633 2712 1713 2760 ubi
1751 2713 1808 2760 de
1831 2713 2040 2761 dominio
2061 2713 2255 2761 Domini
2279 2713 2406 2775 apud

390 2781 658 2834 hominem;
697 2777 834 2841 pisces
859 2778 993 2825 maris
1017 2795 1103 2842 pro
1126 2777 1411 2834 scientificis;
1461 2780 1587 2841 quod
1627 2780 1767 2826 maria
1795 2779 2048 2842 fignificent
2086 2795 2254 2843 congre
2291 2781 2402 2828 atio-

391 2861 497 2894 nem
536 2844 883 2892 scientificorum
922 2843 996 2892 seu
1043 2845 1380 2908 cognitionum,
1426 2845 1636 2894 videatur
1674 2847 1815 2908 prius,
1857 2848 1917 2892 ni
1947 2851 2023 2894 28.
2059 2845 2181 2910 apud
2205 2846 2249 2893 E
2268 2848 2401 2906 aiam,

394 2918 428 2940 “
463 2909 726 2976 Maerebunt
748 2912 1004 2976 Ptscatores,
1040 2913 1089 2958 δε
1134 2911 1359 2974 lugebunt
1399 2927 1557 2960 omnes
1586 2910 1870 2975 projicientes
1906 2913 1954 2959 in
1987 2913 2160 2961 flumen
2190 2912 2398 2972 hamum,

392 2985 427 3007 “
463 2978 512 3024 ὅτ
557 2977 862 3038 expandentes
898 2990 989 3024 rete
1035 2977 1166 3043 super
1193 2976 1324 3027 facies
1361 2993 1580 3041 aquarum
1625 2977 1962 3041 languescent,”
2006 2995 2124 3028 xix:
2155 2984 2200 3036 8,
2240 2998 2284 3048 9.
2329 2981 2400 3044 pi-

392 3045 580 3092 scatores
626 3058 712 3105 pro
748 3044 831 3099 iis,
867 3045 947 3107 qui
983 3043 1248 3092 sensualibus
1294 3043 1440 3092 solum
1478 3044 1645 3102 fidunt,
1696 3045 1747 3092 ὅτ
1782 3057 1837 3092 ex‘
1874 3045 1927 3092 iis
1972 3043 2075 3094 falsa
2108 3045 2394 3103 excludunt,

392 3109 543 3175 agitur
564 3107 627 3155 ibi
651 3107 707 3154 de
731 3109 942 3173 AEgypto
964 3109 1037 3156 seu
1060 3109 1319 3159 scientifico.

461 3193 570 3242 992·
608 3174 661 3221 In
685 3189 843 3220 manus
870 3173 1032 3222 vestras
1065 3176 1169 3224 data
1207 3175 1356 3232 sunto,
1389 3178 1518 3241 quod
1541 3176 1797 3242 fignific‘ent
1826 3179 1989 3226 interni
2012 3178 2210 3227 hominis
2234 3175 2393 3242 poss‘es-

394 3246 563 3299 fionem
588 3239 711 3305 apud
733 3250 989 3300 externum,
1023 3241 1195 3291 constat
1230 3258 1287 3291 ex
1317 3243 1404 3293 illis
1436 3259 1544 3357 qSuae
1574 3245 1693 3293 diei-a
1724 3244 1858 3301 sunt-,
1895 3246 1945 3294 &
1977 3261 2035 3292 ex
2069 3244 2394 3309 significatione

1522 3326 1542 3358 s
2228 3324 2408 3365 manuS,
