2788 3736
412 191 549 281 546
769 243 776 253 ,
895 179 1021 262 G
1111 175 1505 260 ,ΕΝ-Ε
1595 153 2004 245 313.»

404 324 588 391 paucis,
644 340 752 391 quae
785 332 933 370 tamen
974 332 1117 382 pauca
1155 315 1402 365 involvunt
1444 313 1619 370 omnia,
1642 312 1774 361 ”ficut
1811 304 1949 380 quod'
1972 330 2254 368 memoretur
2281 322 2407 387 apud

334 446 336 449 f
403 396 639 457 Marcum,
674 393 802 452 Cap:
846 405 890 435 1:
935 403 1010 442 12,
1054 382 1129 447 13,
1169 383 1298 448 quod
1320 383 1384 431 ibi
1417 380 1553 429 fuerit
1575 396 1685 429 cum
1710 380 1874 438 bestiis,
1908 398 1990 446 per
2014 389 2125 450 quas
2149 388 2406 452 fignifican-
2446 426 2461 438 e

403 465 480 508 tur'
503 459 673 524 peffimi
696 456 751 503 ab
775 452 977 502 infernali
998 450 1161 507 turba·,
1199 453 1247 501 ὅτ
1271 466 1379 514 quae
1400 449 1505 497 dein
1529 460 1875 506 memorantur,
1891 450 2019 513 quod
2051 468 2079 500 a
2098 453 2279 503 diabolo
2318 451 2408 505 du.)

406 528 502 575 &tus
529 527 657 588 super
679 524 836 586 pinnas
874 519 1054 586 templi,
1087 518 1138 567 ὅτ
1166 517 1296 582 super
1320 528 1528 565 montem
1550 516 1713 572 altum,
1749 514 1852 564 sunt
1875 516 1987 564 nihil
2019 518 2143 566 aliud
2165 536 2304 584 quam
2335 541 2405 573 re-

405 590 715 656 praesentativa
730 589 1090 652 gravissimarum
1112 587 1433 640 tentationum,
1469 599 1581 648 quas
1604 582 1822 632 habuitin
1845 583 2036 642 deserto,
2061 585 2120 634 de
2142 588 2324 650 quibus,
2347 608 2407 642 ex

405 660 576 707 Divina
597 657 792 704 Domini
809 653 1137 707 Misericordia,
1172 654 1219 699 in
1243 650 1540 715 sequentibus.

479 725 615 783 1664.
655 722 802 788 Qod
827 721 950 769 Bella
983 721 1059 768 hic
1074 719 1187 768 nihil
1211 719 1332 766 aliud
1349 718 1606 782 significent
1629 719 1676 766 in
1699 717 1823 767 sensu
1841 719 2034 777 interno,
2070 736 2207 784 quam
2233 738 2412 787 pugnas

405 790 647 855 spirituales
672 790 743 837 seu
758 789 1039 843 tentationes,
1075 788 1197 850 prius
1222 788 1266 833 in
1285 787 1520 850 praemisfis
1540 785 1750 843 dictum3
1786 803 1868 850 per
1883 787 2006 835 Bella
2029 789 2077 835 in
2100 788 2271 853 Verbo,
2320 785 2409 839 im'-

405 859 566 922 primis
589 858 710 921 apud
736 855 982 919 Prophetas
1006 870 1088 902 nec
1113 853 1233 901 aliud
1256 852 1534 916 significatur
1561 875 1576 908 ς
1613 852 1725 900 bella
1759 852 1972 912 humana,
2009 870 2102 902 non
2120 857 2303 919 possunt
2322 858 2410 906 effe

407 926 655 988 quicquam
699 925 746 971 in
776 921 918 970 Verbi
942 922 1142 978 internis,
1179 937 1284 968 nam
1323 919 1428 967 talia
1451 935 1543 966 non
1567 918 1668 966 sunt
1691 918 1930 984 spiritualia
1967 922 2019 969 ὅτ
2053 922 2265 980 coelestia,
2301 940 2410 988 quae

405 993 537 1039 unice
561 990 662 1038 sunt
685 988 827 1037 Verbi
853 1006 865 1036 ε
901 988 1027 1051 quod
1052 1004 1132 1051 per
1155 987 1278 1035 Bella
1300 987 1346 1033 in
1370 986 1526 1033 Verbo
1546 986 1853 1050 significentur
1874 1003 2046 1052 pugnae
2069 1005 2179 1037 cum
2203 990 2407 1048 diabolo,

384 1056 480 1106 ,seu
504 1057 633 1122 quod
657 1056 801 1112 idem,
837 1071 945 1103 cum
981 1053 1173 1111 inferno,
1210 1053 1406 1101 constare
1445 1053 1593 1116 potest
1637 1054 1694 1100 ab
1725 1054 1793 1101 his
1828 1055 1957 1111 locis,
1992 1067 2161 1120 praeter
2182 1063 2227 1104 a'
2252 1057 2409 1106 multis

407 1125 533 1179 aliis;
570 1123 691 1187 apud
717 1122 991 1184 Johannem,
1031 1125 1064 1148 ‘⁶
1101 1122 1218 1168 Sunt
1250 1120 1429 1184 spiritus
1453 1119 1743 1176 daemonum,
1778 1119 1989 1168 facientes
2013 1123 2138 1186 figna
2161 1123 2218 1170 ad
2242 1139 2411 1171 exeun-

410 1196 444 1219 “
479 1191 594 1238 dum
618 1190 675 1236 ad
699 1204 823 1250 reges
833 1193 970 1234 'terrae
993 1189 1041 1233 ὅτ
1066 1187 1188 1233 orbis
1199 1199 1420 1232 terrarum
1444 1187 1601 1242 totiuS,
1637 1185 1693 1232 ad
1716 1187 2094 1251 congregandum
2118 1189 2218 1236 illos
2243 1191 2289 1237 in
2313 1190 2413 1239 Bel-

409 1262 443 1297 ‘-‘
478 1257 564 1304 lum
588 1252 675 1302 diei
699 1254 816 1300 illius
835 1253 990 1315 magni
1011 1253 1100 1300 Dei
1122 1251 1519 1314 OmnipotentiS,”
1554 1252 1723 1315 Apoc:
1762 1267 1882 1300 xv1:
1926 1271 1999 1314 14.
2035 1254 2114 1302 ubi
2130 1255 2318 1319 quisque
2345 1258 2412 1304 vi-

409 1323 513 1371 dere
537 1320 700 1386 potest,
735 1319 863 1384 quod
888 1336 980 1366 non
1006 1318 1177 1366 bellum
1194 1318 1319 1366 aliud
1342 1317 1415 1364 die
1432 1326 1603 1380 magno
1623 1319 1709 1365 Dei
1731 1317 2078 1383 omnipotentis
2102 1321 2382 1384 significetur
2399 1341 2414 1372 ε

408 1387 786 1453 αρυᾴΕυηάεῐη,
825 1391 858 1413 “
885 1384 1046 1442 Bestia,
1072 1400 1178 1449 quae
1203 1383 1400 1432 ascendit
1425 1400 1483 1430 ex
1504 1384 1673 1446 abyffo,
1697 1382 1830 1432 faciet
1843 1385 2022 1443 Bellum,
2049 1388 2229 1451 Apoc:
2254 1404 2307 1434 xi
2329 1406 2341 1437 ε
2370 1405 2415 1454 7.

409 1456 489 1503 ubi
538 1452 714 1518 abyffus
750 1452 814 1500 est
854 1450 1084 1500 infernum
1105 1469 1116 1499 :
1155 1451 1280 1514 apud
1325 1450 1562 1506 Eundem,
1601 1455 1636 1477 “
1669 1451 1812 1498 Iratus
1858 1452 1998 1500 draco
2044 1466 2202 1502 contra
2253 1454 2417 1502 mulie-⁶

410 1526 445 1549 “
475 1537 596 1583 ¹rem,
633 1521 682 1567 ὅτ
705 1518 847 1566 abivit
870 1530 923 1566 ut
967 1516 1317 1566 faceret2Bellum
1340 1533 1448 1564 cum
1496 1516 1679 1580 reliquis
1725 1516 1903 1565 seminis
1941 1516 2052 1582 ejus,
2089 1523 2171 1584 qui
2203 1520 2418 1569 tenebant

410 1592 446 1615 “
460 1638 464 1645 ,
480 1586 689 1635 mandata
703 1587 809 1643 Dei,
845 1585 896 1632 &
910 1583 1075 1632 habent
1091 1582 1527 1644 testimonium-Jesu
1545 1582 1762 1640 Christi,”
1781 1585 1919 1647 Apoc
1938 1602 1950 1632 z
1988 1601 2063 1632 xu
2083 1603 2095 1633 ε
2139 1604 2157 1635 1
2169 1602 2210 1647 7.
2237 1588 2415 1636 Datum

410 1658 445 1681 “
480 1655 520 1700 ei
543 1652 606 1701 est
630 1651 771 1703 facere
808 1651 970 1701 Bellum
1004 1666 1113 1701 cum
1136 1649 1343 1704 sanffis?
1364 1650 1535 1713 Apoc:
1571 1664 1707 1697 xi-n:
1748 1664 1790 1713 7.
1816 1665 1923 1713 quae
1962 1649 2078 1698 bella
2113 1654 2268 1700 omnia
2314 1653 2422 1701 sunt

407 1736 596 1785 pugnae,
631 1718 783 1782 quales
797 1718 1113 1774 tentationum.
1187 1716 1306 1765 Bella
1323 1731 1486 1779 regum
1513 1715 1718 1764 meridiei
1740 1717 1791 1763 ὅτ
1814 1716 2144 1781 septentrionis,
2181 1720 2232 1767 ὅτ
2255 1732 2419 1767 caetera

410 1786 531 1850 apud
555 1785 812 1842 Danielem,
839 1785 977 1848 Cap:
1013 1800 1075 1833 x:
1110 1783 1162 1832 ὅτ
1200 1798 1284 1831 x1:
1320 1795 1421 1830 tum
1443 1799 1551 1847 quae
1596 1781 1654 1830 de
1700 1783 1927 1831 Michaele
1958 1784 2093 1832 Dan:
2114 1801 2177 1834 x:
2225 1804 2241 1833 ι
2254 1804 2297 1847 3,
2338 1793 2422 1836 21'.

411 1855 510 1917 Cap
536 1869 546 1896 :
583 1868 659 1899 xii
682 1870 693 1900 :
739 1870 776 1899 1.
803 1853 941 1915 Apoc
958 1867 1033 1898 ΧΠ
1052 1886 1063 1898 .
1093 1867 1140 1916 7,
1176 1867 1260 1898 nec
1283 1850 1367 1899 alia
1398 1849 1531 1898 sunt:
1566 1849 1693 1914 quod
1732 1850 1858 1898 Bella
1880 1867 1972 1898 non
1996 1851 2120 1898 aliud
2147 1852 2421 1916 significent,

409 1936 472 1978 ex¹
488 1920 660 1971 caeteris
677 1918 908 1982 prophetis
926 1931 1118 1981 >quoque
1141 1917 1330 1974 constat,
1365 1929 1419 1964 ut
1434 1916 1555 1980 apud
1576 1917 1880 1976 Ezechielem,
1919 1923 1954 1946 ‘⁶
1967 1919 2080 1966 Non
2097 1917 2349 1966 ascendistis
2373 1919 2422 1967 in'

413 1991 447 2013 “
483 1997 706 2049 rupturas,
745 1988 802 2032 ὅτ.
819 1983 1034 2048 sepivistis
1049 1983 1198 2047 sepem
1221 2000 1308 2048 pro
1330 1984 1475 2032 do'mo
1497 1983 1681 2040 IsraeliS,
1717 1984 1773 2032 ad
1798 1984 2009 2032 standum
2041 1987 2088 2032 in
2113 1985 2229 2034 Bello
2270 1987 2316 2033 in
2341 1986 2417 2033 die

410 2058 443 2080 “
480 2052 722 2114 Jehovae,”
744 2067 844 2098 xiii
868 2069 878 2099 :
919 2068 962 2113 5.
988 2051 1068 2097 ubi
1107 2051 1166 2098 de
1211 2051 1474 2114 prophetis:
1510 2053 1632 2114 apud
1649 2049 1843 2109 Esaiam,
1872 2057 1904 2079 “
1922 2053 2232 2110 Contundent,
2241 2052 2423 2116 gladios

413 2124 447 2146 “
483 2120 529 2165 in
552 2118 742 2182 ligones,
780 2119 827 2164 ὅτ
853 2116 992 2164 hastas
1016 2116 1110 2164 suas
1134 2118 1180 2165 in
1204 2115 1356 2178 falces,
1392 2133 1485 2165 non
1508 2117 1637 2166 tollet
1659 2134 1771 2181 gens
1795 2131 1952 2166 contra
1981 2132 2165 2182 gentem
2190 2119 2424 2182 gladium,

414 2190 448 2212 “
483 2185 532 2232 ὅτ
568 2200 661 2231 non
685 2183 853 2232 discent
875 2184 1072 2246 amplius
1091 2184 1306 2241 Bellum,’'
1336 2201 1412 2232 11:
1461 2202 1508 2244 4.
1533 2184 1613 2230 ubi
1649 2183 1879 2230 manifeste
1910 2185 2039 2246 quod
2063 2184 2146 2230 alia
2171 2183 2287 2230 bella
2324 2185 2418 2230 non

412 2251 738 2314 significentur,
775 2250 1097 2314 consequenter
1119 2250 1247 2313 quod
1271 2266 1352 2313 per
1375 2250 1669 2297 instrumenta
1692 2247 1813 2304 belli,
1851 2260 1903 2295 ut
1925 2264 2008 2311 per
2029 2249 2224 2311 gladios,
2261 2249 2422 2306 hastas,-

414 2318 598 2380 clypeos
644 2319 693 2364 &
739 2317 886 2381 plura,
925 2317 1037 2373 nihil
1081 2316 1201 2363 aliud
1235 2318 1283 2363 in
1306 2316 1480 2371 Verbo,
1517 2330 1657 2379 quam
1680 2330 1786 2378 quae
1823 2314 1924 2361 sunt
1955 2315 2118 2361 'talium
2160 2314 2416 2363 bellorum:

414 2383 536 2446 apud
562 2383 816 2438 Eundem,
847 2387 888 2409 “
914 2382 1118 2429 Obviam
1152 2382 1314 2428 sitienti
1346 2380 1517 2429 adferte
1560 2397 1712 2444 aquas,
1745 2381 2012 2429 habitatores
2051 2393 2184 2428 terrae
2216 2382 2419 2441 Thema,

414 2455 458 2481 “>
485 2465 594 2497 cum
618 2465 731 2512 pane
754 2446 849 2511 ejus
873 2449 1123 2512 praevenite
1145 2452 1426 2512 vagantem,¹
1445 2464 1548 2495 nam
1567 2464 1720 2494 coram
1744 2447 1906 2511 gladiis
1923 2447 2226 2511 vagabuntur,
2263 2454 2418 2496 coram

415 2520 450 2544 ‘⁸
484 2515 639 2579 gladio
661 2513 859 2571 extenso,
897 2516 943 2562 &
969 2531 1124 2562 coram
1140 2531 1246 2562 arcu
1269 2526 1469 2569 extent0,
1484 2573 1488 2578 A
1506 2515 1556 2562 ὅτ
1580 2530 1733 2562 coram
1757 2517 1977 2578 gravitate
1994 2515 2152 2572 Belli‚'’
2177 2531 2260 2562 xxx
2280 2534 2291 2562 :
2336 2532 2417 2576 14,

420 2599 477 2644 15
500 2601 512 2630 z
547 2582 668 2645 apud
684 2582 946 2642 Jeremiam,
985 2586 1018 2608 “
1044 2581 1127 2629 Ad
1149 2581 1292 2629 filiam
1315 2582 1474 2629 Zionis
1495 2582 1678 2628 venient
1714 2581 1929 2645 pastoreS,
1960 2582 2010 2629 &
2034 2597 2195 2645 greges
2234 2597 2419 2637 eorum,

416 2655 450 2675 “
486 2648 628 2711 figent
652 2649 708 2694 ad
731 2647 856 2695 illam
895 2649 1085 2695 tentoria
1107 2649 1417 2705 circumcirca,
1454 2646 1691 2711 depascent
1713 2646 1900 2711 quisque
1933 2648 2126 2711 spatium
2150 2647 2281 2695 suum
2303 2647 2423 2709 ,sa->
2463 2701 2466 2704 Δ

415 2720 449 2741 “
485 2727 601 2761 crate
625 2727 786 2762 contra>
801 2714 925 2761 illam
944 2715 1126 2778 Bellum„
1159 2714 1324 2778 surgite
1348 2716 1398 2762 &
1421 2714 1712 2763 ascendamus
1731 2715 1778 2760 in
1802 2714 2041 2771 meridie,''⁴
2064 2729 2118 2760 vi
2144 2732 2154 2760 :
2195 2731 2240 2778 3,
2277 2729 2326 2772 4,
2369 2729 2420 2774 5..

413 2780 492 2826 ubi
517 2797 607 2827 non
631 2781 753 2827 aliud
786 2781 975 2837 bellum,
1011 2783 1119 2844 quia
1142 2794 1298 2829 contra
1337 2781 1478 2828 filiam
1521 2781 1696 2837 ZioniS,
1732 2780 1834 2827 hocv
1857 2780 1935 2836 est,
1972 2778 2252 2827 Ecclefiam:
2289 2778 2414 2841 apud

416 2845 647 2901 Eundem,
687 2853 721 2873 “
746 2848 1006 2910 Quomodo
1030 2865 1122 2895 non
1147 2848 1296 2895 relicta
1311 2848 1381 2894 ⁴est
1411 2846 1518 2894 urbs
1542 2846 1703 2904 laudis,
1749 2845 1857 2903 urbs
1887 2844 2041 2908 gaudii
2070 2845 2178 2900 mei,
2216 2844 2320 2891 ideo
2344 2858 2420 2891 caa

419 2916 452 2938 “
487 2910 799 2973 dentjuvenes
837 2912 931 2977 ejus
971 2915 1017 2961 in
1030 2915 1198 2977 *plateis
1233 2913 1347 2978 ejus,
1382 2915 1434 2961 ὅτ
1457 2929 1616 2960 omnes
1648 2915 1741 2959 viri
1775 2911 1885 2958 Belli
1913 2909 2227 2962 exscindentur
2264 2913 2309 2957 in
2344 2911 2425 2958 die
2455 2904 2467 2974 J

418 2982 452 3004 “
487 2975 616 3033 illo‚”
664 2993 810 3025 xmx:
872 2996 954 3041 25,
1007 2981 1069 3028 26
1131 2980 1238 3028 urbs
1283 2980 1428 3027 laudis
1474 2980 1525 3026 ὅτ
1567 2978 1722 3040 gaudii
1762 2988 1847 3039 pro
1886 2975 1972 3023 illis
2016 2993 2121 3039 quae
2161 2977 2377 3024 Ecclefiae
2401 3001 2423 3035 3

415 3044 501 3090 viri
534 3042 638 3090 belli
685 3059 770 3105 pro
817 3043 903 3090 illis
940 3046 1021 3107 qui
1068 3058 1315 3109 pugnant:
1352 3044 1475 3106 apud
1513 3042 1794 3098 Hoscheam,
1845 3047 1879 3068 ‘⁶
1915 3044 2112 3089 Feriam*
2135 3043 2221 3090 illis
2261 3042 2425 3098 foedus-

419 3115 453 3136 “
489 3111 535 3156 in
581 3109 654 3170 die
711 3108 796 3155 illo
837 3125 950 3155 cum*
986 3108 1076 3157 fera
1114 3114 1235 3174 agri,
1288 3111 1338 3157 ὅτ
1387 3125 1497 3156 eum
1541 3123 1624 3155 ave
1670 3109 1916 3166 coelorum,
1974 3111 2022 3157 ὅτ
2079 3125 2139 3161 rev,
2159 3109 2228 3158 tili
2275 3110 2430 3169 humi,

425 3181 459 3204 ‘⁶
512 3176 560 3222 &
598 3191 774 3231 arcum,
816 3175 865 3222 ὅτ
901 3174 1127 3238 gladium,
1177 3179 1226 3224 ὅτ
1248 3176 1412 3224 Bellum
1457 3167 1662 3236 frangam
1703 3174 1761 3222 de
1796 3188 1928 3233 terra,
1969 3177 2020 3224 &
2060 3175 2223 3223 cubare
2258 3171 2421 3223 faciam

412 3237 466 3272 '‘v‘
503 3241 993 3306 illospconfidenterss’,
1056 3258 1133 3291 11:
1190 3246 1264 3291 18-
1320 3241 1400 3289 ubi
1453 3240 1654 3288 similiter
1708 3242 1822 3290 sicut
1881 3241 2052 3289 bellum
2107 3258 2192 3306 pro
2237 3243 2432 3307 pugnis,

2306 3322 2432 3356 arma

2766 2029 2788 2120 ’Ῥῖλ
