2788 3736
395 174 530 252 ,552
712 123 1961 216 .cJENEs11⁴5›’.w

389 284 455 333 est
487 283 658 349 sphaera
677 295 837 330 eorum
876 293 983 340 quae
1013 278 1147 334 talis·‚
1183 287 1236 324 ut
1259 276 1466 340 primum
1514 275 1688 342 aliquid
1721 279 1819 327 veri
1855 282 2074 342 evocatur
2112 282 2170 332 ab
2193 282 2411 349 Angelis,
2503 299 2505 301 ’

390 350 457 399 illi
480 350 697 400 suffocant
728 348 778 395 ὅτ
800 344 1126 408 exstinguunt;
1163 343 1307 393 homo
1336 343 1483 408 potest
1514 345 1803 409 appercipere
1837 362 1954 395 num
1977 365 2004 397 a
2023 350 2186 399 talibus
2210 354 2405 415 regitur,

392 433 478 483 per
498 417 546 465 id
563 415 726 470 solum,
766 411 800 458 fi
823 425 929 458 vera
950 409 1092 459 Verbi
1124 422 1256 475 putat
1278 408 1384 460 falsa
1401 411 1502 467 esse,
1539 412 1589 460 &
1610 409 1653 459 se
1676 411 1936 471 confirmat,
1971 425 2025 462 ut
2047 431 2140 464 non
2161 418 2288 466 aliter
2307 416 2410 483 pos-

396 484 452 533 fit
474 483 627 530 videre
645 503 665 536 .;
698 491 809 526 tunc
832 476 933 525 satis
954 488 1105 531 >certus
1128 477 1213 525 effe
1236 478 1398 542 potest,
1434 477 1564 542 quod
1587 477 1694 526 tales
1717 477 1899 543 spiritus
1922 480 2046 545 apud
2068 482 2201 531 illurn
2223 484 2327 542 sint,
2364 485 2414 533 &

342 547 344 549 “
396 548 523 614 quod
570 545 899 602 dominentur;
951 544 1154 593 similiter
1187 543 1271 601 illi,
1315 546 1402 609 ‘qui
1439 544 1521 592 fibi
1560 544 1845 609 persuadent,
1879 562 2020 595 omne
2042 549 2415 599 emolumentum

399 614 641 681 proprium
665 610 748 660 effe
773 611 951 660 bonum
974 627 1242 670 commune,
1277 611 1327 659 ὅτ
1362 626 1454 659 non
1492 610 1617 659 aliud
1648 627 1736 677 pro
1773 615 2017 662 communi
2041 613 2166 663 bono
2189 626 2417 679 reputant,

401 696 543 745 quam
565 678 694 744 quod
716 678 854 727 etiam
879 680 1118 743 proprium
1145 678 1215 736 fit,
1252 677 1431 742 spiritus
1456 677 1564 726 mali
1601 679 1727 743 apud
1749 695 1858 728 eum
1882 691 1953 728 tot
1977 681 2294 729 confirmantia
2317 681 2422 746 sug·

403 759 585 811 gerunt,
622 758 674 794 ut
709 762 802 794 non
825 745 953 793 aliter
974 745 1154 800 videat;
1189 746 1270 808 qui
1304 744 1412 793 tales
1444 742 1561 802 sunt,
1601 757 1656 793 ut
1691 760 1831 795 omne
1870 748 2113 812 proprium
2140 747 2338 813 spectant
2369 759 2433 797 ut<

405 829 655 862 commune
683 812 877 868 bonum,
913 823 992 858 aut
1014 811 1227 859 obvelant
1263 811 1423 875 specie,
1465 811 1593 874 quod
1623 811 1679 859 fit
1699 828 1951 862 commune
1986 815 2180 873 bonum,
2218 815 2265 862 in
2292 814 2424 863 altera

407 882 502 928 vita
533 878 735 928 similiter
765 877 939 927 faciunt
968 878 1122 941 quoad
1158 893 1409 927 commune
1442 877 1619 927 bonum
1660 879 1723 928 ibi
1749 895 1761 927 ε
1819 880 1947 944 quod
1987 881 2087 929 talis
2126 881 2181 930 fit
2221 881 2421 928 influxus

406 947 651 1012 spirituum
697 945 820 1010 apud
865 944 1119 1003 hominem,
1177 960 1236 994 ex
1274 946 1491 993 continua
1527 946 1801 1011 experientia
1829 947 1888 995 ad
1926 948 2111 1007 vivum,
2159 947 2321 996 datum
2360 944 2426 997 est

411 1014 548 1063 noffe.
1275 1039 1286 1045 -<
2371 1014 2374 1015 ⁷

496 1077 636 1145 1674.
672 1076 796 1127 Vers
805 1097 815 1126 :
838 1075 882 1126 6.
921 1080 987 1127 Et
1005 1079 1220 1127 Choritas
1240 1080 1286 1126 in
1303 1089 1444 1127 monte
1454 1094 1595 1128 eorum
1618 1080 1727 1137 Scir,
1751 1081 1876 1142 usque
1892 1081 2109 1142 Elparan,
2134 1070 2225 1146 'qtaeae
2242 1081 2370 1148 super
2384 1081 2430 1128 in

415 1147 635 1211 desertum.
679 1146 889 1192 Choritas
913 1146 959 1191 in
988 1156 1145 1192 monte
1167 1160 1328 1192 eorum
1351 1143 1464 1201 Seir⁰‚
1499 1144 1726 1208 fignificat
1747 1145 2044 1207 persuasiones
2067 1146 2163 1195 falfi
2184 1163 2241 1197 ex
2276 1162 2430 1197 amore

416 1212 512 1263 sui:
550 1211 688 1275 usque
709 1210 907 1274 Elparan
942 1225 1048 1273 quae
1071 1207 1203 1272 super
1226 1210 1273 1256 in
1298 1208 1542 1266 desertum,
1578 1209 1802 1273 fignificat
1823 1212 2145 1276 extensionem.

492 1277 582 1344 167
589 1283 639 1342 5(
669 1276 877 1324 Choritas
902 1276 948 1323 in
972 1286 1129 1323 monte
1146 1291 1308 1323 eorum
1332 1275 1446 1333 Seir,
1482 1274 1612 1339 quod
1634 1275 1859 1340 significet
1881 1276 2177 1341 persuasiones
2210 1278 2300 1329 salli
2324 1295 2432 1343 quae

415 1362 477 1396 ex
501 1360 654 1392 amore
677 1342 758 1399 sui,
795 1342 966 1390 constat
988 1357 1048 1390 ex
1070 1341 1397 1406 significatione
1420 1341 1733 1399 Choritarum,
1770 1343 1822 1391 ὅτ
1853 1359 1911 1390 ex
1949 1343 2274 1408 significatione
2298 1346 2395 1393 Scir
2415 1367 2433 1401 3v

420 1411 550 1476 quod
573 1411 779 1459 Choritas
802 1410 976 1466 attinet,
1012 1406 1196 1456 fuerunt
1228 1408 1295 1456 illi
1317 1409 1398 1472 qui
1419 1408 1675 1456 habitarunt
1714 1409 1761 1456 in
1785 1421 1942 1458 monte
1966 1411 2079 1469 Scir,
2115 1423 2169 1460 ut
2191 1410 2364 1460 constat
2378 1404 2436 1459 'e'x

420 1477 594 1527 Genes:
610 1491 757 1524 xxxvx
774 1494 783 1524 :
808 1480 853 1534 8,
870 1477 947 1522 204
958 1473 1053 1537 seq:
1074 1472 1338 1522 ubiEsavus
1352 1473 1590 1537 quidiekus
1600 1473 1757 1522 Edom
1773 1496 1788 1531 ς
1802 1490 1883 1538 per
1895 1474 2098 1524 Esavum
2108 1476 2182 1525 seu
2192 1478 2435 1526 Edomum

423 1544 704 1609 significatur
718 1543 764 1590 in
781 1543 984 1606 genuino
1000 1539 1124 1589 sensu
1136 1542 1363 1590 Dominus
1377 1540 1528 1605 quoad
1537 1541 1810 1588 Humanam
1818 1540 1962 1605 Ipfius
1972 1542 2234 1601 Effentiam,
2254 1545 2304 1592 &
2317 1560 2432 1608 quo-

425 1628 515 1675 que
532 1626 612 1675 per
625 1608 829 1659 Esavum
839 1607 912 1655 seu
926 1608 1168 1656 Edomum
1185 1604 1543 1671 repraesentatur,
1562 1617 1615 1653 ut
1629 1606 1787 1655 multis
1803 1606 2003 1656 constare
2016 1609 2163 1673 potest
2178 1621 2272 1657 tarn
2287 1625 2344 1658 ex
2367 1610 2437 1658 hi-

428 1677 601 1726 storicis
618 1691 757 1739 quam
772 1690 831 1722 ex
850 1674 1125 1739 propheticis
1134 1673 1294 1731 Verbi,
1313 1673 1370 1721 de
1386 1672 1570 1738 quibuS‚
1594 1673 2034 1722 exDivinaDomini
2042 1673 2370 1734 Misericordia,
2389 1678 2436 1724 in

428 1742 725 1808 sequentbus;
760 1743 812 1790 ὅτ
828 1742 934 1805 quia
955 1757 1034 1805 per
1047 1740 1255 1790 Choritas
1271 1739 1700 1805 repraesentabantur
1722 1739 1789 1788 illi
1808 1741 1891 1804 qui
1914 1741 1962 1789 in
1976 1739 2330 1808 persuasionibus
2343 1741 2438 1791 falfi

430 1810 549 1867 sunt,
566 1810 613 1857 ὅτ
633 1807 994 1874 repraesentativa
1010 1808 1088 1855 illo
1112 1820 1319 1872 tempore
1342 1807 1574 1855 actualiter
1589 1806 1849 1864 existebant,
1874 1807 1980 1856 ideo
2001 1824 2186 1874 quoque
2209 1808 2352 1857 fimile
2370 1825 2438 1858 re-

430 1876 752 1942 praesentatum
769 1873 857 1922 fuit
880 1891 959 1938 per
974 1875 1041 1932 id,
1057 1875 1183 1939 quod
1200 1873 1336 1923 Esavi
1359 1873 1525 1938 posteri
1547 1873 1803 1938 expulerint
1823 1874 2034 1923 Choritas
2047 1892 2071 1924 e
2086 1887 2244 1924 monte
2254 1876 2366 1932 Seir,
2382 1876 2441 1923 de

434 1942 603 2006 quibus
633 1942 755 2006 apud
806 1941 969 1989 Mosen
1002 1942 1080 1999 ita,
1119 1946 1154 1969 “
1177 1941 1325 1990 Terra
1370 1941 1587 2004 Rephaim
1634 1952 1867 2005 reputatur
1911 1943 2049 2000 etiam
2073 1942 2190 2000 haec,
2225 1943 2445 2005 Rephaim

437 2015 472 2038 “
509 2009 763 2057 habitarunt
816 2008 863 2054 in
918 2024 969 2055 ea
1008 2010 1150 2072 prius,
1202 2009 1254 2057 &
1299 2009 1573 2057 Amnonitae
1610 2019 1781 2056 vocant
1801 2022 1878 2057 eos
1923 2010 2168 2074 Samsumim
2189 2031 2204 2067 ;
2243 2009 2444 2074 populus

438 2080 474 2104 “
509 2091 702 2140 magnus
739 2075 788 2121 &
814 2074 987 2122 multus
1010 2076 1058 2122 ὅτ
1089 2074 1286 2123 excelsus
1309 2075 1424 2123 ficut
1448 2073 1653 2123 Enakim
1679 2096 1694 2132 3
1728 2075 1779 2123 ὅτ
1815 2073 2014 2140 perdidit
2049 2092 2126 2126 eos
2166 2075 2375 2137 Jehovah
2417 2091 2443 2123 a
2484 2114 2490 2116 a

438 2146 475 2170 “
510 2158 663 2190 coram
704 2140 809 2198 illis,
845 2142 895 2189 ὅτ
911 2141 1189 2205 poffiderunt
1204 2157 1297 2200 eos,
1334 2143 1383 2190 ὅτ
1400 2140 1717 2190 habitaverunt
1738 2141 1843 2190 loco
1873 2157 2049 2188 eorum.
2121 2141 2446 2205 Qemadmo-

439 2213 476 2236 “
512 2209 627 2255 dum
654 2206 760 2256 fecit
768 2207 882 2266 filiis
901 2209 1041 2271 Esavi
1073 2208 1376 2256 habitantibus
1400 2208 1448 2255 in
1481 2209 1589 2264 Scir,
1625 2205 1751 2269 quod
1790 2205 1990 2270 perdidit
2011 2206 2213 2255 Charitas
2242 2223 2268 2254 a
2291 2222 2447 2255 coram
2478 2223 2480 2225 ’

442 2280 479 2303 “
514 2275 617 2331 illis,
649 2276 702 2321 &
722 2273 1001 2337 poffiderunt
1022 2291 1116 2332 cos,
1152 2275 1202 2322 &
1223 2275 1478 2322 habitarunt
1499 2273 1605 2320 loco
1620 2274 1831 2331 eorum,'’
1848 2274 2005 2321 Deut:
2033 2289 2076 2319 11
2103 2290 2114 2321 :
2154 2290 2233 2330 20,
2255 2289 2280 2322 2
2295 2290 2334 2331 1,
2365 2290 2443 2323 22.

442 2340 543 2388 haec
561 2340 874 2403 repraesentant
898 2340 947 2386 ὅτ
970 2340 1222 2402 fignificant
1240 2340 1363 2387 idem
1387 2340 1514 2402 quod
1536 2339 1609 2386 hic
1633 2338 1691 2386 de
1712 2339 2080 2397 Kedorlaomere,
2116 2355 2282 2403 nempe
2315 2341 2446 2404 quod

444 2407 765 2454 Kedarlaorner
804 2406 854 2452 ὅτ
877 2420 1003 2468 reges
1027 2421 1136 2452 cum
1176 2405 1255 2454 illo
1277 2406 1566 2470 perculserint
1588 2404 1795 2453 Choritas
1818 2407 1864 2453 in
1888 2419 2045 2455 monte
2066 2406 2179 2469 Seir,
2214 2422 2322 2453 nam
2364 2422 2446 2471 per

443 2472 874 2528 Kedorlaomerum,
909 2483 962 2518 ut
991 2472 1186 2530 dictum,
1220 2471 1560 2536 repraesentatur
1580 2472 1775 2520 Domini
1792 2474 1975 2523 Bonum
1999 2477 2047 2525 &
2070 2473 2247 2521 Verum
2271 2474 2318 2520 in
2334 2489 2449 2537 pue·

447 2540 565 2596 ritia,
603 2539 666 2587 ita
697 2539 889 2586 Domini
912 2539 1135 2587 Humana
1166 2539 1365 2588 Effentia
1400 2539 1553 2603 quoad
1575 2540 1760 2588 Bonum
1786 2540 1837 2588 ὅτ
1867 2541 2046 2591 Verum
2086 2551 2213 2596 tunc,
2248 2555 2344 2602 quo
2367 2541 2446 2586 de-

445 2605 609 2653 struxit
623 2604 918 2669 persuafiones
935 2600 1043 2663 falfi,
1079 2605 1167 2654 hoc
1191 2606 1270 2664 est,
1306 2604 1478 2655 inferna
1510 2606 1587 2654 tali
1626 2606 1792 2655 diaboli
1815 2606 1946 2655 turba
1976 2606 2179 2670 impleta,
2215 2622 2328 2669 quae·
2343 2621 2446 2668 per-

446 2671 716 2720 suasionibus
739 2670 833 2719 falfi
876 2672 1106 2720 mundum
1146 2672 1405 2737 spirituum,
1444 2674 1492 2721 &
1530 2671 1850 2737 consequenter
1880 2688 2024 2737 genus
2057 2673 2328 2726 humanum,
2364 2687 2450 2734 ag-

449 2739 591 2799 greffa
622 2739 682 2786 est
707 2738 921 2802 perdere:
959 2740 1009 2787 &
1050 2740 1156 2803 quia
1176 2739 1347 2787 Esavus
1371 2737 1444 2788 seu
1468 2739 1681 2787 Edomus
1705 2740 1965 2788 Dominum
1986 2738 2148 2802 quoad'
2171 2736 2444 2785 Humanam

449 2803 695 2850 Effentiam
718 2804 1072 2868 repraesentabat,
1108 2807 1246 2854 etiam
1277 2807 1422 2857 Mons
1454 2806 1566 2864 Seir,
1602 2819 1655 2854 ut
1699 2806 1749 2853 &
1775 2807 1935 2862 Parati,
1970 2801 2342 2866 repraesentabant
2371 2803 2447 2851 illa

449 2884 556 2931 quae
580 2871 816 2917 Humanae
851 2871 994 2934 Ipsius
1019 2872 1229 2920 Effentiae
1273 2873 1424 2930 essent,
1462 2888 1635 2935 nempe
1658 2871 1871 2919 Coelestia
1890 2871 2071 2926 amoriS,
2106 2880 2160 2915 ut
2193 2868 2364 2916 constat
2386 2885 2446 2916 ex

450 2933 767 2983 Benediffione
790 2937 953 2993 Molis,
990 2943 1024 2964 ‘⁶
1047 2938 1257 2998 Jehovah
1279 2939 1335 2985 de
1351 2940 1473 2986 Sinai
1497 2938 1641 2994 venit,
1677 2938 1728 2984 ὅτ
1751 2947 1935 2983 exortus
1952 2935 2015 2982 est
2038 2935 2094 2982 de
2120 2937 2212 2982 Seir
2234 2935 2340 2997 illis,
2366 2951 2448 2983 ex-

452 3006 486 3028 “
512 2999 738 3063 splenduit
761 3000 817 3046 de
842 3014 996 3048 monte
1019 3005 1188 3061 Paran,
1214 3005 1264 3051 &
1286 3005 1411 3050 venit
1427 3018 1486 3049 ex
1502 3001 1779 3064 myriadibus
1802 3001 2058 3058 sanctitatis,
2093 2997 2290 3048 edextra
2304 3001 2448 3064 Ipsms

451 3071 488 3096 “
512 3067 630 3130 ignis
646 3065 760 3130 legis
784 3065 886 3122 illis,
921 3069 1058 3115 etiam
1082 3085 1232 3116 amans
1249 3068 1493 3131 popuIOS,’'
1517 3069 1643 3132 Dent
1664 3081 1675 3110 τ
1711 3083 1870 3114 xxxin
1891 3086 1902 3116 :
1943 3084 1990 3124 2,
2029 3085 2072 3130 3.
2097 3067 2222 3130 quod
2237 3067 2448 3128 Jehovah

450 3137 631 3181 exortus
667 3148 692 3179 e
732 3143 888 3179 monte
911 3132 1022 3189 Seir,
1059 3135 1108 3179 &
1151 3133 1433 3196 exsplenduit
1470 3133 1527 3180 de
1568 3145 1724 3180 monte
1760 3134 1919 3191 Paran,
1955 3149 2049 3181 non
2080 3133 2204 3189 aliud
2226 3133 2452 3197 fignificat

450 3214 590 3266 quam
614 3199 885 3247 Humanam
907 3197 1101 3249 Domini
1144 3199 1424 3257 Effentiam3
1459 3198 1648 3264 quisque
1677 3198 1783 3252 scire
1821 3198 1985 3266 potest,
2020 3199 2148 3265 quod
2192 3201 2354 3249 exoriri
2393 3199 2453 3246 de

2296 3277 2454 3316 monte
