2788 3736
352 301 537 369 52⁴2,
855 262 1848 336 GENESIS,

346 425 527 470 mutuo,
562 407 801 476 proprium
833 403 1032 462 coeleste,
1067 403 1129 453 fic
1163 415 1217 453 ut
1248 402 1290 452 ei
1323 417 1418 452 non
1446 413 1656 468 appareat
1690 403 1835 461 aliter,
1871 416 2015 468 quam
2049 407 2177 474 quod
2218 409 2255 459 ῖς
2287 409 2356 460 fa.

350 480 438 527 ciat
461 478 633 526 bonum
659 492 684 522 a
705 474 763 532 se,
800 472 907 521 inde
928 473 1139 521 Internus
1161 470 1306 520 homo
1328 469 1604 534 praedicatur
1638 470 1696 519 de
1717 469 1921 530 homine,
1957 471 2073 523 ficut
2093 475 2188 536 eius
2211 477 2356 535 foret3

345 544 418 594 sed
441 545 520 608 qui
543 544 590 591 in
612 557 764 590 amore
787 550 954 588 mutuo
977 539 1060 597 est,
1098 541 1135 586 is
1157 537 1360 604 agnoscit
1399 538 1450 586 &
1474 536 1636 594 credit,
1670 538 1799 602 quod
1823 552 1962 586 omne
1986 538 2162 591 bonum
2192 546 2242 592 δε
2274 560 2356 592 ve·-
2396 590 2405 601 x

347 628 449 659 rum
475 625 566 657 non
589 607 685 673 ejus
709 607 778 665 fit,
814 606 890 654 sed
905 605 1099 655 Domini
1119 627 1134 662 3
1170 608 1219 654 δε
1244 603 1374 669 quod
1397 619 1548 652 amare
1563 605 1698 669 poffit
1719 604 1861 653 alium
1884 605 2000 653 ficut
2022 605 2081 664 se,
2115 608 2167 656 δε
2190 611 2358 675 magis,

348 678 382 726 fi
406 678 517 724 ficut
539 675 703 739 angeli,
727 674 856 739 quod
879 689 1029 722 amare
1051 674 1183 737 potiit
1208 673 1348 720 alium
1370 671 1610 735 plusquam
1635 671 1695 730 se,
1719 671 1847 736 quod
1870 671 2126 739 fitpdonum
2149 675 2363 735 Domini,

347 760 372 792 a
406 759 501 808 quo
537 742 663 791 dono
700 743 751 791 δε
787 738 883 806 ejus
915 738 1038 789 felici
1070 752 1249 788 tantum
1275 738 1460 797 recedit,
1495 750 1722 803 quantum
1745 739 1803 787 ab
1824 740 2074 803 agnitione,
2109 743 2237 806 quod
2259 742 2364 802 Dos

348 810 461 858 mini
485 808 553 858 fit.
720 837 726 843 >
1208 837 1214 839 ·

421 891 561 940 1595.
596 875 720 924 Vers
730 893 740 922 :
774 892 849 925 η.
884 874 1052 923 Abram
1084 874 1316 921 habitabat
1353 875 1399 921 in
1437 883 1558 921 terra
1581 873 1816 931 Comanis,
1851 873 1907 923 &²
1927 874 2048 923 Loth
2073 874 2298 924 habitavit
2319 878 2371 926 in

350 944 528 992 urbibus
559 943 780 1005 planitiei,
815 940 871 991 δεῖ
894 943 1150 989 tentoriavit
1173 943 1298 1005 usque
1321 940 1381 988 ad
1402 940 1631 988 Sodomam.
1704 940 1882 988 Abram
1906 940 2134 990 habitabat
2166 943 2214 990 in
2249 955 2369 993 terra

351 1009 583 1066 CanaaniS,
619 1008 843 1072 fignificat
881 1011 1111 1056 internum
1146 1007 1403 1063 hominem,
1436 1007 1565 1070 quod
1596 1007 1702 1055 esset
1725 1009 1771 1055 in
1796 1006 2055 1055 coelestibus
2078 1009 2277 1059 amoris:
2310 1010 2364 1060 &

351 1075 482 1124 Loth
504 1075 722 1124 habitavit
745 1077 793 1122 in
815 1073 1002 1122 urbibus
1026 1074 1242 1139 planitiei,
1277 1072 1501 1137 fignificat
1522 1084 1760 1121 externum
1783 1073 2018 1120 hominem
2037 1074 2166 1139 quod
2189 1075 2294 1124 effet
2315 1078 2365 1125 in

353 1142 632 1190 scientificis:
691 1143 741 1190 ὅτ
780 1142 1038 1188 tentoriavit
1083 1139 1223 1203 usque
1267 1140 1327 1187 ad
1359 1139 1629 1197 Sodomam,
1688 1139 1912 1204 fignificat
1951 1142 2260 1193 extensionem
2282 1141 2367 1191 'ad

353 1209 635 1273 cupiditates.

424 1276 562 1340 1596.
599 1272 778 1323 Abram
802 1271 1028 1320 habitabat
1073 1273 1120 1319 in
1166 1282 1285 1320 terra
1307 1271 1545 1328 Canaanis‚
1580 1271 1709 1335 quod
1742 1270 1967 1335 significet
1999 1275 2233 1324 internum
2279 1274 2363 1325 ho-

352 1343 543 1398 minem,
579 1339 706 1404 quod
739 1340 843 1387 esset
867 1341 914 1387 in
937 1338 1195 1387 coelestibus
1215 1339 1399 1396 amoriS,
1436 1336 1611 1386 constat
1640 1354 1665 1385 a
1686 1337 2011 1403 significatione
2035 1351 2166 1388 terrae
2190 1342 2362 1391 Canaa-

353 1410 439 1466 nis,
474 1407 605 1472 quod
630 1406 718 1454 sint
741 1405 937 1453 c'oelestia
958 1406 1141 1463 amoris,
1177 1404 1236 1452 de
1258 1421 1351 1468 qua
1369 1405 1605 1468 aliquoties
1628 1408 1768 1468 prius.

423 1491 561 1539 1597.
597 1473 663 1520 Et
678 1472 808 1520 Loth
839 1471 1066 1519 habitabat
1088 1473 1134 1519 in
1159 1470 1345 1518 urbibus
1369 1471 1587 1535 planitiei,
1622 1471 1753 1535 quod
1774 1471 1996 1536 fignificet
2018 1485 2257 1524 externum
2278 1475 2367 1524 ho-'

350 1540 524 1589 minem
547 1539 676 1603 quod
698 1539 804 1587 effet
826 1539 872 1586 in
889 1537 1159 1596 scientificis,
1195 1537 1367 1586 constat
1399 1554 1424 1584 a
1447 1535 1836 1601 repraesentatione
1852 1538 2014 1597 Lothi,
2049 1540 2178 1603 quod
2195 1542 2249 1588 fit
2265 1542 2366 1600 Exi

352 1619 504 1655 ternus
525 1606 684 1664 homo,
722 1607 768 1653 δι
794 1621 821 1653 a
847 1605 1172 1668 fignificatione
1193 1604 1318 1652 urbis
1342 1603 1414 1651 seu
1438 1604 1643 1661 urbium,
1678 1605 1807 1668 quod
1833 1604 1920 1652 sint
1943 1605 2221 1667 doctrinalia,
2242 1624 2366 1672 quae

352 1674 399 1721 in
439 1672 481 1721 se
521 1689 616 1721 non
653 1671 776 1720 aliud
814 1670 915 1718 sunt
945 1685 1085 1735 quarn
1108 1670 1366 1728 scientifica,
1401 1669 1589 1735 quando
1623 1670 1932 1734 praedicantur
1959 1671 2027 1735 *de
2049 1671 2255 1722 Externo
2277 1675 2363 1723 ho-

353 1741 492 1797 mine,
529 1754 638 1787 cum
672 1738 744 1785 hic
778 1736 998 1802 separatus
1033 1737 1097 1785 est
1132 1736 1189 1785 ab
1211 1738 1428 1794 Intern03
1479 1737 1608 1801 quod
1647 1736 1780 1791 urbes
1813 1737 2071 1803 significent
2102 1739 2366 1790 doetrinalia

354 1817 450 1856 tam
486 1821 595 1853 vera
623 1820 763 1869 quam
787 1802 906 1862 falsa,
941 1803 1167 1852 ostensum
1195 1803 1260 1852 est
1293 1805 1436 1868 prius,
1472 1821 1534 1852 n:
1560 1821 1674 1866 402.

427 1878 566 1938 1598.
603 1872 667 1920 Et
703 1872 962 1919 tentoriavit
998 1870 1138 1935 usque
1160 1871 1219 1919 ad
1243 1871 1516 1930 Sodomam,
1550 1871 1680 1936 quod
1716 1870 1940 1936 fignificet
1971 1873 2283 1924 extensionem
2306 1875 2367 1924 ad

353 1939 636 2003 cupiditates,
660 1937 831 1986 constat
851 1954 909 1986 ex
929 1937 1255 2003 fignificatione
1278 1938 1515 1997 Sodomae,
1539 1938 1598 1986 de
1621 1955 1713 2003 qua
1737 1938 1871 2003 supra
1892 1940 1950 1988 ad
1974 1939 2103 1988 vers:
2137 1959 2209 1991 10.
2270 1941 2368 1995 uod

352 2006 407 2054 fit
429 2005 682 2068 cupiditas:
718 2004 820 2052 haec
860 2003 1210 2069 correspondent
1247 2005 1351 2061 illis,
1408 2021 1516 2069 quse
1555 2006 1603 2053 in
1635 2004 1762 2054 vers:
1787 2022 1940 2070 praec:
1970 2023 2039 2056 10.
2053 2039 2064 2047 2
2089 2007 2224 2058 dieta,
2261 2021 2366 2067 unt,

355 2071 480 2135 quod
505 2071 710 2135 planities
734 2070 947 2132 Jordanis
982 2082 1080 2119 tota
1117 2073 1285 2136 irrigua
1319 2072 1433 2119 ficut
1469 2072 1627 2120 hortus
1647 2071 1859 2134 Jehovae‚
1895 2073 2008 2121 ficut
2030 2085 2144 2122 terra
2166 2075 2366 2144 AEgypti

355 2137 581 2186 veniendo
604 2138 742 2194 Zoar,
778 2137 856 2185 ubi
899 2138 1053 2186 actum
1098 2137 1155 2186 de
1179 2139 1386 2186 Externo
1408 2138 1593 2186 homine
1629 2154 1739 2185 cum
1763 2141 1917 2199 unitus
1939 2140 2159 2195 Intern03
2196 2142 2246 2188 &s
2281 2156 2368 2205 per

357 2216 521 2251 terram
553 2205 753 2268 AEgypti
792 2204 1019 2252 veniendo
1054 2205 1193 2262 Zoar,
1228 2205 1476 2268 significata
1507 2204 1750 2251 scientifica
1777 2203 1835 2250 ab
1867 2203 2180 2252 affectionibus
2221 2205 2330 2254 boni
2346 2230 2363 2264 ;

359 2270 433 2318 hic
467 2282 621 2317 autern
644 2270 771 2334 quod
794 2269 923 2318 Loth
967 2270 1187 2318 habitavit
1210 2271 1257 2317 in
1282 2270 1470 2317 urbibus
1509 2270 1708 2333 planitiei
1746 2269 1797 2317 δε
1836 2272 2096 2337 tentor-iavit
2133 2271 2273 2342 usque
2309 2274 2370 2321 ad

362 2337 628 2393 Sodomam,
685 2335 962 2398 significatur
998 2337 1227 2384 Externus
1273 2336 1417 2384 homo
1461 2351 1571 2384 cum
1616 2352 1709 2384 non
1742 2339 1898 2384 unitus
1938 2337 2138 2396 Interno,
2199 2339 2250 2387 δε
2286 2355 2372 2404 per

359 2402 459 2449 haec
500 2402 747 2465 significata
785 2401 1026 2450 scientifica
1062 2401 1120 2450 ab
1158 2402 1468 2451 affectionibus
1507 2403 1614 2450 mali
1654 2402 1729 2450 seu
1752 2402 2112 2467 cupiditatibu33
2148 2404 2383 2471 descripta

362 2469 485 2516 enirn
510 2467 573 2514 ibi
596 2480 687 2515 erat
709 2467 1005 2531 pulchritudo
1022 2468 1212 2516 Externi
1238 2468 1437 2516 hominis
1461 2485 1571 2517 curn
1601 2470 1754 2517 unitus
1770 2469 1973 2528 Interno,
2006 2471 2081 2518 hic
2104 2485 2256 2520 autem
2270 2485 2371 2521 tur-

362 2534 527 2597 pitudo
549 2532 644 2598 ejus
665 2550 773 2581 cum
798 2551 888 2582 non
914 2536 1085 2591 unituS,
1120 2535 1170 2583 δε
1203 2535 1351 2583 adhuc
1398 2537 1544 2600 magis
1579 2537 1625 2583 in
1665 2534 1875 2600 sequente
1896 2535 2046 2596 versu,
2081 2537 2369 2598 ubidicitur,

363 2606 397 2628 “
431 2601 496 2649 Et
519 2601 605 2647 viri
627 2601 846 2648 Sodomae
870 2601 979 2648 mali
1001 2602 1051 2649 δε
1075 2613 1330 2665 peccatores
1353 2602 1545 2663 jehovae
1570 2603 1756 2651 valde.”
1793 2603 1957 2669 Qalis
1993 2604 2248 2668 turpitudo'
2266 2606 2368 2653 Ex-

359 2669 471 2714 terni
495 2667 694 2714 hominis
716 2666 779 2714 est
801 2668 987 2731 quando
1010 2667 1237 2731 separatus*
1254 2668 1311 2715 ab
1333 2669 1535 2727 interno,
1570 2671 1818 2733 unicuique
1835 2669 2033 2718 constare
2056 2670 2203 2734 potest
2230 2670 2286 2717 ab
2308 2671 2364 2718 ilv-

362 2734 415 2779 lis
438 2750 542 2796 quae
567 2735 687 2781 dista
710 2732 811 2780 sunt
848 2733 906 2781 de
941 2750 1094 2782 amore
1131 2734 1196 2781 sui
1228 2735 1278 2782 δε
1303 2733 1401 2798 ejus
1424 2736 1766 2799 cupiditatibus,
1800 2752 1906 2799 quae
1936 2736 2240 2800 principaliter
2274 2736 2365 2784 dis-

363 2800 560 2855 uniunt·,
617 2812 781 2862 quanta
819 2800 883 2847 est
920 2801 1216 2864 pulchritudo
1239 2802 1431 2848 Externi
1469 2798 1666 2850 hominis¹
1699 2818 1808 2849 cum
1833 2804 1986 2849 unitus
2007 2802 2206 2859 Interno‚
2241 2814 2372 2852 tan-ta.

361 2865 600 2928 turpitudo
623 2865 685 2910 est
707 2863 800 2929 ejus
817 2882 927 2914 cum
951 2866 1170 2914 disunitus
1190 2890 1206 2924 3
1239 2884 1351 2915 nam
1371 2868 1599 2916 Externus
1622 2868 1765 2915 homo
1787 2869 1835 2913 in
1857 2866 1899 2913 se
1933 2866 2150 2929 spectatus
2180 2868 2291 2915 nihil
2316 2886 2363 2917 a-

363 2930 462 2976 liud
490 2929 553 2976 est
575 2945 713 2992 quarn
736 2944 788 2977 ut
825 2932 1029 2980 inserviat
1052 2934 1253 2990 Interno‚
1287 2933 1351 2982 est
1374 2935 1612 2996 quoddam
1638 2932 1992 2989 instrumentale,
2028 2944 2079 2980 ut
2102 2933 2214 2983 fines
2252 2935 2365 2985 fiant

363 2995 482 3054 usus,
518 2997 569 3043 &
593 2994 694 3041 usus
717 2995 918 3044 sistantur
941 3000 989 3044 in
1011 2998 1191 3056 effectu,
1226 3001 1276 3046 &
1300 3000 1360 3046 fic
1383 2998 1600 3061 perfectio
1631 2998 1685 3044 fit
1707 2999 1918 3044 omnium
1938 3020 1953 3054 3
1990 3003 2264 3060 contrarium
2288 3003 2363 3061 fit,

364 3078 472 3109 curn
488 3062 716 3121 Externus
739 3061 882 3108 homo
902 3062 944 3109 se
966 3061 1133 3126 separat
1155 3065 1211 3111 ab
1234 3065 1434 3119 Interno‚
1470 3065 1521 3110 ὅτ
1543 3064 1626 3110 fibi
1646 3062 1726 3110 soli
1750 3063 1958 3112 inservire
1987 3066 2105 3124 vult,
2146 3068 2243 3115 imo
2266 3085 2365 3116 ma-

363 3128 435 3191 gis
458 3144 567 3175 cum
601 3128 824 3187 dominari
852 3127 955 3175 vult
977 3128 1106 3190 super
1128 3130 1382 3197 Internum,
1418 3129 1552 3198 quod·
1567 3118 1873 3198 principaliter
1893 3131 1949 3199 fit
1968 3148 2027 3188 ex
2047 3149 2201 3199 amore
2223 3133 2287 3181 sui
2311 3136 2382 3185 δε.

364 3193 460 3260 ejus
482 3189 820 3263 cupiditatibuffi
855 3205 908 3263 ug
928 3192 1169 3265 ostensum:
1251 3196 1283 3203 “
1316 3195 1341 3199 ”
1365 3199 1384 3203 ”
1485 3194 1513 3199 ”
1599 3195 1679 3202 ’“”
1745 3194 1850 3202 ’”””
1917 3195 2024 3238 *f*
2046 3198 2069 3203 ”

2116 3276 2262 3335 11599·
2298 3267 2364 3331 Ec
