2788 3736
399 268 537 354 35⁷4
958 256 1940 330 GEN'EffSIS..

394 406 437 428 ‘⁶
472 400 644 448 clamor
669 396 797 461 super
829 397 944 445 Vino
980 397 1028 445 in
1050 395 1257 460 plateis,’'
1291 410 1426 445 xxxv.
1463 395 1512 453 6,
1551 411 1597 462 7,
1634 413 1683 463 9,
1726 404 1799 446 11.
1835 398 1894 446 de
1917 399 2080 449 vastata
2101 400 2301 450 Ecclefia
2323 400 2415 464 spi·

395 467 565 523 rituali,
600 465 662 512 ibi
698 465 864 511 vinum
887 479 992 576 fpro
1014 464 1131 511 veris
1154 463 1281 521 fidei,
1313 477 1420 527 quae
1442 464 1586 511 nauci.
1643 462 1792 526 Apud
1814 464 2078 525 jeremiam,
2115 473 2149 496 “
2183 468 2419 516 Matribus

404 539 440 560 ‘⁶
474 532 559 580 suis
576 531 744 587 dicent,
778 529 860 577 ubi
908 541 1174 578 rumentum
1195 532 1245 577 δε
1271 531 1443 587 Vinum,
1477 545 1588 577 curn
1622 529 1842 578 deficiunt
1859 530 1973 578 ficut
1995 531 2219 582 confoss‘us
2244 535 2290 581 in
2315 534 2412 598 pla-

402 603 436 626 “
471 599 550 646 teis
574 596 746 654 urbis‚'’
770 595 956 645 Thren:
989 614 1061 645 11.
1096 613 1166 646 12.
1204 596 1284 644 ubi
1306 594 1592 645 frumentum
1623 596 1675 644 ὅτ
1707 597 1887 654 vinum,
1917 597 2138 661 fignificat
2168 599 2248 647 ubi
2280 616 2412 648 amor

400 665 449 714 ὅτ
484 664 630 721 fides3
671 664 830 727 plateae
853 662 975 711 urbis
1007 662 1261 727 significant
1283 662 1357 710 hic
1383 675 1437 711 ut
1457 662 1562 710 alibi
1585 663 1632 710 in
1655 663 1826 720 Verbo,
1855 665 2096 721 veritates3
2139 664 2202 712 ibi
2222 665 2411 714 confosfi

397 730 528 794 quod
545 747 637 777 non
655 729 790 779 sciant
813 729 927 794 quid
946 746 1053 778 vera
1076 729 1194 776 fidei.
1224 729 1371 796 Apud
1395 731 1565 787 Amos,
1602 734 1638 758 “
1661 730 1901 780 Reducam
1918 732 2228 794 captivitatem
2250 733 2411 796 populi

403 803 437 825 “
473 799 563 846 mei
592 796 775 854 Israelis,
826 797 876 844 &
900 796 1194 844 aedificabunt
1216 796 1348 844 urbes
1369 795 1601 853 desolatas,
1638 796 1687 844 &
1711 796 2038 854 inhabitabunt,
2076 798 2126 845 &
2150 797 2415 860 plantabunt

404 869 438 892 ‘⁶
474 867 645 919 Vineas,
677 864 728 911 ὅτ
753 863 892 911 bibent
915 865 1069 910 Vinum
1091 864 1296 920 earum,'’
1343 879 1409 911 ix.
1465 881 1538 923 14.
1575 863 1632 910 de
1654 863 1863 911 Ecclefia
1892 862 2108 926 spirituali
2140 863 2213 911 seu
2242 863 2415 923 Israele,

400 930 458 978 de
475 946 564 994 qua
585 930 859 993 praedicatur
882 929 1077 992 plantare
1100 930 1251 977 vineas
1274 929 1324 977 δε
1348 928 1499 976 bibere
1532 931 1715 986 vinum,
1750 945 1860 976 cum
1885 930 1985 978 talis
2009 929 2079 987 fit,
2115 942 2169 978 ut
2190 946 2247 977 ex
2269 930 2410 979 chari·

403 1009 493 1044 tate
517 996 674 1043 habeat
684 996 839 1043 fidem.
867 995 1012 1059 Apud
1030 995 1328 1059 Zephaniam,
1367 1001 1400 1022 “
1425 995 1740 1043 AEdificabunt
1759 995 1939 1053 domos,
1977 995 2050 1044 sed
2077 1012 2170 1045 non
2193 996 2413 1046 inhabita-

408 1063 545 1119 bunt,
573 1063 624 1109 ὅτ
661 1061 927 1125 plantabunt
951 1064 1121 1118 Vincas,
1157 1060 1230 1108 sed
1266 1077 1359 1109 non
1382 1062 1523 1109 bibent
1546 1064 1709 1109 Vinum‘
1735 1064 1940 1119 earum,’'
1977 1080 2010 1109 1.
2045 1080 2116 1127 13·
2170 1066 2324 1111 Amos
2346 1081 2411 1113 v:

409 1146 481 1177 11.
516 1144 602 1192 pro
618 1130 858 1185 contrario,
877 1144 986 1175 cum
1010 1127 1210 1175 Ecclesia
1233 1126 1469 1191 spiritualis
1491 1127 1669 1175 vastata.
1706 1129 1852 1192 Apud
1882 1128 2153 1186 Sachariam,
2191 1135 2226 1156 “
2262 1130 2417 1179 Erunt

406 1201 441 1222 “
476 1195 588 1244 ficut
611 1207 768 1258 potens
792 1194 1032 1257 Ephraim,
1066 1195 1117 1240 ὅτ
1141 1193 1368 1241 laetabitur
1379 1210 1469 1242 „cor
1498 1210 1674 1250 eorum,
1711 1193 1822 1242 sicut
1843 1210 1869 1242 a
1897 1197 2023 1252 Vina,
2058 1196 2108 1245 ὅτ.
2149 1195 2230 1243 filii
2248 1212 2410 1245 eorum

403 1266 439 1291 ‘⁶
474 1261 765 1308 videbunt&
783 1259 1105 1317 laetabuntur,’'
1142 1275 1187 1306 x.
1219 1276 1259 1323 7.
1298 1259 1360 1307 ibi
1376 1260 1434 1306 de
1450 1260 1593 1307 domo
1615 1260 1827 1321 Jehudae,
1861 1262 1989 1324 quod
2012 1263 2074 1308 ita
2088 1276 2146 1309 ex
2162 1262 2268 1309 fidei
2285 1263 2419 1311 bonis

402 1327 453 1375 &
478 1328 606 1374 veris.
634 1326 780 1390 Apud
797 1326 1070 1386 Johannem,
1097 1330 1131 1353 “
1150 1325 1296 1385 Quod
1314 1325 1416 1373 oleo
1430 1327 1475 1373 &
1496 1328 1603 1374 Vino
1620 1342 1712 1373 non
1732 1326 1956 1396 damnum
1972 1325 2213 1385 inferent,’'
2235 1331 2373 1392 Apoc
2392 1348 2405 1378 z

401 1408 470 1439 vi.
498 1394 541 1441 6.
579 1408 663 1456 pro
679 1393 805 1456 quod
820 1409 911 1439 non
928 1391 1099 1440 coelesti
1121 1392 1171 1439 &
1186 1391 1417 1455 spirituali,
1457 1390 1528 1439 seu
1547 1391 1631 1439 illis
1647 1408 1753 1456 quae
1771 1392 1870 1440 sunt
1886 1395 2049 1442 amoris
2065 1394 2114 1441 δε
2131 1394 2254 1442 fidei.
2290 1395 2423 1460 Qia

406 1460 583 1506 Vinum
606 1458 886 1522 significabat
909 1458 1050 1506 fidem
1075 1460 1120 1505 in
1134 1459 1411 1515 Dominum,
1447 1460 1583 1505 etiam
1607 1458 1720 1506 fides
1749 1460 1796 1506 in
1812 1459 2013 1508 Ecclesia
2028 1459 2221 1520 Judaica
2246 1476 2414 1525 reprae-

402 1525 651 1573 sentabatur
689 1527 735 1572 in
759 1524 983 1581 sacrificiis
1006 1527 1086 1589 per
1107 1525 1315 1572 Libamen
1339 1527 1460 1582 Vini,
1514 1524 1571 1571 de
1602 1541 1696 1586 quo
1715 1525 1866 1575 Num.
1892 1541 1971 1573 xv.
1998 1543 2025 1574 2
2051 1526 2110 1573 ad
2133 1543 2205 1588 15.
2250 1528 2378 1591 ,Cap
2396 1545 2413 1577 τ

402 1607 594 1640 xxvm:
626 1591 854 1654 11ad15.
898 1595 951 1640 18
974 1591 1031 1638 ad
1055 1589 1085 1638 f.
1122 1591 1251 1654 Cap:
1278 1606 1430 1640 xxix:
1470 1606 1496 1655 7
1521 1590 1578 1638 acl
1601 1589 1635 1638 f.
1670 1591 2109 1649 Lev2xx111212‚
2143 1607 2213 1657 ¹3·
2249 1593 2411 1645 Eamd:

400 1673 547 1707 xxxx:
574 1676 652 1718 40.
689 1674 826 1720 quare
848 1659 916 1715 ita·
939 1657 1063 1721 apud
1085 1657 1307 1713 Hoseam‚
1363 1662 1396 1684 “
1433 1658 1558 1705 Area
1600 1657 1650 1715 ὅτ
1689 1657 1881 1704 torcular
1919 1657 2014 1706 non
2048 1657 2196 1722 pascet
2230 1675 2324 1716 eOS,
2360 1660 2414 1708 δε

404 1730 437 1752 “
474 1725 663 1784 Mzstum
680 1725 920 1771 mentietur
936 1725 982 1770 in
996 1739 1061 1780 ea,
1080 1739 1172 1770 non
1189 1722 1454 1770 habitabunt
1470 1724 1517 1770 in
1535 1722 1858 1784 terraJehovae,
1873 1724 1923 1771 δε
1940 1725 2416 1789 reverteturEphraim

406 1795 441 1819 ‘⁴
475 1791 758 1853 AEgyptum,
794 1791 844 1837 ὅτ,
878 1791 926 1837 in
954 1790 1133 1853 Affyria
1155 1788 1452 1836 immundum
1476 1789 1734 1846 comedent,
1770 1805 1861 1838 non
1900 1789 2095 1838 libabunt
2119 1791 2311 1852 Jehovae
2332 1795 2413 1841 Vi·-

401 1861 437 1885 “
470 1872 584 1913 num,
622 1873 715 1904 non
739 1868 866 1920 grata
881 1868 1013 1904 erunt
1036 1855 1174 1919 Ipfi,”
1211 1872 1289 1904 1x:
1329 1872 1376 1913 2,
1405 1873 1450 1918 3,
1475 1874 1522 1917 4.
1559 1856 1639 1904 ubi
1662 1855 1887 1904 deIsraele
1911 1855 1985 1904 seu
2008 1855 2209 1905 Ecclesia
2225 1855 2406 1922 spiritu-

399 1922 474 1979 ali,
508 1923 654 1987 deque
676 1922 760 1970 illis
777 1923 855 1980 ibi,
890 1924 970 1986 qui
994 1922 1346 1986 pervertunt-81
1391 1925 1702 1970 contaminant
1731 1921 1877 1970 sansta
1920 1923 1972 1971 δε
1994 1938 2101 1972 vera
2121 1923 2230 1971 fidei
2256 1924 2411 1987 perid

401 1989 528 2053 quod
546 1989 810 2051 investigare
827 1989 970 2036 velint
994 1989 1069 2036 illa
1083 2005 1163 2052 per
1186 1988 1383 2037 scientias
1398 1989 1449 2037 &
1467 1989 1695 2037 ratiocinia
1715 2011 1731 2045 ς
1765 1990 2004 2054 AEgyptus
2025 1989 2295 2047 estscientia,
2322 1990 2411 2038 As·

402 2055 516 2118 syria
538 2054 601 2101 est
623 2056 917 2111 ratiocinatio,
954 2055 1176 2118 Ephraim
1199 2057 1279 2118 qui
1304 2056 1608 2103 ratiocinatur.

480 2137 617 2185 1072.
656 2121 803 2185 Quod
821 2121 1060 2170 inebriatus
1083 2120 1162 2178 est,
1199 2121 1423 2184 significet
1450 2123 1579 2186 quod
1603 2121 1708 2170 inde
1724 2121 1775 2169 in
1797 2136 1966 2169 errores
1997 2119 2159 2185 lapsus,
2194 2121 2365 2170 constat
2387 2139 2413 2172 a

408 2187 737 2251 significatione
763 2186 891 2234 Ebrii
925 2188 971 2234 in
994 2187 1186 2244 Verbo,
1238 2187 1368 2235 Ebrii
1391 2200 1630 2245 vocantur,
1669 2188 1748 2249 qui
1788 2187 1898 2234 nihil
1935 2187 2142 2245 credunt,
2178 2188 2259 2235 nifi
2282 2189 2411 2252 quod

406 2255 606 2317 capiunt,
644 2254 693 2300 δι
733 2252 838 2300 ideo
862 2254 1096 2317 inquirunt
1126 2255 1172 2300 in
1197 2253 1405 2315 mysteria
1436 2254 1559 2310 fidei,
1593 2253 1723 2319 quod
1748 2254 1853 2316 quia
1875 2253 1929 2300 fit
1951 2269 2032 2316 per
2063 2252 2285 2312 sensualia,
2336 2267 2413 2303 aut

407 2319 668 2376 scientifica,
705 2332 782 2367 aut
798 2319 1122 2383 philosophica,
1164 2320 1309 2382 qualis
1329 2320 1472 2367 homo
1494 2319 1573 2376 est,
1609 2335 1701 2367 non
1726 2318 1873 2383 potest
1887 2319 2028 2376 aliter,
2063 2335 2204 2383 quam
2227 2333 2280 2368 ut
2304 2321 2410 2369 inde

407 2387 452 2432 in
476 2401 642 2432 errores
665 2385 866 2441 labatur3
903 2387 1120 2448 cogitatio
1143 2386 1339 2432 hominis
1365 2402 1457 2433 non
1480 2385 1546 2433 est
1569 2386 1647 2433 nisi
1677 2385 1906 2442 terrestris,
1942 2401 2157 2449 corporea
2184 2387 2234 2434 ὅτ
2267 2400 2410 2435 mate·

408 2452 542 2508 rialis,
577 2452 684 2514 quia
699 2450 760 2498 est
777 2468 832 2499 ex
853 2452 1142 2508 terrestribus,
1179 2455 1406 2515 corporeis
1430 2454 1479 2499 δε
1497 2452 1814 2507 materialibuS,
1848 2468 1954 2514 quae
1966 2451 2143 2516 jugiter
2164 2452 2410 2511 adhaerent,

407 2519 456 2565 ὃῑ
481 2519 526 2565 in
549 2516 714 2580 quibus
734 2518 848 2565 ideae
871 2519 1157 2580 cogitationis
1175 2516 1267 2583 ejus
1285 2517 1533 2565 fundantur
1555 2522 1604 2566 ὅτ
1627 2520 1957 2575 terminantur,
1977 2534 2114 2582 quare
2146 2535 2203 2567 ex
2231 2519 2319 2567 illis
2351 2521 2411 2568 de

406 2585 589 2633 Divinis
607 2585 805 2647 cogitare
828 2586 877 2631 ὅτ
895 2585 1160 2640 ratiocinari,
1194 2584 1257 2631 est
1281 2583 1321 2631 se
1345 2587 1391 2635 in
1407 2601 1575 2631 errores
1593 2586 1642 2632 &
1667 2584 1872 2649 perversa
1893 2583 2022 2641 ferre,
2057 2585 2108 2632 ὅτ
2132 2597 2226 2634 tam
2241 2585 2408 2649 impos-

408 2650 527 2697 sibile
549 2649 612 2696 est
628 2651 732 2697 inde
754 2650 897 2698 fidem
914 2650 994 2697 fibi
1011 2666 1288 2714 comparare,
1323 2651 1436 2698 ficut
1458 2651 1521 2698 est
1543 2652 1733 2700 Camelo
1756 2650 1933 2698 transire
1957 2665 2036 2714 per
2052 2648 2255 2698 foramen
2269 2667 2404 2700 acus:

408 2733 528 2763 error
552 2717 601 2763 ὅτ
625 2715 802 2773 insania,
837 2733 943 2779 quae
967 2717 1087 2774 inde,
1126 2720 1171 2763 in
1194 2717 1351 2764 Verbo
1373 2717 1622 2780 appellatur
1650 2717 1880 2765 Ebrietas:
1933 2718 2031 2764 imo
2050 2717 2185 2763 etiam
2219 2718 2409 2767 Animae

411 2782 481 2828 seu
499 2782 690 2844 spiritus,
726 2785 771 2829 in
789 2782 924 2830 altera
938 2785 1049 2839 v'ita,
1083 2786 1162 2847 qui
1188 2784 1506 2831 ratiocinantur
1529 2784 1587 2831 de
1607 2784 1724 2830 veris
1755 2782 1878 2837 fidei,
1915 2783 1963 2828 &
1988 2793 2144 2829 contra
2167 2781 2255 2839 illa,
2291 2783 2409 2833 fiunt

412 2848 522 2893 licut
546 2848 670 2904 ebrii,
707 2848 838 2912 seque
858 2849 1060 2896 similiter
1083 2862 1263 2912 gerunt,
1300 2850 1356 2896 de
1377 2849 1559 2912 quibus,
1594 2865 1651 2896 ex
1671 2849 1844 2895 Divina
1864 2847 2056 2894 Domini
2080 2847 2409 2908 Misericordia,

411 2917 455 2960 in
476 2912 795 2975 sequentibus·,
830 2915 1157 2977 dignoscuntur
1197 2913 1427 2962 manifeste
1457 2915 1667 2977 Spiritus,
1703 2928 1816 2959 num
1850 2913 1896 2958 in
1920 2910 2010 2958 fide
2034 2912 2257 2962 charitatis
2286 2914 2405 2973 sunt,

409 2979 482 3025 vel
506 2995 595 3024 non
616 3000 630 3033 3
666 2980 808 3040 quiin
830 2980 921 3026 fide
942 2982 1164 3028 charitatis
1181 2979 1298 3035 sunt,
1317 2980 1383 3026 illi
1406 2980 1462 3026 de
1478 2981 1595 3025 veris
1610 2978 1718 3025 fidei
1742 2994 1833 3023 non
1858 2979 2192 3036 ratiocinantur,
2230 2980 2304 3029 sed
2328 2982 2398 3029 di-

409 3057 519 3093 cunt
550 3045 615 3090 ita
651 3044 751 3099 effe,
787 3045 836 3090 &
863 3061 1046 3108 quoque
1072 3046 1342 3092 confirmant
1378 3061 1458 3107 per
1483 3043 1705 3100 sensualia,
1741 3043 1996 3100 scientifica,
2032 3046 2321 3109 &analytica
2343 3063 2407 3102 ra,-

408 3113 559 3167 tionis‚
594 3121 819 3172 quantum
837 3111 1033 3171 poffunt,
1070 3110 1143 3157 sed
1160 3123 1214 3171 ut
1235 3111 1440 3175 primum
1463 3109 1705 3158 obscurum
1728 3109 1841 3173 quid
1870 3111 2128 3170 intervenit,
2164 3114 2292 3176 quod
2315 3130 2407 3165 non

400 3177 671 3241 percipiunt,
695 3174 780 3223 hoc
804 3172 1026 3238 rejiciunt,
1053 3191 1132 3222 nec
1147 3175 1334 3239 usquam
1350 3175 1614 3232 admittunt,
1649 3187 1701 3222 ut
1724 3175 1809 3223 tale
1825 3192 1899 3222 eos
1925 3178 1970 3223 in
1993 3177 2323 3227 dubitationem
2341 3178 2404 3226 fe-

385 3256 475 3300 rat,
512 3243 716 3291 dicentes
739 3242 998 3306 pauciffima
1021 3242 1103 3288 effe
1146 3257 1253 3304 quae
1276 3257 1431 3303 capere
1465 3244 1646 3305 poffint,
1683 3242 1861 3290 &ideo
1883 3245 2079 3305 cogitare
2115 3260 2207 3291 non
2247 3259 2406 3300 verimi

2309 3310 2407 3366 elie,
