2788 3736
407 262 543 343 614
947 252 1962 354 GENElSISL

407 400 655 465 Prophetas
678 402 727 449 &
767 398 815 447 in
838 397 1118 464 Apocalypsi
1144 420 1159 454 ·,
1194 412 1246 445 ac
1278 398 1341 445 ita
1375 396 1503 462 quod
1528 397 1684 446 omnia
1706 396 1971 454 interituram
2005 413 2115 464 quae
2134 402 2291 467 opinio
2313 415 2409 456 tam

410 466 497 514 late
531 467 573 514 se
596 466 801 524 diffudit,
836 477 889 514 ut
927 467 1064 513 etiam
1100 463 1542 512 instruc'tissim'orum
1581 466 1757 513 animos
1804 466 2116 530 occupaverit,
2146 470 2250 519 'imo
2268 471 2409 538 usque

410 534 540 589 adeo,
577 546 630 580 ut
661 550 754 581 non
784 534 968 581 credant
993 544 1200 580 mortuos
1233 529 1554 579 resurrecturos
1593 547 1734 596 quam
1772 547 1830 579 eo
1866 544 2108 596 tempore3
2140 544 2281 599 'quare
2302 541 2411 604 quia

411 600 688 663 praedici'um
707 601 793 648 hoc
811 613 1010 665 tempus,
1046 599 1096 646 &
1112 597 1249 661 usque
1267 596 1368 661 post
1401 610 1472 646 tot
1507 598 1614 646 inde
1637 597 1799 646 saecula
1821 599 2103 664 praeterlapsa
2128 601 2298 651 'vident'
2318 621 2413 657 non

413 668 609 725 evenire,
627 683 707 715 nec
731 666 906 724 instare,
927 666 1068 713 securi
1083 664 1125 714 se
1141 666 1415 712 confirmant
1437 666 1485 711 in
1508 662 1583 712 sua
1606 663 1855 723 securitate,
1943 665 2006 714 od
2019 666 2106 716 tale
2129 667 2240 716 nihil
2257 669 2329 728 fit,
2351 672 2414 722 ita

411 733 542 797 quod
564 749 658 781 non
673 733 985 783 resurrecturi:
1022 731 1095 780 sed
1121 730 1372 788 sciendum,
1395 730 1523 795 quod
1541 729 1764 796 nusquam
1785 747 1866 796 per
1878 682 2128 782 Ἑὴίωῑιιῐι
2149 731 2413 797 Judicium,

350 820 359 835 ·
414 800 488 848 seu
507 815 587 864 per
608 801 732 864 quod
750 800 943 848 Coelum
956 800 1007 848 ⁴&
1025 800 1166 847 Terra
1183 798 1431 855 interitura,
1457 799 1544 847 tale
1566 797 1845 847 intellestum
1861 799 1911 864 sit
1934 820 1948 855 ;
1974 799 2222 849 secundum
2240 801 2416 855 sensum

414 868 559 914 literae
595 868 657 914 ita
694 866 774 925 est,
811 865 1032 931 nusquam
1070 877 1223 915 autem
1262 863 1510 913 secundum
1535 864 1709 913 sensum
1749 865 2010 923 internum;
2046 866 2294 917 secundum
2319 870 2416 920 sen-

416 933 517 981 sum
531 935 761 982 internum
785 949 864 998 per
886 933 1126 981 Ultimum
1156 931 1395 994 Judicium
1433 931 1703 997 intelligitur
1740 933 1959 983 ultimum
1981 945 2164 999 tempus
2180 934 2414 997 Ecclefiae‚

416 1017 498 1064 per
507 1001 699 1048 Coelum
716 1002 766 1048 ὅτ.
777 1001 968 1048 Terram
985 1015 1092 1063 quae
1109 1001 1320 1064 peritura,
1333 998 1600 1062 intelligitur
1615 998 1814 1047 Ecclesia
1826 999 1981 1064 quoad
1994 998 2171 1050 cultum
2186 1002 2415 1052 internum

418 1071 468 1115 δε
493 1079 749 1123 externum,
785 1082 891 1131 quae
914 1066 1114 1115 Ecclesia
1158 1065 1283 1113 nulla
1305 1065 1376 1122 fit,
1411 1065 1597 1129 quando
1621 1065 1743 1113 nulla
1758 1066 1946 1114 charitas
1961 1085 1976 1115 t
2014 1066 2253 1118 Ultimum
2277 1070 2414 1132 Judi-

418 1137 545 1181 cium
571 1131 657 1181 fuit
679 1135 1014 1196 Antiquiffimae
1035 1132 1268 1187 Ecclesiae,
1308 1147 1416 1178 cum
1440 1131 1568 1178 desiit
1587 1135 1738 1179 omnis
1767 1131 1953 1180 charitas
1983 1133 2033 1180 ὅτ
2057 1135 2186 1193 fides,
2222 1137 2272 1184 δε
2306 1153 2416 1186 cum

418 1200 542 1247 nulla
561 1201 808 1264 perceptio,
843 1198 971 1261 quod
992 1195 1161 1244 facturn
1181 1199 1390 1260 proxime
1405 1209 1507 1243 ante
1520 1196 1766 1254 diluvium,
1802 1197 1951 1261 ipsum
1967 1198 2215 1258 diluvium,
2250 1202 2307 1249 de
2323 1220 2421 1268 quo

420 1265 569 1330 su'pra,
602 1263 692 1311 fuit
715 1264 956 1311 Ultimum
979 1263 1219 1325 Judicium
1245 1262 1370 1311 istius
1390 1261 1621 1320 Ecclesiae,
1661 1275 1773 1310 tunc
1812 1265 1945 1327 periit
1960 1265 2150 1314 Coelum
2184 1269 2234 1315 ὅτ
2255 1269 2419 1330 Terra,

418 1332 506 1381 hoc
520 1331 599 1388 est,
624 1330 841 1388 Ecclesia,
877 1330 925 1377 &
951 1344 1129 1377 novum
1150 1329 1342 1376 Coelum
1361 1330 1410 1377 &
1435 1344 1554 1377 nova
1567 1330 1713 1377 Terra
1734 1343 1876 1378 creata
1899 1329 2016 1388 sunt,
2052 1331 2141 1380 hoc
2179 1333 2260 1392 est,
2302 1350 2422 1385 nova

419 1398 637 1455 Ecclesia,
673 1414 781 1461 quae
819 1396 1019 1445 Ecclesia
1054 1398 1263 1460 Antiqua
1300 1395 1536 1460 appellata,
1582 1396 1639 1443 de
1685 1412 1775 1460 qua
1794 1398 1957 1445 ‘etiam
1990 1398 2141 1446 aditum
2181 1401 2243 1447 est
2271 1423 2285 1457 ;
2319 1401 2421 1451 haec

420 1481 605 1529 quoque
638 1463 835 1512 Ecclesia
874 1462 1006 1510 suum
1041 1462 1260 1509 ultimum
1305 1475 1489 1525 tempus
1523 1461 1695 1518 habuit,
1739 1475 1851 1510 tunc
1895 1480 2076 1528 nempe,
2113 1481 2221 1514 cum
2268 1470 2421 1518 omnis

421 1532 608 1579 charitas
647 1529 924 1593 frigescebat,
959 1530 1010 1576 δε
1049 1530 1201 1576 omnis
1238 1529 1352 1576 fides
1383 1528 1769 1586 obtenebrabatur,
1804 1530 1933 1593 quod
1956 1528 2060 1590 „fuit
2091 1532 2208 1580 circa
2239 1545 2423 1598 tempus

423 1599 580 1653 Eberi,
618 1597 704 1644 hoc
734 1610 916 1660 tempus
957 1593 1045 1642 fuit
1077 1596 1317 1651 Ultimum
1340 1594 1581 1655 Judicium
1611 1594 1736 1652 istius
1770 1595 2006 1653 Ecclefiae,
2040 1612 2148 1658 quae
2186 1597 2276 1647 fuit
2308 1602 2421 1649 Coe-

422 1666 521 1711 lum
546 1665 596 1711 &
612 1665 758 1711 Terra
779 1679 885 1726 quae
904 1662 1164 1726 perierunt,
1203 1661 1394 1709 Coelum
1409 1676 1586 1708 novum
1610 1662 1660 1709 δε
1682 1663 1827 1709 Terra
1849 1677 1968 1710 nova
1989 1661 2078 1711 fuit
2093 1663 2296 1714 Ecclesia
2318 1668 2424 1716 He-

424 1732 575 1786 braea-,
613 1729 711 1777 haec
742 1745 924 1793 quoque
948 1728 1080 1776 suum
1106 1728 1324 1776 ultimum
1363 1739 1563 1791 tempus,
1598 1727 1671 1775 seu
1694 1727 1932 1776 Ultimum
1972 1729 2213 1791 Judicium
2250 1732 2423 1792 habuit,

421 1802 535 1845 'cum
550 1796 827 1844 idololatrica
847 1795 960 1842 faeta
981 1818 995 1851 ·‚
1020 1810 1156 1859 quare
1178 1795 1319 1843 Nova
1331 1794 1529 1842 Ecclesia
1551 1793 1826 1852 exsuscitata,
1843 1795 1895 1843 δε
1912 1794 2004 1844 ‘hoc
2020 1798 2141 1861 apud
2156 1799 2319 1860 Jacobi
2375 1817 2426 1850 o-

426 1863 579 1920 steros,
603 1879 722 1927 .quae
745 1860 946 1909 Ecclesia
968 1862 1160 1923 Judaica
1183 1860 1420 1925 appellata,
1460 1876 1568 1924 quae
1591 1877 1684 1909 non
1705 1862 1790 1910 alia
1805 1861 2002 1910 Ecclesia
2032 1876 2141 1922 erat,
2177 1879 2316 1930 quam
2378 1884 2425 1917 c-

427 1930 557 1978 clesia
596 1928 977 1993 Repraesentativa
1007 1928 1246 1975 Charitatis
1268 1929 1319 1976 &
1357 1929 1397 1976 F
1399 1927 1523 1983 idei·,
1559 1929 1606 1975 in
1621 1928 1696 1976 illa
1718 1928 1931 1986 Ecclesia,
1966 1929 2041 1977 seu
2073 1932 2197 1995 apud
2229 1933 2431 1998 posteros

428 1996 607 2057 Jacobi,
644 1995 768 2042 nulla
783 1994 871 2042 fuit
893 1995 1082 2042 charitas
1099 1995 1149 2042 &
1183 1995 1313 2051 fides,
1349 2010 1483 2058 quare
1498 2010 1580 2042 nec
1602 1994 1696 2042 ulla
1709 1995 1923 2052 Ecclesia,
1962 1995 2038 2043 sed
2068 1998 2211 2047 modo
2235 2001 2427 2066 Reprae'-
2464 2043 2467 2046 ,

430 2063 625 2109 tativum
648 2062 880 2118 Ecclesiae,
922 2062 983 2109 ob
1001 2061 1194 2118 causam,
1230 2063 1336 2126 quia
1358 2061 1622 2109 immediata
1644 2078 1737 2114 non
1770 2062 1865 2108 dari
1888 2064 2043 2125 potuit
2067 2067 2425 2115 communicatio

430 2129 586 2192 Regni
608 2129 802 2176 Domini
825 2130 871 2175 in
889 2128 1033 2175 Coelis
1057 2142 1167 2176 cum
1189 2128 1340 2192 aliqua
1364 2126 1560 2175 Ecclesia
1583 2143 1688 2175 vera
1709 2129 1754 2175 in
1770 2130 1913 2185 terris,
1924 2144 2063 2191 quare
2079 2127 2194 2178 facta
2217 2131 2280 2178 est
2296 2148 2424 2180 com-

434 2196 684 2259 municatio
708 2195 903 2242 mediata
917 2212 997 2258 per
1014 2193 1398 2258 Repraesentativa
1419 2217 1433 2250 3
1453 2192 1588 2309 hnjixas
1602 2194 1663 2242 sic
1687 2194 1822 2241 dietae
1838 2193 2052 2242 Ecclefiae
2074 2195 2293 2244 ultimum
2307 2211 2424 2246 tem-

433 2277 536 2324 puS,
548 2261 619 2308 seu
630 2261 866 2318 Ultimum
877 2261 1118 2322 Judicium
1135 2259 1238 2317 fuit,
1249 2277 1358 2308 cum
1368 2262 1545 2308 Domin
1579 2262 1655 2308 sin
1665 2259 2045 2321 mundunsvenit,
2059 2277 2164 2308 nam
2174 2275 2284 2311 tunc
2295 2265 2425 2315 cessa-

436 2323 543 2374 runt
559 2323 932 2390 repraesentativa,
969 2342 1133 2389 nempe
1157 2327 1364 2374 sacrificia
1387 2330 1436 2373 &
1455 2324 1620 2384 similes
1644 2328 1774 2382 ritus,
1809 2327 1890 2389 qui
1905 2338 1956 2372 ut
1970 2327 2193 2386 cessarent,
2229 2345 2288 2376 ex
2312 2343 2427 2381 terta

436 2394 642 2440 Canaane
662 2391 790 2457 ejecii
811 2392 940 2440 sunt:
976 2393 1078 2456 post
1102 2393 1204 2448 hoc,
1248 2393 1445 2441 Novum
1470 2393 1660 2440 Coelum
1683 2393 1734 2439 δε
1770 2392 1911 2439 Nova
1933 2393 2090 2451 Terra,
2128 2409 2273 2443 creata
2304 2396 2425 2456 sunt,

439 2475 604 2523 nempe
620 2475 738 2506 nova
761 2458 975 2515 Ecclesia,
1016 2475 1122 2522 quae
1145 2459 1334 2506 dicenda
1354 2458 1418 2505 est
1452 2451 1651 2507 Ecclesia
1673 2460 1929 2515 Primitiva,
1954 2461 2132 2524 incepta
2155 2479 2179 2509 a
2201 2463 2428 2524 Domino,

440 2526 491 2572 δε
509 2524 613 2572 dein
637 2525 870 2573 successive
895 2524 1194 2582 corroborata,
1230 2541 1337 2589 quae
1350 2527 1561 2588 primitus
1585 2527 1631 2572 in
1648 2526 1859 2573 charitate
1881 2526 1932 2572 &
1955 2524 2147 2574 fidefuit
2167 2550 2182 2583 ς
2218 2529 2274 2576 de
2297 2529 2431 2592 hujus

442 2591 657 2639 Ecclesiae
674 2593 857 2639 interitu
881 2592 1147 2655 praedicitur
1160 2609 1185 2638 a
1198 2592 1408 2639 Domino
1424 2592 1543 2654 apud
1560 2591 1886 2656 Evangelista8‚
1922 2592 1973 2639 &
2001 2608 2083 2656 per
2103 2594 2361 2656 Johannem
2384 2599 2432 2646 i‘n

444 2658 738 2721 Apocalypsi,
775 2660 855 2721 qui
890 2659 1101 2713 interitus,
1132 2657 1309 2722 estqui
1338 2671 1531 2706 vocatur
1567 2658 1805 2706 Ultimum
1852 2659 2131 2720 Judicium3
2167 2677 2260 2708 non
2304 2663 2432 2724 quod

445 2740 568 2770 nunc
587 2724 776 2771 Coelum
799 2726 1001 2772 &Terra
1018 2725 1230 2787 peritura,
1243 2724 1315 2772 sed
1332 2725 1457 2788 quod
1472 2726 1797 2774 novaEcclesia
1812 2727 1857 2773 in
1876 2726 2075 2788 quoda-m
2090 2738 2306 2774 terrarum
2323 2729 2433 2777 orbe

447 2790 732 2847 excitabitur,
769 2805 976 2839 manente
998 2791 1080 2839 hac
1105 2794 1151 2838 in
1174 2791 1251 2838 suo
1276 2792 1402 2838 cultu
1427 2804 1626 2849 externo,
1653 2793 1765 2840 ficut
1788 2792 1943 2853 Judaei
1967 2794 2014 2838 in
2037 2792 2132 2848 suo,
2159 2793 2206 2838 in
2228 2806 2431 2856 quorum

449 2855 574 2901 cultu
594 2857 717 2917 quod
737 2858 847 2905 nihil
871 2858 1092 2905 charitatis
1117 2860 1165 2904 δε
1181 2857 1370 2914 fideisit‚
1406 2857 1492 2904 hoc
1515 2857 1595 2915 est,
1631 2859 1743 2905 nihil
1761 2857 1991 2914 Ecclefiae,
2017 2857 2124 2903 ⁴satis
2148 2870 2310 2905 notum
2336 2860 2400 2908 est
2415 2884 2431 2916 ;

450 2921 551 2968 haec
582 2924 626 2967 in
650 2926 887 2969 communi
920 2925 976 2970 de
999 2923 1186 2971 Ultimo
1209 2924 1422 2984 Judicio:
1458 2925 1511 2970 ln
1539 2925 1810 2987 particulari,
1847 2923 1910 2969 est
1932 2922 2170 2970 Ultimum
2194 2925 2434 2985 Judicium

453 2988 614 3043 cuivis,
652 2986 798 3034 statim
823 2992 943 3035 cum’
957 2992 1166 3046 moritur,
1202 3005 1308 3035 nam
1334 2991 1619 3036 tunc‘tranfit
1642 2992 1687 3035 in
1712 2989 1894 3035 alteram
1931 2990 2088 3046 vitam,
2124 2991 2169 3036 in
2195 3007 2300 3054 qua,
2326 3005 2437 3040 curn

454 3055 579 3100 venit
595 3056 641 3100 in
658 3055 800 3099 vitam
824 3069 962 3115 quam
979 3055 1134 3101 habuit
1150 3057 1196 3101 in
1219 3071 1423 3117 corpore,
1450 3053 1684 3116 judicatur
1697 3055 1770 3101 vel
1793 3055 1848 3101 ad
1882 3058 2079 3101 morte’m
2101 3055 2175 3102 vel
2199 3057 2256 3103 ad
2280 3059 2438 3106 vitam.

454 3120 693 3166 Ultimum
716 3118 953 3178 Judicium
991 3136 1173 3182 quoque
1196 3120 1260 3166 est
1294 3123 1341 3166 in
1373 3120 1599 3182 singulari,
1634 3121 1752 3184 apud
1776 3121 2010 3168 hominem
2034 3123 2113 3184 qui
2128 3119 2361 3184 judicatur
2384 3125 2446 3179 ad

457 3198 675 3242 mortem,-
707 3185 807 3231 sunt
845 3187 998 3232 omnia
1021 3187 1069 3233 &c
1101 3185 1274 3248 singula
1295 3201 1399 3248 quae
1425 3185 1743 3242 condemnant,
1780 3203 1886 3234 nam
1925 3187 2036 3234 nihil
2068 3200 2164 3234 tam
2196 3190 2442 3237 minimum

457 3251 587 3298 datur
610 3253 655 3299 in
679 3249 772 3316 ejus
797 3253 1069 3316 cogitatione
1087 3252 1136 3300 &
1159 3251 1408 3309 voluntate,
1445 3253 1572 3315 quod
1596 3268 1687 3300 non
1710 3254 1853 3302 simile
1875 3253 1939 3302 est
1960 3253 2126 3303 ultimo
2143 3252 2236 3318 ejus
2244 3253 2440 3318 judicio,

2265 3322 2315 3367 ὅτ
2337 3337 2445 3369 eum
