2788 3736
614 277 1053 349 CAPUT
1144 276 2070 371 DUODEGIMUJM.
2261 308 2398 375 477

385 411 596 467 -Domini
619 410 946 468 Misericordia,
982 409 1031 460 in
1055 408 1371 474 sequentibus3
1408 408 1458 456 &
1481 410 1590 473 quia
1605 409 1704 459 talis
1727 411 2119 478 correspondentia
2133 412 2197 463 est
2217 413 2333 464 lucis
2354 418 2404 466 &

384 479 773 533 .intelle‹5tualium
814 478 864 526 in
895 476 1034 535 coelo,
1069 478 1117 524 in
1142 476 1266 525 sensu
1291 477 1468 527 interno
1490 475 1564 524 hic
1594 478 1645 524 &
1667 477 1774 526 alibi
1799 480 1846 526 in
1869 480 2028 529 Verbo
2050 497 2132 547 per
2160 483 2405 538 meridiem

402 563 497 598 non
543 546 663 594 aliud
703 544 1011 609 significatur:
1045 543 1267 602 Meridies
1299 542 1525 606 significat
1564 542 1639 591 hic
1662 544 2025 609 intelligentiam,
2081 564 2190 613 quae
2218 564 2406 615 compa-

405 627 527 663 ratur
540 629 621 677 per
634 613 915 676 cognitiones
941 634 956 668 ·,
992 611 1275 674 cognitiones
1299 608 1400 657 sunt
1439 609 1650 657 veritates
1673 610 1878 660 coelestes
1900 614 1952 662 δε
1990 613 2256 678 spirituales,
2295 633 2406 680 quae

401 681 503 729 sunt
527 680 723 729 totidem
748 678 1012 728 radiationes
1027 678 1147 725 lucis·
1164 678 1211 725 in
1228 676 1371 734 coelo,
1405 675 1456 724 &
1479 675 1693 725 sistuntur
1707 693 1892 742 quoque
1914 679 2107 738 visibiles
2130 698 2213 746 per
2233 681 2404 740 lucem,

399 761 453 796 ut
501 748 679 795 di&um
698 770 714 803 3
749 747 855 811 quia
891 745 1124 794 Dominus
1162 760 1284 792 nunc
1306 742 1584 792 imbueretur
1621 745 1976 808 cognitionibus,
2012 759 2065 795 ut
2106 748 2260 812 quoad
2291 751 2406 802 Hu-

401 830 588 863 manam
612 814 855 867 Effentiam
881 828 1067 878 quoque
1092 811 1219 860 fieret
1251 809 1353 875 Ipsa
1384 810 1495 858 Lux
1519 810 1678 869 Coeli,-
1696 811 1771 858 hic
1794 812 1976 870 dicitur,
2011 815 2140 878 quod
2175 814 2405 880 profeetus

383 882 555 930 -eundo
579 882 630 931 δε
650 877 979 944 proficiscendo
1016 877 1168 926 versus
1199 877 1468 933 meridiem:
1502 877 1631 942 quod
1654 877 1865 926 meridies
1902 879 2124 943 significet
2163 883 2254 938 illa,
2290 899 2402 932 con-

401 948 511 996 stare
532 947 677 1012 potest
708 963 734 994 a
756 945 976 995 similibus
1006 946 1053 998 in
1076 945 1249 1002 Verbo,
1284 955 1339 993 ,ut
1376 942 1500 1008 apud
1529 943 1726 1002 Esaiam,
1764 949 1797 972 “
1821 945 1989 993 Dicam
2013 945 2301 1010 septentrioni
2325 951 2400 1008 da,

399 1020 438 1043 ‘⁶
476 1016 526 1064 &
549 1013 756 1065 Meridiei
777 1030 835 1062 ne
857 1012 1047 1069 inhibe;
1082 1010 1232 1061 adduc
1267 1010 1388 1059 filios
1412 1025 1540 1058 meos
1584 1027 1610 1058 e
1640 1010 1916 1076 longinquo,
1951 1012 2001 1060 ὅτ,
2024 1013 2138 1061 filias
2175 1030 2296 1063 meas
2343 1017 2401 1065 ab

399 1086 438 1110 “
472 1082 753 1130 extremitate
774 1081 958 1136 terras?
990 1094 1155 1126 zmil:
1188 1079 1239 1125 ·6.
1275 1076 1518 1141 septentrio
1542 1092 1628 1142 pro
1651 1078 1738 1126 illis
1769 1081 1851 1142 qui
1891 1081 1938 1127 in
1962 1079 2232 1143 ignorantia,
2267 1086 2404 1132 meri·

380 1149 496 1196 -dies
518 1164 604 1212 pro
627 1146 715 1198 illis
729 1147 882 1210 quiin
898 1142 1280 1209 cognitionibus3
1316 1143 1401 1192 filii
1415 1159 1503 1208 pro
1525 1146 1661 1202 veris,
1696 1146 1748 1195 δε
1779 1146 1890 1195 filiae
1924 1162 2010 1211 pro
2040 1146 2182 1196 bonis.
2254 1149 2406 1215 Apud

398 1215 633 1270 Eundem,
670 1217 705 1242 ‘⁶
739 1212 789 1261 si
817 1209 1118 1277 expromseris
1155 1209 1366 1259 famelico
1389 1211 1590 1260 ahimam
1615 1225 1760 1269 tuam,
1794 1214 1846 1261 δε
1869 1215 2070 1261 animam
2087 1215 2298 1264 afflictam
2338 1216 2404 1264 sa-

376 1285 436 1319 -“
469 1279 706 1338 tutaveris,
739 1279 790 1328 δι
825 1279 1054 1327 exorietur
1090 1279 1137 1325 in
1160 1276 1354 1326 tenebris
1390 1276 1465 1342 qu
1488 1289 1581 1335 tua,
1627 1280 1677 1326 δε
1703 1278 1852 1344 caligo
1889 1291 1968 1328 tua
1997 1279 2115 1329 ficut
2139 1283 2404 1342 Meridies,”

396 1362 564 1396 tvm:
600 1363 671 1397 10.
712 1361 979 1409 expromere
1019 1343 1229 1392 famelico
1258 1344 1477 1401 animam,
1513 1343 1565 1392 &
1603 1346 1803 1394 animam
1841 1346 2053 1395 afflictam
2076 1347 2282 1406 saturare,
2316 1366 2404 1415 pro

397 1413 531 1462 bonis
554 1411 782 1463 charitatis
805 1412 852 1460 in
875 1427 1059 1476 genere,
1093 1411 1320 1459 exorietur
1336 1409 1384 1457 in
1404 1409 1599 1458 tenebris
1630 1412 1727 1468 lux,
1759 1428 1847 1476 pro
1867 1412 1994 1476 quod
2030 1412 2118 1462 illis
2143 1415 2403 1482 intelligen-

393 1481 461 1528 tia
481 1480 592 1537 veri,
625 1479 677 1529 δε
699 1478 848 1542 caligo
881 1479 1000 1527 sicut
1030 1477 1258 1534 meritum,
1292 1491 1387 1540 pro·
1414 1476 1543 1539 quod
1582 1477 1669 1525 illis
1691 1477 1904 1543 sapientia
1940 1477 2048 1529 boni
2072 1502 2087 1536 -,
2117 1482 2323 1531 meridies
2345 1499 2404 1550 ep:

392 1546 547 1596 calore
569 1544 796 1608 fignificat
818 1544 1012 1602 bonum,
1049 1560 1105 1593 ex
1135 1543 1238 1592 luce
1253 1559 1431 1592 verum.
1502 1543 1651 1609 Apud
1671 1544 1984 1604 Ezechielem,
2021 1552 2054 1574 “
2078 1548 2133 1596 In
2156 1547 2403 1598 visionibus

395 1618 434 1641 “
470 1614 563 1662 Dei
576 1612 768 1661 adduxit
790 1628 867 1660 me
889 1612 937 1659 in
959 1624 1124 1660 terram
1145 1609 1332 1668 Israelis,
1377 1610 1429 1658 δε
1450 1609 1600 1675 posuit
1623 1628 1698 1660 me
1718 1611 2030 1679 super4monte
2060 1614 2152 1662 alto
2175 1615 2324 1674 valde,
2351 1618 2402 1667 δε

393 1685 436 1709 “
469 1679 601 1743 super
612 1695 708 1743 quo
729 1677 853 1742 quasi
875 1677 1311 1741 struituraxiyitatis
1332 1691 1359 1723 a
1394 1677 1633 1734 Meridie,”
1651 1694 1754 1738 ‘xia
1783 1696 1826 1728 2.
1850 1673 1909 1728 de
1936 1695 2058 1742 nova
2078 1680 2403 1747 Hierosolyma

399 1745 474 1795 seu
495 1747 665 1810 Regno
688 1745 900 1801 Domini,
923 1744 1052 1808 quod
1078 1745 1187 1807 quia
1219 1745 1266 1791 in
1290 1744 1392 1794 luce
1425 1743 1649 1809 sapientiae
1680 1745 1731 1792 &
1767 1740 2096 1810 intelligentiae,
2137 1746 2202 1796 est
2236 1765 2263 1796 a
2301 1747 2399 1808 me-

397 1812 525 1860 ridie.
595 1810 740 1876 Apud
759 1810 1007 1868 Davidem,
1043 1815 1078 1838 “
1101 1810 1310 1872 Jehovah
1328 1811 1494 1860 educet
1514 1811 1631 1860 ficut
1651 1810 1781 1860 lucem
1811 1810 2041 1877 justitiam¹
2058 1825 2202 1870 tuam,
2238 1817 2287 1863 δε
2319 1813 2399 1880 ju-

372 1884 438 1917 .“
478 1879 653 1927 dicium
706 1889 843 1926 tuum
889 1877 1004 1926 sicut
1040 1877 1322 1936 Meridiem‚”
1352 1877 1538 1929 Psalm:
1581 1893 1787 1926 xxxvu:
1846 1880 1891 1927 6.
1961 1879 2109 1943 Apud
2162 1879 2401 1941 Eundem,

355 1964 357 1966 ·
397 1950 437 1974 “
469 1945 581 1993 Non
599 1943 779 1999 timebis
802 1961 829 1992 a
850 1959 1018 2008 pavore
1040 1947 1189 2002 ηοὲἳὶε,
1224 1961 1251 1992 a
1271 1943 1430 2009 sagitta
1451 1945 1671 1994 volaverit
1685 1961 1764 2009 per
1785 1945 1909 2003 diem,
1944 1962 1969 1993 a
1990 1945 2112 2010 peste
2134 1947 2182 1994 in
2202 1948 2398 2013 caligine,

402 2010 670 2068 ambulabit,
706 2007 763 2060 ab
784 2010 966 2060 excidio
1003 2009 1143 2058 vastat
1161 2012 1208 2059 in
1228 2012 1468 2069 Meridie,”
1502 2011 1685 2061 Psalm:
1722 2028 1834 2060 xci:
1872 2014 1915 2060 6.
1935 2029 2028 2060 non
2051 2013 2210 2061 timere
2243 2014 2300 2065 ab
2321 2031 2400 2063 ex-

388 2078 522 2126 cidio
539 2077 668 2142 quod
683 2077 823 2130 vastat
846 2079 891 2125 in
910 2074 1114 2135 meridie,
1133 2094 1219 2142 pro
1235 2095 1260 2126 a
1276 2078 1578 2136 damnatione,
1595 2094 1704 2143 quae
1720 2079 1863 2126 oritur
1878 2079 2000 2143 apud
2022 2096 2099 2128 eos
2123 2081 2204 2144 qui
2221 2082 2269 2128 in
2285 2097 2399 2147 cog-

393 2144 646 2193 nitionibus
685 2143 787 2192 sunt
810 2145 859 2194 &
894 2144 990 2193 illas
1013 2157 1291 2209 pervertunt.
1361 2146 1509 2210 Apud
1532 2144 1840 2204 Ezechielem,
1868 2151 1902 2174 “
1926 2146 2015 2194 Fili
2038 2145 2253 2205 hominis,
2280 2165 2401 2212 pone

370 2215 434 2249 -“
468 2209 600 2261 facies
623 2223 723 2262 tuas
745 2209 896 2260 versus
918 2211 1166 2268 Meridiem‚
1202 2213 1252 2261 δε
1288 2210 1402 2259 stilla
1422 2212 1481 2260 ad
1504 2212 1750 2268 Meridiem,
1785 2213 1835 2261 &
1873 2212 2096 2277 propheta
2137 2213 2194 2261 ad
2224 2214 2251 2261 s
2273 2214 2400 2265 lvam

396 2282 437 2305 “
472 2279 571 2340 agri
593 2277 819 2336 Meridiei,
841 2279 892 2326 &
930 2277 1054 2327 dicas
1093 2277 1474 2345 sylvae.Meridiei,
1509 2277 1836 2327 comburentur
1873 2280 1920 2326 in
1958 2295 2011 2326 ea
2044 2295 2203 2328 omnes
2225 2231 2359 2330 fiicies
2374 2298 2401 2329 a

362 2376 370 2380 -
398 2347 438 2371 ‘⁶
471 2343 663 2392 Meridie
684 2343 741 2391 ad
765 2346 1162 2409 septentrionem?
1195 2361 1305 2394 xxi:
1343 2363 1391 2404 2,
1419 2363 1465 2410 3,
1502 2345 1627 2410 sylva
1666 2345 1871 2394 meridiei
1893 2362 1979 2411 pro
2012 2346 2099 2395 illis
2121 2348 2271 2411 quiin
2295 2347 2399 2398 luce

395 2410 643 2458 veritatum
681 2407 799 2467 sunt,
835 2411 886 2458 &
931 2427 1031 2459 eam
1052 2411 1366 2478 exstinguunt,
1401 2413 1463 2460 ita
1501 2428 1588 2478 pro
1633 2413 1687 2460 iis
1724 2414 1807 2477 qui
1828 2413 1946 2462 intra
1981 2412 2231 2462 Ecclefiam
2272 2415 2395 2467 tales.

390 2475 548 2539 xApud
583 2475 840 2532 Danielem,
878 2481 913 2504 “
935 2477 1014 2525 Ex
1055 2494 1150 2527 uno
1188 2479 1246 2527 de
1278 2479 1366 2527 illis
1387 2481 1530 2528 exivit
1552 2495 1694 2528 cornu
1724 2475 1874 2527 unum
1907 2480 2146 2544 exiguum,
2181 2482 2231 2529 δι
2253 2483 2397 2528 crevit

396 2547 434 2569 “
470 2541 673 2590 multum
695 2541 752 2589 ad
768 2542 1013 2600 lideridt‘em,
1050 2545 1099 2592 ὅτ
1123 2545 1181 2592 ad
1215 2558 1389 2602 ortum,
1424 2546 1475 2594 δε
1497 2545 1558 2593 ad
1579 2546 1736 2601 decus,
1772 2547 1822 2593 &
1848 2549 1991 2594 crevit
2012 2546 2150 2610 usque
2173 2547 2231 2594 ad
2269 2564 2396 2594 exer-

397 2613 435 2636 “
471 2609 617 2660 citum
640 2608 921 2666 coelorum,''
942 2625 1042 2656 V111
1064 2628 1075 2658 ε
1114 2628 1162 2675 9,
1193 2629 1267 2660 ιο.
1292 2626 1379 2674 pro
1395 2611 1483 2664 illis
1497 2612 1579 2675 qui
1602 2620 1875 2675 oppugnant
1891 2612 2007 2660 bona
2022 2614 2072 2661 &
2090 2629 2207 2661 vera.
2245 2613 2393 2676 Apud

398 2676 663 2737 Jeremiam,
701 2680 735 2703 ‘⁶
758 2675 877 2724 Date
910 2673 1102 2737 Jehovae
1124 2678 1230 2725 Deo
1262 2677 1411 2731 vestro
1433 2677 1647 2740 gloriam,
1680 2689 1921 2741 antequam
1950 2678 2308 2726 obtenebrescere
2330 2677 2396 2728 fa-

397 2747 434 2770 “
469 2743 547 2798 cit,
585 2743 636 2790 &
659 2753 899 2806 antequam
931 2742 1165 2792 offendant
1200 2743 1340 2808 pedes
1377 2743 1512 2790 vestri
1557 2743 1689 2807 super
1726 2756 1906 2792 montes
1941 2744 2207 2808 crepusculi,
2243 2746 2293 2794 ὅτ
2314 2762 2397 2795 ex-

360 2838 366 2845 ·
397 2813 434 2836 “
469 2808 721 2871 spectabitis
743 2809 914 2866 lucem,
949 2809 999 2858 δε
1016 2822 1157 2873 ponet
1177 2826 1279 2858 eam
1303 2810 1350 2856 in
1376 2809 1588 2857 umbram
1610 2809 1838 2867 lethalem,
1872 2824 2015 2873 ponet
2047 2815 2094 2858 in
2114 2811 2356 2875 caliginem
2375 2836 2392 2868 ς

397 2878 435 2910 ‘⁴
469 2875 591 2924 urbes
614 2875 820 2925 Meridiei
838 2875 1000 2924 clausae
1019 2889 1169 2934 erunt,
1205 2877 1255 2925 &
1293 2892 1385 2924 non
1415 2877 1666 2940 aperiens,'’
1699 2892 1832 2924 xiii:
1876 2876 1952 2934 16,
1996 2895 2067 2943 19.
2103 2877 2237 2926 urbes
2259 2882 2395 2932 meri-

359 2952 361 2955 ’
399 2944 435 2968 “
471 2939 562 2987 diei
583 2957 668 3004 pro
690 2942 1030 3006 cognitionibus
1054 2945 1150 2991 veri
1173 2943 1223 2992 &
1249 2943 1373 2991 boni.
1444 2942 1592 3006 Apud
1616 2940 1863 2999 Obadiam,
1901 2947 1935 2970 “
1958 2944 2199 3007 Deportati
2224 2946 2391 2993 Hiero-

395 3010 435 3033 “
469 3004 675 3069 solymae,
710 3010 794 3070 qui
830 3010 878 3058 in
901 3009 1148 3074 Sepharad,
1184 3009 1516 3059 haereditabunt
1553 3008 1677 3057 urbes
1708 3010 1963 3067 Mer-idiei,”
1987 3009 2115 3060 vers:
2155 3029 2231 3062 20.
2260 3012 2393 3060 urbes

402 3072 607 3119 meridiei
628 3071 831 3122 fimiliter
867 3091 955 3139 pro
998 3077 1117 3124 veris
1154 3078 1204 3125 &
1245 3077 1392 3134 bonis,
1430 3076 1534 3124 inde
1555 3092 1643 3140 pro
1675 3075 1781 3143 ipfis
1805 3077 1989 3126 veris&
2011 3077 2159 3135 bonis,
2192 3093 2391 3141 quorum

397 3137 629 3194 haeredes;
653 3140 803 3201 agitur
823 3139 965 3189 ibide
981 3143 1150 3206 Regno
1171 3145 1381 3193 Domini.
1451 3143 1598 3209 Qiod
1614 3142 1792 3190 Abram
1810 3141 2045 3206 profestus-
2053 3143 2204 3191 eundo
2220 3145 2269 3192 &
2285 3160 2394 3207 pro·

358 3236 365 3241 -
395 3203 639 3252 ficiscendo
677 3204 828 3252 versus
865 3208 1121 3266 meridiem,
1154 3209 1395 3273 significet,
1429 3223 1483 3258 ut
1522 3210 1715 3266 dietum,
1748 3209 1944 3258 Domini
1968 3211 2321 3273 progressionem
2344 3211 2393 3255 in

394 3270 516 3332 bona
539 3273 589 3323 &
609 3285 732 3330 vera,
767 3273 830 3321 ita
861 3272 909 3321 in
937 3272 1106 3326 statum,
1133 3274 1340 3327 lucidum
1361 3277 1515 3343 quoad
1543 3277 1769 3336 interiora,
1795 3276 1867 3335 ,ita
1881 3275 1922 3326 se
1944 3274 2094 3336 habet,
2130 3275 2256 3349 quod
2269 3290 2390 3350 ‘cog-

2198 3352 2392 3391 nitiones
