2788 3736
367 277 469 320 '20
923 250 983 315 G
1076 252 1136 315 E
1230 213 1315 316 Ν
1399 250 1601 350 E'VS
1690 251 1741 315 vI
1826 249 1891 315 S.

386 403 420 422 “
456 396 563 452 abit,
589 394 821 460 quousque
844 394 1025 440 Lucem
1051 390 1234 447 habetiS,
1260 390 1426 438 credite
1449 391 1495 438 in
1520 390 1716 449 Lucem,
1740 405 1793 447 ut
1815 393 1920 441 Filii
1944 391 2086 441 Lucis
2107 391 2248 451 fitis,”
2273 406 2347 441 xxx
2369 412 2381 442 ε

387 481 466 524 35,
495 463 569 525 36.
640 462 843 506 Vocatur
876 459 1011 505 etiam
1036 459 1249 514 Amicus,
1304 462 1339 484 ‘⁶
1371 457 1470 504 Vos
1509 458 1645 505 amici
1680 460 1770 506 mei
1801 459 1917 517 estis,
1953 459 1985 507 si
2010 457 2219 517 feceritis,
2255 455 2384 523 qu'ae-

385 545 562 591 cunque
585 528 692 589 Ego
731 524 900 572 mando
939 521 1119 580 Vobis?
1155 523 1275 585 Joh:
1313 539 1380 570 xv
1403 541 1414 570 :
1440 541 1514 583 14,
1548 540 1618 586 15.
1689 523 1779 570 Sed
1817 525 1985 583 Homo
2028 525 2251 583 Coelestis,
2302 526 2384 589 qui

385 593 660 646 Similitudo,
695 605 900 647 vocatur,
937 591 1078 638 Filius
1116 591 1224 646 Dei,
1272 589 1394 652 apud
1418 589 1690 650 Johannem,
1750 594 1784 616 “
1820 591 2069 654 Qotquot
2099 605 2382 654 receperunt,

387 666 415 686 ‘·
453 659 576 704 dedit
601 657 685 703 illis
710 657 993 721 potestatem,
1029 670 1081 703 ut
1104 656 1185 703 filii
1209 658 1297 703 Dei
1321 655 1472 711 effent,
1509 654 1792 702 credentibus
1828 657 1873 702 in
1897 656 2084 704 Nomen
2108 657 2268 719 Ipfius,
2303 659 2383 720 qui

387 731 419 751 “
455 740 546 771 non
570 740 625 770 ex
649 723 951 785 sanguinibus,
988 739 1133 786 neque
1156 738 1212 770 ex
1234 722 1466 769 voluntate
1491 723 1649 779 carniS,
1675 738 1819 786 neque
1841 738 1897 769 ex
1919 722 2151 771 voluntate
2172 724 2276 780 viri,
2312 723 2387 770 sed

387 796 420 817 “
454 807 509 836 ex
531 791 634 837 Deo
658 792 750 836 nati
774 789 923 846 sunt,’'
951 806 998 836 1:
1043 806 1116 845 12,
1150 807 1221 852 13.
1305 790 1307 793 ⁴
1438 822 1443 829 -

454 873 530 918 52.
569 856 808 920 Qiamdiu
834 857 1000 903 Homo
1024 855 1273 918 Spiritualis
1306 854 1386 912 est,
1423 854 1630 919 procedit
1663 855 1923 902 dominium
1960 852 2055 901 e‘us
2095 854 2151 902 ab
2182 855 2390 902 Externo

384 923 570 970 homine
609 923 666 968 ad
689 923 940 978 Internum,
976 922 1090 968 sicut
1130 921 1204 968 hic
1240 922 1422 978 dicitur,
1461 920 1818 968 dominabuntur
1846 923 1894 968 in
1916 873 2055 984 pislces
2078 921 2228 978 maris,
2265 921 2386 968 &in

383 1004 516 1035 avem
554 988 797 1044 coelorum,
833 989 953 1035 &in
977 986 1178 1044 bestiam,
1222 989 1271 1035 &
1303 989 1349 1035 in
1386 1003 1574 1051 omnem
1599 1001 1780 1044 terram,
1839 988 1888 1034 ὅτ
1929 988 1976 1034 in
2010 1002 2147 1034 omne
2189 998 2385 1050 reptans,

381 1054 508 1118 quod
533 1066 675 1117 reptat
713 1053 843 1117 super
866 1066 1012 1108 terra·,
1048 1070 1157 1100 cum
1180 1066 1332 1101 autem
1366 1054 1421 1100 fit
1444 1053 1668 1110 Coelestis,
1703 1054 1752 1100 &
1792 1069 1850 1101 ex
1873 1055 2051 1102 Amore
2075 1052 2251 1100 bonum
2272 1055 2382 1116 agit,

382 1134 493 1167 tunc
517 1121 776 1167 dominium
798 1120 1003 1184 procedit
1027 1119 1082 1167 ab
1105 1121 1287 1167 Interno
1309 1120 1495 1167 homine
1534 1120 1601 1166 ad.
1615 1132 1872 1176 externum,
1908 1119 2022 1166 sicut
2043 1119 2274 1166 Dominus
2308 1119 2386 1166 de-

384 1187 533 1234 scribit
557 1189 614 1233 Se
637 1186 809 1249 Ipsum,
834 1187 886 1234 Scv
906 1186 967 1233 fic
989 1185 1122 1232 simul
1145 1185 1382 1233 hominem
1405 1185 1668 1240 Coelestem‚
1693 1187 1774 1249 qui
1797 1184 2062 1232 Similitudo
2081 1185 2242 1249 Ipfius,
2265 1185 2387 1249 apud

381 1253 629 1310 Davidem,
681 1258 714 1279 ‘⁶
738 1253 976 1299 Dominari
999 1249 1143 1299 fecisti
1165 1252 1303 1299 Illum
1329 1254 1375 1299 in
1398 1267 1533 1315 opera
1554 1267 1775 1298 manuum
1799 1264 1999 1307 tuarum,
2034 1252 2189 1298 omnia
2205 1250 2387 1314 posuisti

381 1323 417 1346 “
451 1318 533 1365 sub
547 1319 684 1382 pedes
701 1318 843 1375 Illius,
861 1334 1051 1382 gregem
1069 1319 1118 1366 &
1136 1330 1335 1365 armenta
1357 1319 1526 1375 omnia,
1548 1318 1597 1366 ὅτ
1611 1333 1795 1381 quoque
1819 1316 1975 1364 bestias
1999 1333 2231 1380 agrorum,
2254 1333 2387 1364 avem

383 1388 418 1411 “
453 1383 696 1441 coelorum,
730 1385 781 1432 δε
808 1383 947 1448 pisces
972 1385 1122 1441 mariS,
1161 1384 1461 1432 transeuntem
1485 1384 1659 1431 semitas
1683 1384 1928 1440 marium,”
1959 1383 2032 1430 hic
2056 1382 2160 1430 ideo
2181 1384 2388 1446 primum

380 1449 594 1498 dicuntur
617 1450 794 1507 Bestiae,
818 1451 921 1497 dein
947 1452 1082 1507 Avis,
1120 1463 1221 1498 tum
1244 1449 1391 1498 Pisces
1415 1451 1566 1507 maris,
1591 1452 1698 1514 quia
1719 1451 1863 1498 homo
1886 1448 2092 1498 Coelestis
2114 1448 2169 1496 ab
2191 1451 2385 1506 Amore,

379 1516 460 1587 qui
481 1515 544 1563 est
557 1517 817 1574 voluntatis,
842 1517 1064 1580 procedit,
1095 1517 1222 1564 aliter
1257 1533 1306 1564 ac
1342 1517 1465 1580 apud
1487 1516 1776 1580 Spiritualem
1806 1517 2058 1572 hominem,
2096 1515 2220 1579 apud
2244 1531 2386 1579 quem

374 1582 645 1647 ‚praecedunt
660 1582 798 1646 pisces
812 1583 862 1631 ὅτ
878 1599 997 1640 aves,
1013 1599 1118 1647 quae
1135 1582 1236 1630 sunt
1253 1583 1520 1640 intellectus,
1545 1584 1625 1646 qui
1639 1581 1702 1630 est
1719 1582 1842 1639 fidei,
1859 1582 1909 1630 δε
1923 1581 2168 1645 sequuntur
2184 1579 2350 1631 bestiae.

366 1677 370 1685 ·
449 1665 525 1712 53.
564 1648 688 1697 vers.
718 1665 794 1714 27.
832 1652 896 1697 Et
921 1652 1086 1697 creavit
1112 1651 1231 1698 Deus
1253 1650 1453 1697 hominem
1476 1652 1521 1696 in
1540 1650 1774 1712 Imaginem
1794 1649 1943 1711 Ipsius,
1977 1651 2023 1695 in
2046 1650 2274 1710 Imaginem
2299 1649 2387 1697 Dei

380 1717 547 1765 creavit
569 1716 687 1763 illum
705 1735 720 1763 .·
759 1715 906 1780 Qod
939 1715 1012 1762 hic
1037 1715 1104 1763 bis
1134 1715 1309 1763 dicatur
1331 1717 1509 1779 Imago,
1546 1715 1651 1762 inde
1680 1715 1759 1772 est,
1794 1716 1902 1778 quia
1934 1714 2070 1762 Fides
2093 1729 2199 1777 quae
2221 1713 2286 1761 est
2308 1714 2383 1761 In-

378 1780 599 1838 telIectus,
635 1793 826 1828 vocatur
863 1781 1028 1844 Imago
1063 1781 1240 1844 Ipsius,
1289 1783 1441 1828 Amor
1477 1793 1647 1836 autem,
1683 1782 1764 1844 qui
1799 1779 1864 1827 est
1892 1780 2169 1835 VoluntatiS,
2221 1780 2384 1843 Imago

371 1846 483 1903 Dei,
508 1849 587 1910 qui
611 1847 657 1893 in
679 1847 864 1894 homine
887 1847 1114 1910 Spirituali
1137 1845 1353 1911 sequitur,
1389 1845 1465 1893 sed
1489 1847 1534 1893 in
1558 1845 1743 1893 homine
1766 1845 1952 1892 Coelesti
1976 1844 2225 1907 praecedit.-
2275 1868 2278 1872 ⁴

447 1930 524 1975 54.
565 1913 809 1976 Masculum
832 1913 888 1961 &
899 1913 1123 1974 saeminam
1146 1915 1315 1960 creavit
1337 1913 1442 1958 illos.
1513 1911 1646 1974 Qid
1668 1925 1750 1973 per
1770 1909 2030 1957 Masculum
2051 1912 2101 1956 δε
2125 1910 2382 1961 Faem-inam
2431 1948 2433 1950 .

378 1978 425 2024 in
462 1977 584 2025 sensu
607 1979 784 2025 interno
816 1978 1106 2040 intelligatur,
1142 1978 1482 2040 Antiquiffimae
1505 1975 1720 2023 Ecclefiae
1753 1977 2031 2023 notissimum
2067 1973 2170 2031 fuit,
2206 1987 2250 2022 at
2274 1991 2383 2024 vero

367 2045 500 2106 vapud
537 2043 753 2107 posteros,
788 2043 973 2107 quando
995 2042 1139 2090 sensus
1162 2044 1345 2090 interior
1367 2042 1524 2098 Verbi,
1559 2042 1694 2088 etiam
1719 2041 1806 2088 hoc
1829 2056 2042 2089 arcanum
2061 2042 2224 2104 periit:
2261 2040 2381 2090 sum·

378 2126 469 2156 mae
510 2111 692 2157 illorum
717 2108 944 2157 felicitates
968 2110 1017 2164 δε
1042 2109 1210 2157 delitiae
1249 2121 1374 2157 erant
1400 2106 1642 2172 Conjugia,
1678 2108 1728 2155 &
1761 2107 1980 2171 quicquid
2004 2105 2193 2170 usquam
2218 2109 2380 2160 affimi-

375 2176 453 2221 lari
485 2178 635 2239 potuit
659 2174 914 2239 Conjugiis,
966 2175 1271 2232 affimilabant,
1313 2187 1365 2222 ut
1401 2175 1506 2221 inde
1538 2175 1816 2236 perciperent
1839 2171 2100 2221 felicitatem
2121 2171 2377 2236 Conjugii3

378 2242 428 2288 &
467 2244 574 2305 quia
608 2243 778 2290 Interni
814 2243 1020 2289 homines
1060 2254 1201 2298 erant,
1243 2240 1573 2288 delcetabantur
1612 2238 1758 2287 solum
1797 2240 1996 2296 internis,
2031 2252 2212 2287 externa
2233 2238 2380 2288 solum

377 2307 630 2370 specstabant
669 2308 827 2365 oculis,
863 2307 938 2355 sed
977 2308 1237 2371 cogitabant
1257 2307 1314 2354 de
1346 2306 1448 2364 illis,
1484 2323 1589 2370 quae
1613 2305 1998 2369 repraesentabant,
2032 2305 2092 2352 fic
2128 2318 2178 2352 ut
2201 2318 2382 2358 externa

380 2374 467 2420 illis
491 2374 600 2420 nihil
624 2374 774 2430 effent,
814 2374 956 2421 modo
993 2386 1044 2420 ut
1068 2373 1237 2437 aliquid
1261 2374 1435 2436 poffent
1457 2371 1514 2420 ab
1538 2374 1589 2420 iis
1611 2372 1831 2419 refleftere
1854 2372 1910 2419 ad
1935 2374 2121 2428 interna,
2157 2372 2207 2419 δε
2231 2371 2288 2418 ab
2311 2373 2378 2419 in·

378 2442 516 2486 ternis
538 2441 596 2486 ad
620 2440 846 2496 Coelestia,
878 2440 927 2487 δε
951 2440 1011 2487 fic
1039 2440 1097 2486 ad
1119 2441 1396 2496 Dominum,
1434 2440 1532 2504 Qi
1555 2439 1607 2486 iis
1630 2451 1723 2485 erat
1745 2454 1882 2487 omne
1902 2460 1917 2494 ·,
1952 2438 2141 2502 proinde
2173 2438 2230 2484 ad
2253 2438 2385 2490 Con--

370 2503 557 2568 jugium
581 2505 791 2562 Coeleste,
828 2523 853 2552 a
872 2522 966 2568 quo
989 2504 1172 2553 felicitas
1194 2521 1354 2554 eorum
1378 2504 1713 2569 Conjugiorum
1737 2506 1888 2553 venire
1909 2503 2239 2568 percipiebant:
2277 2504 2380 2552 ideo

377 2573 423 2618 in
446 2572 655 2619 Homine
677 2572 905 2634 Spirituali
941 2572 1226 2619 Intellectum
1248 2571 1470 2619 vocabant
1503 2570 1780 2627 Mastulum,
1813 2571 1863 2618 δε
1888 2570 2183 2619 Voluntatem
2208 2570 2378 2621 Faemi-

380 2653 505 2693 nam,
543 2654 648 2700 quae
673 2654 781 2685 cum
812 2653 960 2684 unum
983 2651 1182 2700 agerent,
1219 2637 1427 2685 dicebant
1451 2635 1735 2700 Conjugium
1755 2655 1776 2685 2-
1804 2636 1860 2683 ab
1883 2636 2082 2684 Ecclefia
2103 2635 2375 2689 illabernana·

378 2704 446 2749 vit
486 2702 697 2760 formula,
742 2720 848 2766 quae
882 2703 1070 2750 solennis
1103 2702 1234 2759 fasta,
1269 2704 1395 2766 quod
1419 2702 1517 2766 Ipsa
1540 2702 1741 2750 Ecclefia
1773 2701 1830 2749 ab
1861 2701 2094 2754 affefflone
2132 2700 2261 2756 boni,
2291 2716 2375 2747 vo·

378 2782 474 2815 cata
511 2770 564 2816 sit
588 2770 716 2825 Filia,
752 2783 853 2817 tum
878 2771 1042 2832 Virgo,
1081 2783 1132 2816 ut
1155 2771 1304 2832 Virgo
1329 2771 1465 2826 Zion,
1501 2770 1651 2832 Virgo
1685 2767 2021 2830 Hierosolyma,
2055 2778 2107 2814 ut
2137 2767 2186 2814 &
2225 2767 2372 2815 Uxor.

378 2835 468 2881 Sed
498 2836 554 2882 de
577 2836 643 2882 his
665 2836 769 2882 vide
793 2838 905 2898 Cap.
941 2835 1026 2898 seq.
1053 2837 1109 2882 ad
1131 2835 1253 2883 vers:
1281 2853 1356 2898 23.
1394 2837 1445 2883 &
1468 2835 1525 2880 ad
1550 2836 1674 2896 Cap:
1704 2849 1794 2880 111:
1828 2849 1900 2894 15.

392 2943 394 2946 ,
449 2918 476 2962 5
483 2914 525 2962 5.
562 2901 685 2949 Vers.
711 2907 786 2950 28.
829 2905 891 2949 Et
912 2902 1118 2950 benedixit
1140 2902 1224 2950 illis
1250 2903 1383 2957 Deus,
1406 2900 1474 2958 ¹&
1497 2900 1609 2948 dixit
1631 2899 1717 2946 illis
1742 2900 1878 2955 Deus,
1899 2897 2166 2959 fructificate
2189 2898 2244 2953 ΕΞ
2267 2899 2372 2946 mul-

378 2968 569 3028 tiplicate
589 2985 682 3024 vos,
708 2968 762 3015 &
785 2968 956 3028 implete.
965 2978 1140 3024 terram,
1176 2968 1232 3016 ἐξ
1237 2967 1466 3030 subjugate
1489 2982 1595 3022 eam,
1631 2964 1686 3013 (Β
1704 2964 1980 3016 dominamini
1994 2966 2039 3010 in
2062 2964 2203 3027 Pisces
2224 2967 2373 3031 maris,

378 3034 433 3095 {9²
477 3036 522 3080 in
545 3035 682 3080 Avem
719 3034 921 3088 caelorum,
958 3034 1013 3081 &
1059 3036 1104 3080 in
1141 3050 1254 3080 omne
1296 3035 1464 3087 vivum,
1499 3041 1671 3093 reptans
1684 3031 1817 3093 super
1837 3040 1970 3077 terra.
2028 3030 2370 3093 Antiquissimi,

377 3101 481 3162 quia
520 3098 883 3160 conjunftionem
916 3098 1170 3147 Intellestus
1206 3099 1255 3148 ὅτ
1279 3097 1556 3154 Voluntatis,
1591 3095 1663 3144 seu
1689 3096 1816 3146 Fidei
1838 3095 2120 3152 &'Arnoris,
2150 3096 2372 3144 vocabant

377 3155 679 3228 Conjugium,
709 3165 928 3228 quicquid
954 3165 1069 3211 Boni
1092 3180 1147 3210 ex
1171 3162 1403 3226 Conjugio
1425 3163 1504 3211 illo
1526 3161 1876 3226 producebatur,
1915 3161 2196 3224 appellabant
2219 3161 2370 3212 frufflr

377 3231 624 3288 ficationeS,
658 3232 707 3279 ὅτ
729 3230 949 3294 quicquid
972 3231 1100 3285 Veri,
1137 3229 1533 3297 multiplicationes
1552 3252 1568 3285 3
1604 3228 1708 3277 inde
1737 3227 1858 3292 apud
1877 3228 2122 3293 Prophetas
2154 3228 2370 3285 similiter,

2321 3306 2372 3341 ut
