2788 3736
757 260 1194 332 CAPUT
1286 228 2084 326 ocTAvuM;'
2258 284 2389 354 2w

378 410 414 435 “
446 412 582 463 erunt
603 398 756 449 omnis
779 400 894 448 Fera
916 398 1068 461 agri?
1087 410 1232 445 xxxx:
1254 403 1286 445 ἰ
1292 411 1337 459 3.
1382 393 1511 460 apud
1532 393 1815 452 Hoscheam,
1853 397 1889 422 “
1906 390 2188 442 Consumam
2211 409 2291 443 eos
2309 393 2392 452 ibi,

379 472 495 519 sicut
508 469 597 526 leo,
633 469 745 517 Fera
769 468 869 529 agri
890 464 1102 512 diffindet
1122 479 1218 520 eos,
1251 478 1383 511 1111:
1426 466 1470 512 8.
1505 460 1631 526 apud
1654 460 1970 518 Ezechielem,
2032 464 2066 488 ‘⁶
2082 462 2206 510 Ferae
2240 474 2391 519 terrae,

375 539 429 587 δι
450 539 526 585 avi
548 535 777 585 coelorum
799 532 899 580 dari
921 533 968 580 in
993 531 1201 588 cibum,’'
1225 544 1346 577 xx1x
1365 545 1378 576 ε
1415 544 1463 592 5,
1498 528 1635 592 quod,
1652 527 1815 592 saepius
1837 527 2062 577 occurrit:
2097 528 2149 576 ὅτ
2176 530 2284 593 quia
2304 529 2393 591 Ju-

374 603 468 652 daei
490 604 538 652 in
561 601 685 652 sensu
709 601 854 649 literae
876 598 1024 648 solum
1048 596 1309 653 manebant,
1343 595 1397 643 δε
1419 611 1503 660 per
1533 593 1675 643 feram
1709 593 2022 659 intelligebant
2043 592 2203 652 feram,
2239 598 2289 643 δε
2310 610 2396 659 per

371 687 525 727 avem,
561 685 714 725 avem,
747 683 835 716 nec
855 665 1066 718 interiora
1087 662 1230 711 Verbi
1251 662 1377 719 scire,
1412 663 1566 710 minus
1602 660 1842 725 agnoscere
1881 661 2113 719 volebant,
2147 663 2198 710 δε
2238 661 2299 710 fic
2322 663 2393 709 in-

371 736 499 795 strui,
524 738 661 794 etiarn
684 746 779 787 tam
803 732 1024 789 crudeles,
1041 731 1093 780 δε
1117 729 1225 779 tales
1247 727 1357 777 ferae
1372 729 1512 787 erant,
1535 741 1589 776 ut
1603 726 1866 792 jucundum
1891 728 2022 775 suum
2041 730 2321 792 perceperint
2343 729 2395 777 in

375 820 453 861 eo,
488 805 617 868 quod
641 801 785 850 hostes
808 796 1163 864 praeliqoccisos
1186 813 1279 845 non
1304 795 1556 861 sepelirent,
1593 794 1668 843 sed
1691 798 1974 859 exponerent
2012 794 2171 842 avibus
2205 796 2255 844 δε
2290 794 2395 844 feris

374 871 660 920 devorandos
679 891 695 924 ς
729 883 786 916 ex
806 865 975 930 quibus
995 866 1132 912 etiam
1156 863 1356 912 constare
1385 863 1554 928 potest,
1589 861 1734 926 qualis
1758 859 1849 908 fera
1871 861 2014 908 homo
2036 860 2112 908 est.

441 955 555 1004 909.
592 933 740 1001 Qod
762 934 858 981 avis
883 932 1107 996 significet
1129 928 1226 996 ejus
1250 929 1583 994 intellectualia,
1618 930 1670 977 &
1694 927 1833 976 bestia
1860 925 1956 991 ejus
1981 927 2250 983 voluntaria,
2284 943 2391 991 quae

375 1003 477 1053 sunt
500 1003 664 1052 interni
685 1001 885 1049 hominis
904 1021 921 1055 ς
958 1001 1007 1047 &
1032 1014 1173 1048 omne
1194 997 1354 1062 reptile
1377 1013 1537 1062 repens
1561 996 1693 1060 super
1724 1007 1840 1043 terra
1862 994 2088 1058 significet
2110 993 2271 1043 similia
2294 1011 2395 1043 cor-

378 1070 691 1136 respondentia
708 1066 834 1134 apud
865 1078 1108 1116 externum
1141 1063 1238 1129 ejus
1268 1061 1540 1121 hominem,
1576 1062 1778 1111 constare
1825 1060 1973 1126 potest
2018 1078 2043 1108 a
2066 1060 2394 1126 significatione

375 1140 492 1187 Avis
535 1137 593 1185 de
614 1151 706 1200 qua
726 1134 869 1199 prius,
894 1149 954 1180 n:
979 1151 1046 1195 40
1069 1133 1120 1181 &
1145 1133 1276 1198 776³
1311 1133 1363 1180 δε
1385 1131 1553 1191 Bestia,
1589 1130 1647 1178 de
1681 1145 1772 1194 qua
1795 1145 1853 1177 n:
1878 1146 1960 1192 45.
1997 1130 2079 1189 46.
2130 1144 2237 1190 142.
2286 1146 2398 1192 143.

377 1206 487 1266 246.
534 1202 661 1268 quod
685 1201 846 1265 reptile
867 1217 1028 1265 repens
1052 1198 1183 1263 super
1204 1212 1322 1247 terra
1344 1198 1569 1263 significet
1591 1196 1984 1261 correspondentia
2006 1196 2130 1260 apud
2154 1208 2398 1244 externum

312 1319 323 1326 ,
374 1271 627 1327 hominem,
663 1268 836 1317 conflat
858 1268 982 1325 inde,
1018 1267 1178 1331 reptile
1202 1281 1360 1330 repens
1382 1267 1508 1314 enirn
1533 1265 1607 1312 hic
1630 1263 1673 1312 se
1698 1275 1793 1311 tam
1839 1264 1898 1311 ad
1942 1279 2074 1310 avem
2112 1263 2184 1310 seu
2221 1262 2397 1311 intelle-

375 1337 554 1394 finalia,
589 1352 729 1400 quam
753 1336 810 1383 ad
839 1334 1025 1382 bestiam
1050 1333 1124 1381 seu
1147 1332 1421 1390 voluntaria,
1460 1330 1622 1380 refert:
1658 1331 1952 1394 antiquiffimi
1992 1328 2199 1378 sensualia
2222 1331 2273 1377 &
2312 1344 2399 1378 vo-

373 1402 568 1468 luptates
589 1405 808 1467 corporis'
820 1401 1046 1450 vocabant
1068 1401 1245 1464 reptilia
1267 1400 1483 1463 repentia,
1519 1400 1626 1462 quia
1659 1414 1752 1445 non
1776 1397 1901 1444 aliter
1936 1395 1978 1444 se
2002 1395 2184 1455 habent,
2219 1412 2271 1444 ac
2295 1411 2397 1461 rep-

371 1470 468 1519 tilia
489 1472 688 1535 repentia
707 1468 841 1533 super
861 1481 1011 1524 terra3
1041 1466 1343 1515 affimilabant
1379 1467 1518 1513 etiam
1541 1480 1708 1529 corpus
1744 1463 1947 1511 hominis
1972 1475 2105 1510 terrae
2128 1475 2205 1510 aut
2227 1462 2394 1520 humo,

375 1540 479 1585 imo
495 1537 612 1585 illud
632 1536 857 1585 vocabant
880 1548 1044 1583 terram
1072 1546 1150 1582 aut
1173 1534 1388 1591 humum,
1423 1545 1478 1580 ut
1500 1531 1592 1590 hic,
1627 1529 1708 1579 ubi
1731 1547 1813 1595 per
1836 1542 2000 1579 terram
2028 1530 2140 1578 nihil
2163 1530 2287 1578 aliud
2304 1529 2396 1594 sig-

351 1604 585 1654 mificatur
606 1621 746 1668 quarn
769 1615 980 1652 externus
1004 1602 1164 1650 homo:
1653 1653 1655 1655 ,

444 1688 497 1734 91
514 1691 554 1721 1.
591 1671 739 1736 Qod
762 1670 921 1734 reptile
944 1685 1104 1732 repens
1127 1667 1354 1732 significet
1394 1665 1555 1713 similia
1578 1663 1975 1729 correspondentia
2007 1663 2130 1729 apud
2155 1675 2397 1711 externum

373 1737 470 1802 ejus
494 1739 748 1793 hominem,
786 1739 849 1784 ita
871 1735 912 1782 se
936 1736 1098 1791 habet3
1133 1733 1256 1798 apud
1280 1744 1594 1796 regeneratum
1618 1731 1854 1779 hominem
1876 1730 2228 1794 correspondent
2249 1743 2396 1782 exter,-

377 1822 434 1852 na
456 1805 658 1860 internis,
684 1803 772 1850 hoc
796 1802 877 1859 est,
896 1801 1107 1865 obsequia
1131 1799 1378 1864 praestant;
1402 1811 1584 1846 externa
1606 1798 1659 1844 ad
1677 1797 1948 1861 obsequium
1974 1797 2260 1861 rediguntur,
2285 1812 2397 1846 cum

377 1872 520 1918 homo
543 1881 844 1934 regeneratur,
879 1869 930 1916 &
946 1881 1075 1916 -tunc
1119 1867 1173 1914 fit
1213 1866 1368 1928 imago
1391 1865 1499 1912 coeli
1519 1887 1534 1920 ·,
1587 1862 1662 1912 sed
1706 1877 1950 1928 antequam
1988 1875 2273 1928 regeneratus
2311 1863 2394 1922 est,

376 1950 558 1985 externa
579 1936 875 1984 dominantur
897 1935 1028 1997 super
1051 1936 1240 1990 interna,
1263 1933 1312 1980 &
1327 1945 1439 1979 tunc
1465 1930 1530 1979 est
1553 1932 1710 1995 imago
1733 1928 1896 1978 inferni
1916 1949 1927 1978 :
1964 1931 2080 1978 ordo
2104 1929 2184 1987 est,
2220 1941 2274 1978 ut
2297 1946 2395 1979 coe-

376 2003 498 2051 lestia
519 2015 679 2068 regant
701 2001 958 2066 spiritualia,
995 2002 1045 2049 &
1070 2016 1151 2064 per
1174 2000 1273 2047 haec
1299 1998 1528 2055 naturalia,
1565 1999 1615 2046 δε
1650 1998 1843 2045 demum
1885 2014 1966 2061 per
2002 1997 2102 2044 haec
2142 2013 2393 2061 corporea·,

377 2085 423 2118 at
446 2087 555 2118 cum
577 2084 794 2134 corporea
808 2069 860 2117 &
885 2067 1103 2116 naturalia
1125 2068 1421 2124 dominantur
1444 2065 1576 2129 super
1598 2063 1843 2129 spiritualia
1866 2065 1916 2111 &
1943 2062 2158 2121 coelestia,
2189 2063 2253 2110 est
2277 2064 2396 2113 ordo

375 2138 565 2188 destrue}
575 2153 643 2195 us,
677 2151 790 2185 cum
815 2135 932 2183 ordo
954 2134 1206 2200 destructus
1230 2133 1310 2190 est,
1336 2132 1400 2180 est
1416 2133 1575 2196 imago
1597 2131 1778 2188 inferni,
1800 2147 1938 2195 quare
1955 2132 2201 2178 aDomino
2218 2146 2301 2194 per
2324 2147 2394 2178 re-

373 2205 707 2268 generationem
731 2202 848 2251 ordo
869 2201 1132 2258 restituitur,
1158 2202 1208 2249 &
1233 2215 1342 2248 cum
1366 2200 1594 2247 restitutus
1618 2198 1698 2255 est,
1726 2198 1779 2245 fit
1802 2199 1959 2261 imago
1982 2197 2089 2244 coeli
2112 2219 2126 2253 ς
2163 2199 2226 2245 ita
2249 2198 2395 2246 homo

375 2288 402 2318 a
424 2264 632 2318 Domino
655 2269 902 2317 extrahitur
924 2269 981 2316 ab
1004 2266 1180 2315 inferno
1201 2290 1215 2324 ;
1252 2268 1378 2315 &ita
1400 2266 1621 2314 attollitur
1643 2265 1701 2312 ad
1737 2265 1911 2312 coelum
1933 2287 1947 2321 3
1997 2277 2050 2311 ut
2090 2263 2253 2311 sciatur
2276 2280 2393 2327 quo-

375 2338 521 2385 modo
546 2349 659 2385 tunc
683 2334 1080 2398 correspondentia
1112 2335 1288 2382 externi
1312 2334 1510 2381 hominis
1534 2333 1590 2379 ad
1615 2333 1844 2379 internum
1884 2330 1926 2381 se
1950 2331 2124 2388 habeat,
2161 2331 2316 2394 paucis
2340 2330 2394 2378 li·

374 2417 447 2451 cet
470 2419 726 2466 exponere·‚
762 2401 1066 2465 unusquisque
1099 2401 1243 2450 homo
1267 2413 1549 2463 regeneratus
1572 2397 1635 2446 est
1673 2401 1897 2461 exiguum
1936 2397 2174 2462 quoddam
2196 2397 2394 2454 coelum,

374 2471 448 2518 seu
471 2471 644 2531 effigies
666 2481 744 2515 aut
766 2469 922 2532 imago
943 2467 1136 2516 universi
1159 2467 1286 2524 coeli,
1320 2483 1458 2530 quare
1492 2467 1631 2513 etiam
1665 2467 1712 2513 in
1748 2464 1905 2513 Verbo
1940 2465 2142 2512 internus
2172 2463 2268 2529 ejus
2308 2464 2392 2511 ho·

375 2554 458 2585 mo
507 2547 698 2582 vocatur
743 2534 916 2582 coelum
938 2556 952 2590 3
1006 2536 1053 2581 in
1092 2533 1232 2582 Coelo
1270 2533 1370 2580 talis
1409 2534 1526 2581 ordo
1575 2531 1656 2588 est,
1714 2532 1843 2596 quod
1880 2531 2114 2579 Dominus
2158 2548 2240 2594 per
2278 2532 2391 2580 Coe-

375 2603 496 2651 lestia
518 2614 644 2667 regat
668 2601 929 2666 spiritualia,
964 2600 1015 2648 δι’
1041 2617 1120 2661 per
1142 2600 1242 2647 haec
1266 2600 1497 2656 naturalia,
1532 2599 1583 2645 ὅτ
1607 2598 1667 2645 fic
1691 2597 1954 2646 universum
1978 2597 2168 2646 Coelum
2195 2597 2309 2645 ficut
2335 2613 2390 2643 u-

375 2687 490 2718 num
528 2669 782 2725 hominem,
817 2682 955 2732 quare
994 2666 1130 2713 etiam
1154 2665 1346 2712 Coelum
1370 2666 1613 2712 Maximus
1637 2665 1806 2712 Homo
1844 2676 2035 2711 vocatur
2054 2686 2068 2719 ;
2128 2663 2226 2710 talis
2272 2663 2392 2711 ordo

377 2752 562 2800 quoque
600 2734 667 2783 est
699 2733 822 2799 apud
852 2733 1234 2796 unumquemvis,
1270 2732 1350 2795 qui
1375 2732 1421 2777 in
1446 2731 1569 2778 coelo
1600 2730 1690 2786 est·,
1747 2746 1858 2777 cum
1904 2730 2002 2777 talis
2042 2731 2181 2776 etiam
2227 2728 2390 2787 homo,

373 2816 484 2851 tunc
507 2802 711 2850 similiter
731 2800 795 2849 est
816 2801 1038 2863 exiguum
1073 2799 1268 2855 coelum,
1305 2796 1377 2844 seu
1413 2797 1540 2860 quod
1564 2797 1690 2843 idem
1727 2796 1808 2853 est,
1845 2795 1909 2843 est
1947 2812 2145 2860 regnum
2170 2797 2388 2853 Domini,

373 2870 482 2933 quia
503 2869 550 2915 in
573 2885 628 2915 eo
649 2867 713 2915 est
736 2869 959 2931 Regnum
982 2867 1178 2914 Domini
1199 2887 1214 2922 3
1250 2877 1361 2912 tunc
1385 2864 1506 2920 apud
1530 2879 1637 2910 eum
1662 2861 2016 2926 correspondent
2040 2862 2245 2910 fimiliter
2263 2879 2315 2910 ac
2339 2864 2386 2911 in

374 2935 498 2982 coelo
528 2947 712 2982 externa
749 2935 949 2990 interim,
986 2933 1073 2980 hoc
1098 2932 1179 2990 est,
1214 2931 1471 2986 obediunt·,
1521 2946 1626 2978 nam
1667 2931 1713 2976 in
1738 2929 1899 2986 Coelis,
1935 2930 2018 2992 qui
2055 2941 2143 2976 tres
2181 2928 2301 2986 sunt,
2335 2931 2387 2977 δε

378 3017 527 3049 unum
550 3000 787 3047 hominem
809 2999 943 3048 simul
967 2997 1181 3056 referunt,
1199 2997 1378 3063 spiritus
1402 2995 1681 3045 constituunt
1709 3009 1947 3043 externum
1971 2996 2224 3052 hominem,
2260 2996 2386 3059 spiri-

373 3081 448 3117 tus
471 3065 664 3129 angelici
686 3066 962 3123 interiorem,
998 3066 1149 3130 angeli
1172 3067 1419 3123 internum,
1456 3081 1487 3111 n
1508 3083 1518 3113 ε
1544 3078 1660 3126 459.
1721 3063 2015 3111 Contrarium
2053 3062 2118 3110 est
2139 3062 2264 3126 apud
2287 3078 2382 3118 eos,

372 3134 456 3199 qui
487 3132 627 3180 solam
647 3131 792 3178 vitam
826 3132 874 3179 in
909 3134 1155 3196 corporeis,
1190 3132 1278 3180 hoe
1314 3131 1395 3188 est,
1436 3132 1483 3178 in
1507 3129 1850 3194 cupiditatibus,
1883 3129 2212 3194 voluptatibus,
2248 3144 2383 3191 appe·

374 3200 534 3250 titibus
555 3199 607 3246 ὅτ
629 3195 914 3253 sensualibus»,
945 3212 1149 3262 ponunt„
1179 3198 1267 3246 hoc
1295 3198 1376 3255 est,
1412 3198 1492 3261 qui
1517 3197 1628 3244 nihil
1656 3195 1921 3261 jucundum
1960 3197 2221 3260 percipiunt
2243 3209 2381 3258 quam

373 3266 501 3335 quod
524 3265 587 3314 est
609 3263 776 3313 amoris
796 3261 863 3310 sui
884 3264 934 3312 &
958 3265 1143 3322 mundi,
1174 3264 1308 3329 quod
1321 3265 1448 3313 >idem
1468 3262 1532 3311 est
1553 3279 1606 3311 ac
1629 3263 1757 3327 quod
1781 3261 1846 3311 est
1871 3262 2089 3310 odiorum
2110 3273 2264 3309 contra
2280 3275 2384 3304 om*

960 3341 964 3343 “
1028 3340 1043 3346 “’
2309 3341 2388 3373 nes
