2788 3736
299 2884 330 2914 Q

578 270 1144 354 'CAPUT
1237 289 1983 374 ooTAvUM.
2155 296 2368 381 .287

354 431 518 496 philim
543 429 647 478 facti
667 452 682 485 ς
718 429 823 477 inde
845 429 953 477 tales
977 427 1089 477 fasti
1126 440 1179 476 ut
1203 444 1296 476 non
1320 426 1490 475 restitui
1514 427 1708 491 possent,
1740 427 1849 492 quia
1871 438 2061 493 utraque
2080 444 2183 493 pars
2207 431 2372 479 mentis

354 514 531 554 eorum,
568 497 639 544 seu
665 509 761 545 tota
796 512 925 544 mens
958 495 1183 544 destrucia
1215 493 1316 542 fiait.
1387 493 1479 549 Sed
1513 495 1620 557 quia
1641 511 1667 541 a
1688 495 1902 542 Domino
1925 494 2193 559 praevisum,
2234 499 2371 545 etiam

350 563 585 630 provisum
618 563 698 621 est,
734 563 862 628 quod
897 563 1042 611 horno
1065 560 1380 618 exstrueretur,
1417 563 1466 608 ὅτ
1497 560 1687 624 quidem
1710 577 1791 624 per
1813 561 1877 618 id,
1913 562 2041 625 quod
2063 562 2207 610 homo
2225 562 2372 612 refor-

352 632 466 679 mari
487 631 644 696 poffet,
683 631 1008 694 &regenerari
1030 627 1185 693 quoad
1208 627 1393 675 alteram
1416 624 1512 691 ejus
1536 629 1702 674 mentis
1714 639 1890 692 partem
1905 627 1980 676 seu
1996 629 2368 688 intellestualem,

353 713 406 746 ac
429 700 470 746 ei
494 698 752 762 implantari
777 713 897 744 nova
916 696 1145 750 voluntas,
1179 710 1287 757 quae
1310 693 1374 741 est
1397 693 1682 750 conscientia,
1718 710 1800 757 per
1838 710 1979 757 quam
2010 696 2244 744 Dominus
2284 697 2367 745 bo-

355 781 468 812 num
493 766 660 812 ‘amoris
685 763 758 811 seu
781 764 1023 818 charitatiS,
1060 762 1110 810 δε
1134 776 1298 808 verum
1322 760 1447 818 fidei,
1483 772 1767 824 operaretur:
1815 762 1877 807 ita
1914 761 2073 818 homo,
2109 779 2167 815 ex
2198 764 2371 812 Divina

352 833 548 880 Domini
573 830 904 886 Misericordia,
938 828 1167 876 restitutus
1192 826 1256 875 est
1277 846 1288 876 :
1325 826 1594 889 Haecxsunt,
1629 843 1736 891 quae
1752 826 2066 890 fignificantur
2090 830 2137 876 in
2161 830 2247 878 hoc
2266 847 2367 878 ver·

354 898 423 956 su,
456 915 537 962 per
558 898 683 963 quod
701 902 798 944 *non
821 895 989 959 addam
1025 895 1294 942 maledicere
1316 894 1513 958 amplius
1547 894 1709 951 humo,
1745 906 1939 958 propter
1972 894 2227 954 hominem,
2262 899 2371 960 quia

355 966 641 1029 figmentum¹
657 963 806 1011 cordis
829 962 1027 1010 hominis
1051 961 1227 1009 malum
1247 978 1274 1009 a
1294 962 1518 1024 pueritia,
1545 963 1595 1010 δε
1633 961 1765 1024 quod
1799 976 1893 1007 non
1932 959 2098 1008 addam
2136 977 2367 1026 percutere

357 1048 494 1079 omne
517 1034 699 1087 vivum,
736 1029 849 1077 ficut
875 1027 976 1078 feci.

426 1103 538 1164 928.
575 1096 719 1162 Qod
768 1097 1048 1160 figmentum
1084 1094 1232 1142 cordis
1266 1094 1467 1142 hominis
1502 1094 1677 1142 malum
1700 1110 1726 1141 a
1754 1094 1947 1159 pueritia
1982 1092 2095 1159 ejus,
2144 1095 2366 1159 significet

354 1165 483 1230 quod
527 1163 838 1212 voluntarium
887 1162 1087 1210 hominis
1122 1162 1179 1210 fit
1226 1162 1406 1225 prorsus
1454 1161 1647 1219 malum,
1701 1178 1759 1208 ex
1804 1161 1892 1208 illis
1937 1178 2045 1225 quae
2091 1179 2214 1209 nune
2245 1164 2366 1212 dic'ia

358 1232 476 1289 sunt,
511 1230 719 1285 constat;
776 1230 1059 1294 figmentum
1102 1229 1252 1276 cordis
1293 1245 1386 1276 non
1410 1229 1532 1275 aliud
1557 1228 1793 1293 fignificat.
1864 1229 2034 1276 Homo
2067 1242 2200 1293 putat
2224 1229 2264 1277 se
2288 1230 2365 1278 ha-

357 1298 459 1346 bere
481 1298 763 1347 voluntatem
797 1297 922 1353 boni,
958 1296 1034 1344 sed
1057 1294 1235 1359 prorsus
1258 1294 1428 1344 fallitur
1447 1318 1462 1352 3
1498 1311 1605 1343 cum
1638 1295 1812 1343 bonurn
1835 1292 1959 1352 facit,
1996 1312 2091 1343 non
2114 1296 2176 1343 est
2199 1314 2255 1344 ex
2270 1296 2366 1362 ejus

355 1364 605 1422 voluntate,
653 1362 727 1411 sed
760 1363 823 1411 est
858 1379 915 1411 ex
949 1379 1069 1411 nova
1109 1363 1363 1420 voluntate,
1415 1378 1523 1427 quae
1557 1362 1621 1410 est
1659 1363 1872 1419 Domini,
1925 1364 1986 1409 ita
2030 1379 2085 1410 ex
2129 1364 2365 1421 Domino;

356 1431 547 1497 proinde
578 1445 687 1479 cum
710 1447 872 1478 verum
895 1431 1068 1494 cogitat
1093 1431 1142 1478 δε
1169 1430 1375 1494 loquitur
1403 1431 1465 1477 est
1495 1445 1552 1476 ex
1593 1445 1716 1477 novo
1741 1429 1988 1486 intelle&u‚
2025 1430 2106 1493 qui
2145 1430 2218 1477 est?
2243 1431 2365 1488 inde,

356 1499 407 1546 ὅτ
441 1498 501 1546 fic
532 1514 716 1563 quoque
738 1514 794 1545 ex
816 1499 1052 1554 Domino3
1089 1513 1194 1544 nam
1218 1510 1504 1562 regeneratus
1526 1496 1590 1544 est
1606 1495 1786 1562 prorsus
1810 1512 1959 1544 novus
1982 1496 2126 1544 horno
2142 1495 2367 1546 formatus

355 1566 620 1623 aDomino‚
657 1565 762 1613 inde
790 1581 975 1630 quoque
1005 1565 1181 1619 dic-itur,
1211 1580 1237 1612 e
1266 1580 1391 1613 novo
1415 1576 1602 1612 creatus.
1961 1613 1965 1617 ,

424 1649 535 1698 9²9·
573 1631 721 1700 Qod
752 1648 844 1680 non
868 1632 1033 1680 addam
1064 1643 1297 1695 percutere
1328 1647 1466 1680 omne
1499 1632 1663 1679 vivum
1695 1630 1809 1678 ficut
1837 1627 1942 1688 feci,
1979 1630 2202 1695 significet
2238 1631 2368 1696 quod

358 1698 501 1748 homo
522 1716 614 1747 non
638 1698 832 1762 amplius
857 1700 918 1746 ita
947 1698 989 1746 se
1015 1698 1201 1762 perdere
1230 1700 1415 1762 poterit,
1452 1698 1556 1745 inde
1585 1713 1707 1745 nunc
1730 1696 1932 1746 constat:
1970 1699 2030 1745 ita
2066 1700 2189 1745 enim
2217 1698 2258 1746 se
2297 1714 2367 1747 res

354 1765 505 1823 habet,
540 1782 648 1813 cum
674 1765 815 1812 homo
839 1777 1122 1828 regeneratus
1165 1764 1244 1822 est,
1280 1778 1390 1812 tunc
1415 1764 1642 1812 detinetur
1671 1780 1698 1810 a
1737 1763 1861 1810 malo
1884 1766 1934 1812 δε
1958 1763 2066 1812 falso
2089 1765 2215 1827 quod
2242 1765 2368 1830 apud

358 1849 484 1890 eum,
520 1833 704 1880 &tunc
730 1847 823 1878 non
852 1832 1047 1895 percipit
1081 1830 1208 1878 aliter
1231 1846 1374 1894 quam
1397 1830 1526 1893 quod
1551 1830 1728 1878 bonum
1765 1830 1815 1877 &
1849 1845 2012 1878 verum
2036 1847 2061 1878 a
2084 1831 2124 1877 se
2148 1829 2281 1879 faciat
2316 1833 2366 1879 δε

359 1899 547 1962 cogitet,
574 1898 659 1946 ,sed
681 1897 744 1945 est
766 1900 1024 1962 apparentia
1046 1896 1119 1945 seu
1138 1895 1327 1955 fallacia,
1361 1896 1426 1945 est
1447 1896 1648 1945 detentio
1670 1913 1696 1944 a
1720 1895 1842 1943 malo
1863 1898 1913 1944 ὅτ
1947 1895 2071 1954 falso,
2109 1898 2158 1944 &
2175 1898 2366 1962 quidem

358 1965 540 2020 valida;
578 1965 647 2012 ‘&
693 1966 801 2029 quia
838 1964 1066 2012 detinetur
1103 1980 1130 2011 a
1162 1966 1284 2012 malo
1315 1965 1367 2012 δε
1403 1961 1527 2021 falso,
1563 1980 1655 2011 non
1690 1962 1836 2027 potest
1882 1963 1924 2011 se
1956 1964 2173 2027 perdere3
2218 1965 2250 2011 fi
2290 1964 2376 2012 velz

358 2031 608 2078 minimum
654 2034 975 2088 remitteretur,
1019 2043 1099 2078 aut
1143 2030 1470 2094 relinqueretur
1513 2030 1612 2088 fibi,
1649 2031 1696 2077 in
1735 2034 1873 2078 omne
1904 2030 2080 2078 malurn
2119 2031 2169 2078 δε
2205 2029 2366 2078 falsum
2417 2087 2419 2092 Ι

355 2109 519 2146 rueret.

423 2180 536 2230 930.
572 2164 715 2212 Vers':
743 2181 819 2213 22.
855 2165 1010 2213 Adhuc
1048 2164 1236 2212 omnibus
1272 2164 1415 2225 diebus
1446 2177 1598 2220 terrae,
1616 2164 1814 2227 sementis
1854 2163 1909 2212 ξεῖ*
1954 2162 2094 2224 meffis,
2132 2165 2187 2213 ἐξ
2216 2164 2368 2227 frigus

355 2231 432 2280 δέ’·
451 2231 586 2291 aestus‚
623 2231 678 2281 ἐξ
711 2230 830 2292 aestas
868 2231 924 2280 &
963 2232 1129 2293 hyems3
1177 2231 1233 2280 ΕΒ
1271 2231 1359 2278 dies
1403 2231 1460 2280 &
1489 2247 1586 2288 nox,
1624 2247 1703 2278 non
1729 2229 1948 2294 c‘effabunt.
2021 2231 2193 2279 Adhuc
2215 2231 2366 2278 omni-

357 2296 442 2345 bus
465 2297 624 2345 diebus
647 2311 779 2346 terrae
802 2297 1058 2362 significant
1077 2313 1215 2345 omne
1238 2309 1448 2362 tempus:
1486 2296 1694 2345 sementis
1732 2299 1782 2345 δι
1825 2299 1969 2344 messis
1993 2297 2249 2360 significant
2282 2297 2366 2345 ho-

355 2364 526 2411 minem
552 2364 925 2430 regenerandum,
959 2365 1011 2413 ὅτ
1044 2365 1149 2413 inde
1174 2364 1456 2413 Ecclesiam:
1492 2362 1639 2428 frigus
1677 2365 1728 2412 ὅτ
1763 2363 1898 2410 aestus
1922 2364 2176 2428 significant
2198 2364 2372 2412 statum·

355 2429 571 2484 hominis,
605 2431 687 2494 qui
710 2443 1010 2494 regeneratur,
1046 2432 1128 2495 qui
1156 2431 1254 2478 talis
1278 2431 1431 2494 quoad
1455 2431 1767 2495 recipiendum
1811 2430 1956 2479 fidem
1994 2433 2042 2478 ὅτ
2067 2431 2364 2486 charitatem3

356 2494 502 2560 frigus
526 2496 750 2559 fignificat
772 2496 946 2544 nullam
978 2498 1122 2545 fidem
1145 2498 1195 2545 ὅτ
1220 2497 1515 2554 charitatem·,
1551 2498 1686 2546 aestus
1725 2509 1879 2545 autem
1913 2497 2055 2544 fidem
2091 2501 2139 2546 ὅτ
2177 2499 2364 2545 charita-

353 2575 471 2611 tem:
499 2563 624 2610 aestas
648 2564 697 2610 &
715 2563 875 2626 hyems
897 2563 1153 2627 significant
1174 2564 1341 2611 statum
1364 2565 1562 2612 hominis
1582 2566 1825 2628 regenerati
1841 2564 1995 2627 quoad
2017 2580 2140 2611 nova
2159 2563 2255 2628 ejus
2279 2580 2362 2611 vo-

356 2629 571 2686 luntaria,¹
598 2645 797 2694 quorum
821 2631 944 2677 vices
967 2629 1008 2677 se
1032 2629 1194 2678 habent
1218 2630 1332 2677 ficut
1355 2630 1479 2677 aestas
1500 2631 1550 2678 δε
1573 2631 1764 2693 hyems:
1802 2631 1896 2678 dies
1918 2632 1967 2689 βε
1993 2647 2086 2677 nox
2111 2631 2366 2694 significant

356 2695 520 2743 statum
567 2694 785 2760 ejusdem,
820 2694 892 2743 seu
929 2698 1192 2760 regenerati,
1236 2697 1387 2759 quoad
1426 2697 1753 2754 intellefiualia,
1804 2712 2005 2760 quorum
2051 2698 2173 2744 vices
2207 2696 2248 2743 se
2286 2696 2363 2743 ha-

349 2762 467 2818 ,bent
500 2763 615 2810 sicut
638 2763 733 2811 dies
757 2764 805 2810 &
830 2778 951 2810 nox:
988 2779 1080 2811 non
1108 2761 1349 2819 ceffabunt,
1386 2762 1449 2810 est
1472 2763 1599 2826 quod
1621 2763 1708 2810 hoc
1731 2764 1859 2810 omni
1883 2775 2101 2826 tempore.
2308 2776 2310 2783 ⁸

426 2847 536 2895 931.
574 2830 721 2892 Quod
744 2829 891 2877 adhuc
914 2829 1130 2877 omnibus
1154 2829 1310 2876 diebus
1330 2840 1461 2876 tertae
1486 2829 1741 2892 significent
1779 2844 1917 2876 omne
1953 2841 2155 2893 tempus,
2192 2828 2364 2878 constat

359 2910 416 2942 ex
456 2896 779 2958 fignificatione
820 2898 944 2954 Diei,
991 2897 1119 2961 quod
1159 2895 1213 2943 fit
1247 2908 1447 2959 tempus,
1484 2895 1690 2942 videatur
1724 2912 1786 2945 n:
1828 2912 1904 2960 23.
1941 2900 2055 2961 487.
2095 2901 2209 2956 483.
2246 2915 2360 2962 493.

364 2976 501 3023 quare
546 2962 620 3010 hic
676 2963 770 3010 dies
823 2975 956 3011 terrae
994 2963 1059 3011 est
1102 2979 1240 3011 omne
1283 2975 1466 3027 tempus
1510 2962 1732 3026 quamdiu
1772 2974 1888 3010 terr-a
1925 2961 2000 3009 seu
2039 2963 2187 3011 incola
2232 2963 2367 3026 super-

362 3026 522 3082 tellure
550 3049 565 3082 ς
630 3029 780 3077 incola
832 3029 964 3094 super
1008 3029 1166 3077 tellure
1220 3042 1330 3076 tunc
1383 3030 1588 3093 primum
1642 3028 1773 3076 ceffat
1833 3029 1953 3086 effe,
2011 3045 2121 3076 cum
2166 3030 2371 3093 amplius-

358 3092 481 3139 nulla
527 3093 755 3150 Ecclefia·,
806 3111 913 3144 nam
953 3113 1061 3144 cum
1100 3096 1226 3144 nulla
1265 3096 1480 3149 Ecclefia,
1524 3113 1616 3143 non
1639 3096 1835 3159 amplius
1873 3097 2006 3144 datur
2049 3097 2361 3143 communica-

359 3161 425 3206 tio
462 3158 658 3205 hominis
691 3175 798 3207 cum
834 3161 986 3219 coelo,
1023 3179 1114 3226 qua
1156 3163 1570 3210 communicatione
1608 3163 1812 3219 ceffante,
1846 3164 1998 3210 omnis
2033 3163 2179 3210 incola
2212 3163 2361 3225 perit3

355 3225 560 3274 Ecclesza
593 3224 636 3271 se
674 3223 822 3281 habet,
863 3239 921 3274 ut
955 3229 1080 3291 prius
1103 3229 1297 3286 dictum,
1334 3230 1447 3276 ficut
1470 3246 1550 3277 cor
1573 3230 1622 3277 δε
1647 3230 1811 3293 pulmo
1835 3231 1881 3276 in
1905 3229 2104 3284 homine,
2144 3227 2378 3291 quamdiu

358 3307 438 3340 cor
462 3293 692 3355 integrum
717 3291 780 3339 est
803 3292 853 3339 ὅτ
877 3294 1069 3360 pulmo„
1094 3296 1273 3342 tamdiu
1297 3298 1414 3343 vivit
1438 3296 1595 3353 homo,
1633 3299 1693 3344 ita
1732 3312 1915 3360 quoque
1954 3295 2179 3358 quamdiu
2203 3292 2363 3404 Ecclie-

2327 3372 2379 3403 iaz
