2788 3736
377 270 511 335 262
934 262 1024 330 σς
1094 262 1157 329 Ε
1250 226 1338 326 N
1402 263 1538 328 ‘Ep
1579 212 1941 338 S·''‹I<³{S‹..e

370 419 477 453 cere
496 399 603 460 fuit,
637 398 829 450 obsessus
851 399 1058 464 undique
1075 411 1106 448 a
1130 398 1257 448 malis
1289 399 1340 448 δε
1362 395 1496 456 falsis,
1534 397 1608 447 seu
1631 398 1690 447 ab
1710 399 1838 463 aquis
1856 398 2027 449 diluvii
2044 420 2064 458 ς
2105 414 2242 465 quare
2263 399 2402 465 quod

385 470 555 531 reversa
584 469 642 517 ad
675 468 808 516 illum
831 467 888 514 ad
911 480 1078 525 arcam,
1113 465 1354 531 fignificat,
1383 465 1518 529 quod
1540 466 1719 514 bonum
1740 468 1792 514 δι
1816 482 1981 518 verum
2012 483 2105 532 per
2132 467 2398 517 columbam

387 527 666 584 ἰηῐεΙΙεᾶυω
686 534 840 582 rursus
863 534 922 582 ad
954 534 1086 582 illum
1116 534 1316 589 rediret,
1352 532 1579 596 quicquid
1598 533 1708 582 boni
1731 532 1875 581 homo
1897 548 1956 581 ex
1983 532 2124 582 semet
2145 532 2290 583 facere
2312 550 2400 599 pu

387 615 471 660 tat,
510 603 596 650 hoc
620 601 678 649 ad
701 601 834 650 illum
858 601 1003 659 redit,
1025 611 1132 649 nam
1156 599 1322 665 spectat
1344 599 1511 664 ipsum,
1545 599 1620 647 vel
1646 598 1759 648 facit
1781 599 1904 648 illud
1935 611 1990 647 ut
2022 606 2204 659 comm
2217 601 2405 651 mundo

390 681 615 734 appareat,
651 669 726 716 vel
762 680 817 717 ut
854 678 1009 717 coram
1044 658 1230 732 ahgeliS,
1270 667 1344 714 vel
1368 679 1422 715 ut
1443 679 1669 715 mereatur
1692 666 1882 724 eoelum,
1915 665 1993 714 vel
2008 679 2085 715 vt
2092 667 2316 744 maxim-ius
2344 667 2405 715 fit

391 736 438 782 in
461 736 601 793 coele,
628 736 741 783 talia
772 737 980 800 proprio,
1016 736 1067 783 δε
1091 736 1317 781 unicuivis
1339 731 1436 798 ejus
1458 734 1593 790 ideae,
1621 732 1788 790 insunt,
1823 733 1998 781 tametsi
2022 742 2243 798 appareat
2250 735 2300 782 in
2314 748 2413 783 ex«

391 813 518 849 terna
539 772 687 851 foi-ma
724 802 839 851 ficut
855 802 1033 850 bonum
1072 802 1123 850 ὅτ
1160 815 1323 848 verum
1363 801 1505 856 fidei,
1544 800 1719 849 bonum
1751 801 1802 848 &
1835 816 1997 847 verum
2036 801 2146 849 fidei
2177 799 2241 848 est
2277 802 2400 851 initus

393 867 568 917 bonum
602 870 655 923 3&
681 869 859 925 verum,
894 868 950 915 ab
988 868 1177 926 intimis,
1217 867 1305 915 hoc
1345 866 1425 925 est,
1462 883 1542 931 per
1564 868 1725 915 intima
1747 867 1944 915 hominis
1967 883 1993 914 a
2015 867 2225 915 Domino
2245 866 2412 916 'influit

389 950 532 983 omne
554 934 730 983 bonum
754 936 803 984 &
827 950 990 982 verum
1014 934 1156 990 fidei,
1142 956 1152 967 ·
1191 946 1238 982 at
1259 946 1368 981 cum
1391 950 1415 981 a
1434 935 1638 998 proprio,
1664 933 1738 981 seu
1762 949 1820 980 ex
1844 935 2029 991 merito,
2059 946 2171 981 tunc
2194 933 2405 983 interiora

396 1000 498 1049 sunt
515 1001 694 1066 spurca,
729 1002 780 1050 ὅτ
802 1002 1021 1049 exteriora
1056 1008 1269 1064 apparent
1291 1000 1480 1058 munda,
1515 1000 1696 1065 prorsus
1729 1000 1843 1049 ficut
1879 1002 2038 1063 putida
2060 1002 2275 1049 meretrix
2295 1016 2411 1064 quap-
2441 1053 2445 1055 ,

396 1067 509 1125 facie
533 1079 716 1132 apparet
738 1067 952 1123 venusta3
993 1079 1068 1115 aut
1091 1067 1206 1116 ficut
1227 1066 1445 1131 AEthiops
1462 1067 1541 1115 vel
1564 1068 1716 1131 potius
1738 1068 2082 1132 AEgyptiorum
2099 1069 2276 1115 mumia
2297 1076 2409 1117 can-⁴

394 1134 504 1182 dida
524 1135 645 1182 veste
675 1136 850 1181 circum
874 1104 1079 1181 induta.

454 1203 575 1266 Β7.7
605 1200 759 1264 Qod
795 1215 926 1263 aquae
955 1199 1084 1264 super
1115 1197 1315 1247 faciebus
1353 1211 1502 1256 terrae,
1554 1199 1811 1263 significent
1843 1197 2054 1248 falsitates
2119 1200 2214 1248 uod
2252 1199 2402 1249 adhuc

395 1265 728 1342 superfluerent,
773 1265 945 1313 constat
968 1282 994 1313 a
1020 1266 1342 1330 fignificatione
1372 1278 1593 1329 aquarum
1617 1266 1797 1322 diluvii,
1830 1253 1959 1328 quod
1982 1266 2070 1314 fint
2188 1278 2313 1324 tateS,
2351 1278 2402 1315 ut

394 1337 520 1397 prius
551 1333 649 1379 satis
670 1331 892 1379 ostensum
918 1331 997 1389 est,
1035 1333 1096 1380 ita
1118 1347 1177 1378 ex
1200 1332 1303 1397 ipsis
1325 1332 1492 1380 verbis.

465 1403 573 1464 878.
612 1398 762 1476 Qiod
795 1397 989 1446 emiserit
1013 1413 1200 1446 manum
1230 1398 1354 1446 suam
1388 1398 1611 1463 significet
1649 1397 1905 1462 potentiam
1928 1389 2024 1460 eJus
2048 1400 2314 1463 pmpriam·;
2350 1400 2400 1448 ὅτ

396 1466 523 1527 quod
559 1467 780 1529 acceperit
804 1465 945 1521 illam,
975 1466 1031 1512 &s
1055 1465 1283 1512 induxerit
1305 1465 1432 1512 illam
1463 1465 1522 1512 ad
1562 1463 1603 1511 se
1639 1466 1703 1511 in
1722 1480 1894 1520 arcam,
1916 1465 2156 1527 fignificet
2176 1466 2310 1529 quod
2340 1482 2404 1514 cx

395 1530 533 1579 semet
567 1531 745 1579 bonum
783 1528 962 1587 faceret,
1011 1532 1064 1579 ὅτ
1105 1545 1266 1578 verum
1305 1532 1543 1596 cogitaret,
1579 1529 1752 1578 constat
1791 1547 1816 1578 a
1854 1530 2179 1607 significatione
2211 1534 2406 1588 Manus,

396 1597 522 1661 quod
563 1598 618 1644 sit
653 1598 870 1661 potentia,
906 1598 995 1644 ita
991 1598 1079 1645 hic
1110 1596 1238 1660 quo‘d
1268 1597 1323 1645 sit
1356 1598 1559 1663 potentia
1580 1596 1763 1661 propr-ia
1790 1613 1852 1644 ex
1875 1613 1999 1659 qua;
2029 1600 2239 1646 emittere
2277 1600 2402 1645 enim

395 1670 604 1719 manum,
639 1664 688 1711 &
714 1665 915 1727 accipere
944 1662 1227 1720 columbam,
1264 1665 1314 1710 δε
1339 1663 1553 1712 inducere
1580 1663 1635 1709 ad
1660 1663 1718 1718 se,
1751 1663 1815 1710 est
1853 1662 1935 1710 fibi
1972 1664 2196 1727 applicare
2230 1665 2281 1712 δε
2317 1665 2400 1711 tri

396 1728 532 1776 buere
552 1743 717 1777 verum
741 1745 822 1793 per
844 1729 1108 1777 columbam
1131 1728 1426 1777 intellectum.
1494 1727 1659 1793 Qod
1654 1743 1749 1792 per
1770 1729 1972 1776 Manum
2004 1729 2282 1805 significetur
2310 1731 2412 1778 1³0ae

395 1798 552 1852 tentia,
603 1807 705 1843 tum
739 1795 948 1859 potestas,
998 1796 1049 1843 &
1094 1795 1198 1843 inde
1237 1795 1541 1854 confidentia,-
1579 1794 1760 1842 constat
1792 1794 2006 1842 a.multis
2040 1797 2100 1842 in.
2130 1795 2294 1845 Verbo
2345 1807 2405 1844 ut

393 1862 516 1955 apud
531 1832 757 1939 Esaiam,
772 1867 805 1889 “
831 1861 1034 1909 Vifitabo
1080 1861 1210 1925 super
1248 1860 1465 1909 fructum
1489 1855 1815 1937 magnitudinis
1851 1860 2000 1908 cordis
2015 1863 2159 1924 regis
2165 1861 2400 1919 Aschuris,

417 1929 571 1989 ‘quia
594 1928 723 1981 dixit,
761 1929 807 1975 in
823 1930 1020 1990 potentia
1043 1931 1210 1976 Manus
1232 1945 1331 1975 maeae
1349 1926 1456 1985 feci,
1493 1929 1549 1974 &
1565 1931 1619 1975 in
1644 1927 1850 1991 sapientia
1874 1943 1993 2003 mea,
2024 1930 2140 1990 quia
2147 1928 2402 1991 intelligens

399 1998 434 2021 “
470 1993 620 2051 sum,”
646 2011 706 2040 x:
737 2012 755 2042 1
768 2012 809 2058 3.
836 1994 913 2041 ubi
940 1993 1170 2041 manifeste
1195 2010 1354 2042 manus
1377 2009 1464 2058 pro
1476 1995 1686 2058 potentia
1699 1995 1896 2057 propria,
1921 1994 1995 2040 cui
2019 1993 2240 2051 tribuerit,
2265 2010 2403 2057 quare

395 2059 590 2107 visitatio
621 2058 751 2123 super
773 2076 894 2107 eum.
966 2060 1111 2124 Apud
1136 2060 1368 2117 Eundem,
1406 2066 1441 2088 “
1464 2060 1663 2108 Moabus
1697 2059 1923 2122 expandet
1952 2062 2124 2107 Manus
2163 2062 2209 2106 in
2247 2059 2403 2108 medio

401 2131 436 2153 ‘⁶
471 2125 553 2182 sui,
600 2126 995 2197 quemadmodum
1035 2126 1249 2189 expandit
1283 2138 1435 2174 natans
1464 2126 1523 2173 ad
1534 2126 1830 2184 natandum,
1863 2125 1915 2172 ὅτ
1956 2124 2212 2173 humiliabit
2250 2125 2399 2190 super-

400 2196 434 2218 “
471 2191 589 2239 biam
626 2208 743 2255 ejus,
779 2208 887 2239 cum
927 2201 1096 2239 catara
1101 2193 1155 2239 tis
1178 2195 1394 2240 Mannum
1439 2190 1584 2256 eju8,”
1623 2207 1740 2238 xxv:
1786 2207 1845 2238 11--
1892 2205 2084 2238 manus
2086 2207 2171 2254 pro
2201 2193 2405 2255 potentia
2483 2194 2493 2203 “

398 2259 596 2321 propria,
644 2274 700 2304 ex
730 2260 1071 2322 praeeminentia
1109 2257 1174 2305 sui
1219 2273 1315 2321 prae
1342 2259 1454 2314 aliis,
1500 2261 1570 2305 ita
1598 2273 1666 2304 ex
1699 2255 1913 2320 superbia.
1984 2258 2133 2320 Apud
2166 2259 2401 2315 Eundem,

403 2329 437 2351 ‘⁶
461 2324 752 2371 Habitatores
805 2341 964 2371 eorum
1011 2326 1156 2371 breves
1197 2328 1358 2382 Manu,
1410 2324 1688 2372 consternati
1723 2322 1841 2379 sunt,
1900 2324 1950 2371 &
1986 2324 2161 2386 pudore
2203 2324 2403 2381 affeffi,'
2393 2347 2414 2372 η

403 2405 601 2438 xxxvu:
639 2405 720 2453 27.
763 2390 918 2438 breves
965 2405 1102 2437 manu
1141 2405 1226 2453 pro
1273 2386 1400 2453 quod
1439 2391 1607 2437 nulli-us
1646 2392 1888 2453 potentiae.
1931 2424 1934 2427 v
1979 2391 2127 2453 Apud
2166 2390 2401 2448 Eundem,

405 2457 593 2502 “'Num
627 2456 746 2503 dicet
769 2456 921 2504 lutum
960 2456 1106 2519 figulo
1136 2457 1230 2512 suo,
1266 2456 1378 2520 quid
1403 2455 1542 2512 facis3
1579 2457 1629 2504 &
1652 2472 1768 2519 opus
1789 2468 1951 2511 tuum,
1996 2472 2087 2504 non
2111 2459 2277 2505 ,Manus
2308 2458 2415 2513 ei,”,

401 2537 520 2568 xiv:
563 2540 610 2587 9,
653 2538 744 2569 non
778 2538 937 2570 manus
975 2525 1032 2579 ei,
1084 2538 1170 2586 pro
1195 2523 1335 2587 quod
1373 2524 1414 2571 ei
1435 2523 1594 2570 nulla
1604 2524 1819 2585 potentia
1904 2522 2053 2585 Apud
2090 2521 2415 2581 Ezechielem,‚

403 2592 437 2614 ‘⁶
461 2589 566 2635 Rex
602 2588 795 2652 lugebit,
831 2590 881 2636 &
917 2590 1124 2652 plinceps
1158 2590 1372 2637 induetur
1403 2588 1601 2653 stupore,
1642 2589 1691 2636 ὅτ
1725 2591 1915 2637 Manus
1928 2589 2091 2652 populi
2125 2601 2263 2638 tetrae
2298 2605 2401 2652 per-

406 2659 439 2680 “
475 2653 826 2711 turbabuntur?
848 2671 950 2704 vn:
981 2671 1058 2719 27,
1096 2671 1254 2702 manus
1277 2671 1363 2719 pro
1385 2656 1610 2719 potentiis.
1662 2655 1817 2718 Apud
1841 2654 2071 2711 Mioham,
2106 2659 2142 2683 “
2163 2655 2252 2701 Vae
2270 2655 2401 2716 cogi-

406 2725 459 2747 “
474 2720 670 2767 tantibus
710 2723 1007 2784 iniquitatem.
1044 2723 1093 2768 ὅτ
1118 2738 1203 2785 ope
1183 2722 1404 2769 rantibus
1429 2722 1603 2769 malum
1637 2720 1766 2785 super
1797 2719 2042 2767 cubilibus
2057 2720 2160 2776 suis,
2195 2721 2334 2786 quod
2350 2721 2417 2769 in·-

390 2784 400 2789 ”
411 2791 444 2812 “
480 2787 580 2832 luce
603 2803 732 2834 mane
766 2786 937 2834 faciunt
961 2789 1024 2843 id,
1061 2789 1111 2836 &
1136 2791 1352 2850 quoniam
1384 2788 1447 2835 est
1470 2804 1554 2852 pro
1577 2787 1664 2834 deo
1697 2789 1864 2834 Manus
1886 2787 2097 2841 eorum,”
2123 2802 2198 2832 11·
2227 2804 2271 2836 ι.
2287 2801 2417 2837 nia-1

409 2867 492 2898 nus
531 2867 615 2914 pro
652 2856 852 2914 potentia
886 2856 1081 2916 propria,
1134 2857 1210 2901 cui
1249 2856 1363 2902 sicut
1390 2854 1477 2901 suo
1513 2854 1603 2900 deo
1637 2852 1892 2900 confidunt.
1961 2851 2106 2923 Apud
2126 2851 2401 2908 Sachariam,

410 2923 444 2944 ‘⁶
479 2917 566 2962 Vae
592 2918 755 2980 pastori
782 2920 924 2976 nihili,
961 2920 1175 2967 deserenti
1212 2936 1418 2983 gregem,
1433 2919 1631 2982 “gladius
1663 2918 1792 2980 super
1813 2917 2032 2964 brachium
2052 2914 2165 2980 ejus,
2201 2918 2260 2965 ὅτ,
2275 2918 2405 2982 super

409 2988 444 3010 “
479 2982 667 3028 oculum
706 2985 864 3031 dextrae
887 2984 1012 3047 ejus·,
1056 2986 1275 3033 brachium
1316 2998 1422 3048 ejus
1445 2983 1690 3038 arescendo
1722 2983 1898 3039 arescet,
1949 2983 1999 3030 &
2048 2984 2206 3031 oculus
2239 2985 2416 3035 dextrae·

407 3055 442 3076 “
466 3046 571 3111 ejus
611 3049 848 3111 caligando
883 3050 1524 3114 caligabit,’'x1:17.Q1ia
1555 3065 1715 3096 manus
1743 3048 2001 3111 significant
2027 3052 2263 3112 potentias,
2295 3052 2416 3105 idem

404 3115 521 3163 mala
557 3115 607 3161 ἃ
646 3112 747 3162 falsa
785 3115 982 3161 hominis
1022 3118 1067 3162 in
1113 3116 1260 3163 Verbo
1310 3118 1468 3179 passim
1508 3126 1728 3162 vocantur
1763 3117 1907 3176 Opera
1947 3118 2163 3165 Mannum
2202 3133 2399 3174 eorum;

410 3181 525 3228 mala
554 3180 653 3226 sunt
691 3197 748 3227 ex
782 3183 967 3244 proprio
1005 3181 1041 3244 ej
1047 3198 1098 3228 us
1131 3183 1396 3238 voluntatis,
1431 3180 1819 3245 falsa:ex-proprio
1841 3179 1935 3244 ejus
1959 3182 2240 3238 intellectum
2275 3184 2411 3245 quod-

405 3248 521 3295 mala
551 3247 600 3295 &
625 3245 726 3295 falsa
745 3248 884 3305 inde,
905 3200 1103 3301 constjare
1129 3247 1226 3295 satis
1249 3247 1398 3311 potest
1424 3264 1480 3296 ex
1504 3261 1660 3296 natura
1692 3249 1869 3313 Proprii
1905 3248 2119 3306 hominis,
2153 3249 2287 3312 quod.
2309 3265 2403 3362 ripn

2368 3327 2403 3362 1t
