2788 3736
584 225 1033 334 CAPUT
1125 242 2126 349 DUoDEclMUM„
2251 269 2385 355 451

404 419 410 423 ·
446 397 595 469 '1407ss
623 400 764 450 Vers:
799 418 838 448 1.
874 402 941 449 Et
962 399 1073 448 dixit
1095 396 1306 461 Jehovah*
1324 388 1386 444 aZ
1396 396 1650 453 Abramum,
1676 396 1751 445 abi
1772 397 1856 444 tibi
1879 414 1901 445 e
1922 406 2047 446 terra
2064 405 2164 456 tua,
2189 398 2246 448 &
2271 417 2295 449 e
2314 418 2396 450 na·

381 474 563 521 {ivitate
584 481 680 525 tua,
718 470 774 520 &³
799 484 822 516 e
843 467 960 515 domo
976 464 1131 529 patris'
1147 467 1233 522 tui,
1267 463 1328 511 ad
1347 473 1528 521 tmam,
1563 479 1688 526 quam
1711 464 1858 511 videre
1868 464 2040 526 faciam
2063 475 2118 513 te.
2189 467 2318 516 Haec
2342 471 2397 517 δε

380 537 612 602 sequentia
632 536 675 583 se
699 537 760 583 ita
781 534 946 582 habent
972 531 1177 580 historice
1209 530 1326 578 ficut
1347 528 1511 592 scripta
1546 529 1664 586 sunt,
1701 529 1775 577 sed
1798 530 2008 579 historica
2030 531 2132 580 sunt
2155 528 2396 597 repraesen-

379 607 537 660 tativa,
568 603 723 651 omnia
738 600 875 648 verba
887 600 989 648 sunt
999 598 1303 663 fignificativa
1321 614 1332 644 ε
1351 610 1434 660 per
1446 595 1711 644 Abramum
1726 598 1774 644 in
1790 597 1914 645 sensu
1933 600 2110 647 interno
2127 601 2398 665 intelligitur

374 672 627 728 DominuS,
645 681 698 716 ut
713 669 838 734 prius
855 665 1048 719 dietum.
1070 665 1203 714 Dixit
1219 662 1428 727 Jehovah
1447 662 1508 711 ad
1524 662 1807 721 Abramum‚
1825 664 2050 732 fignificat
2065 670 2278 716 omnium
2297 670 2395 734 pri·
2418 708 2421 716 .

377 754 503 787 mam
518 736 1002 785 animadvertendam:
1026 731 1098 780 abi
1120 749 1147 780 e
1168 744 1285 779 terra
1299 743 1396 794 tua,
1419 728 1644 795 fignificat
1659 733 1878 794 corporea
1898 733 1948 779 ὅτ
1967 733 2214 793 mundana,
2240 751 2266 783 a
2287 732 2393 799 qui·-

378 805 463 853 bus
487 800 740 852 recederet:
777 804 828 850 ὅτ
851 818 877 849 e
899 801 1134 848 nativitate
1157 810 1251 853 tua,
1288 797 1511 862 significat
1534 812 1751 860 corporea
1786 797 1838 845 δε
1854 811 1857 814 ’
1872 800 2102 855 mundana
2141 803 2360 851 exteriora
2378 822 2426 868 :⁴

376 872 428 920 &
454 888 479 919 e
502 871 650 920 domo
670 870 809 934 patris
832 868 918 925 tui,
945 865 1168 931 fignificat
1192 865 1299 913 talia
1329 865 1570 912 interiora:
1606 863 1663 911 ad
1687 877 1852 912 terram
1887 880 2027 929 quarn
2049 867 2204 916 videre
2226 866 2398 919 faciam*

374 951 436 997 te,
471 937 697 1002 fignificat
718 934 964 1000 spiritualia
992 936 1043 982 δε
1066 932 1267 981 coelestia
1284 946 1395 995 quae
1421 929 1676 978 fisterentur
1696 930 1910 979 videnda.
2111 970 2113 972 .

393 1038 399 1043 ·
449 1008 590 1065 1408.
625 1003 753 1056 Haec
791 1003 845 1050 &
876 1001 1113 1066 sequentia
1150 996 1193 1046 se
1232 999 1295 1047 ita
1333 996 1500 1045 habent
1526 997 1750 1054 historice,
1786 996 1902 1046 ficut
1938 997 2102 1064 scripta
2137 999 2255 1059 sunt,
2309 1001 2391 1051 'sed

376 1070 587 1125 historica
625 1068 727 1117 sunt
749 1065 1132 1134 repraestnta'niva,
1159 1065 1317 1115 mnia
1336 1062 1478 1111 verba·
1499 1062 1602 1112 sunt
1623 1064 1950 1128 significativa:
1983 1065 2042 1133 'se-
2069 1067 2131 1115 ita
2166 1085 2235 1116 res
2257 1068 2392 1118 habet

372 1139 422 1185 in
443 1136 660 1186 omnibus
681 1131 926 1184 Historicls
949 1132 1110 1190 Verbi,
1145 1146 1240 1180 non
1264 1129 1411 1179 solum
1435 1131 1484 1178 in
1504 1131 1658 1179 Libris
1675 1132 1839 1190 Mofis,
1858 1130 1953 1181 -sed
1973 1134 2110 1182 etiam
2135 1135 2182 1182 in
2215 1135 2389 1197 Josuae‚

376 1205 619 1266 Judicum‚
654 1201 877 1250 Samuelis
904 1200 956 1249 δε
979 1200 1050 1247 Re
1122 1214 1188 1256 m,
1225 1199 1272 1246 in
1297 1197 1465 1262 quibus
1497 1199 1714 1246 omnibus
1744 1199 1856 1247 nihil
1889 1196 2013 1247 aliud
2036 1214 2223 1265 apparet
2247 1216 2389 1266 quam

371 1266 672 1325 histOricum3
706 1267 782 1316 sed
806 1266 981 1316 tametsi
998 1266 1044 1313 hi
1084 1267 1263 1315 oricum
1286 1263 1352 1312 est
1374 1265 1421 1312 in
1454 1263 1578 1312 sensu
1602 1265 1761 1323 literae,
1800 1264 2010 1330 usquein
2048 1266 2172 1316 sensu
2213 1270 2392 1318 interno

372 1334 477 1385 sunt
497 1351 656 1384 arcana
678 1335 804 1393 coeli,
840 1333 949 1399 quae
987 1332 1223 1386 recondita
1254 1331 1324 1380 ibi
1348 1331 1504 1388 latent,
1539 1347 1646 1395 quae
1669 1348 1826 1380 arcana
1864 1331 2088 1398 nusquam
2111 1335 2257 1383 videri
2285 1336 2392 1400 pos-

372 1403 492 1460 sunt,
527 1402 751 1467 quamdiu
790 1417 920 1449 mens
958 1413 1069 1448 cum
1102 1398 1240 1447 oculo
1270 1409 1449 1447 tenetur
1486 1399 1534 1445 in
1557 1398 1795 1457 historicis,
1832 1415 1914 1447 nec
1948 1401 2076 1465 prius
2110 1403 2386 1461 revelantur,

370 1486 512 1535 quam
535 1485 645 1517 cum
683 1484 812 1516 mens
851 1484 877 1515 a
915 1465 1039 1514 sensu
1071 1466 1215 1513 literae
1239 1476 1531 1512 removetur:
1568 1464 1611 1512 se
1649 1465 1783 1514 habet
1805 1466 2017 1514 Verbum
2051 1468 2246 1521 Domini
2270 1470 2386 1521 ficut

284 1541 286 1544 ’
372 1552 540 1602 corpus
574 1538 622 1584 in
654 1550 755 1600 quo
774 1535 926 1582 anima
959 1535 1088 1590 viva,
1130 1547 1240 1597 quae
1275 1532 1443 1582 animae
1483 1531 1601 1590 sunt,
1637 1547 1731 1580 non
1770 1545 2004 1597 apparent,
2041 1533 2158 1582 dum
2199 1536 2392 1585 inhaeret-

372 1620 504 1652 mens
527 1603 772 1668 corporeis,
809 1600 922 1649 adeo
945 1612 998 1648 ut
1026 1602 1115 1647 vix
1138 1599 1294 1667 credat
1329 1597 1372 1646 se
1407 1599 1607 1647 animam
1649 1595 1826 1658 habere,
1862 1601 2017 1648 minus
2048 1602 2178 1665 quod
2211 1604 2393 1652 victura·

371 1670 474 1736 post
498 1683 714 1726 mortem,
750 1679 804 1715 ut
825 1669 1033 1731 primum
1056 1682 1167 1714 vero
1188 1682 1216 1714 a
1247 1666 1475 1729 corporeis
1500 1665 1686 1722 recedit,
1722 1678 1880 1731 patent
1911 1667 1986 1714 illa
2010 1683 2125 1731 quae
2145 1670 2312 1719 animae
2333 1670 2387 1719 ὅτ

371 1739 484 1785 vitae
508 1736 644 1792 sunt3
679 1750 787 1799 quae
826 1735 966 1782 etiam
989 1730 1118 1786 causa
1149 1731 1230 1789 est,
1267 1747 1360 1779 non
1399 1730 1547 1779 solum
1584 1732 1714 1795 quod
1754 1733 1976 1780 moritura
2001 1750 2217 1799 corporea
2260 1748 2386 1784 ante·

372 1819 512 1867 quam
538 1803 683 1850 homo
701 1799 850 1865 potest
871 1817 897 1847 e
920 1815 1047 1848 novo
1067 1798 1184 1848 nasci
1222 1811 1299 1847 aut
1322 1799 1590 1862 regenerari,
1625 1797 1699 1846 sed
1722 1800 1861 1847 etiam
1883 1799 2012 1862 quod
2051 1817 2219 1866 corpus
2243 1803 2388 1850 mori-

374 1882 551 1926 turum,
585 1880 640 1916 ut
661 1868 816 1915 venire
834 1869 973 1932 'poffit
993 1867 1040 1914 in
1064 1865 1260 1922 coelum,
1297 1881 1347 1912 ac
1373 1864 1529 1912 videre
1552 1863 1779 1914 coelestia:
1816 1867 1878 1913 ita
1900 1864 1942 1913 se
1965 1866 2099 1915 habet
2130 1883 2238 1916 cum
2266 1869 2387 1916 Ver-

376 1935 441 1984 bo
461 1936 689 1991 Domini;
727 1934 847 1982 illius
870 1937 1086 1998 corporea
1106 1930 1209 1980 sunt
1247 1931 1325 1980 illa
1345 1947 1454 1996 quae
1477 1930 1580 1979 sunt
1603 1930 1747 1980 sensus
1785 1931 1943 1989 lsterae,
1997 1933 2044 1980 in
2081 1934 2248 1998 quibus
2273 1928 2393 1984 cuns

373 2018 503 2050 mens
526 2012 719 2058 tenetur,
755 2003 929 2049 interna
951 1998 1174 2064 nusquam
1199 1998 1429 2055 videntur,
1466 1997 1539 2045 sed
1563 1999 1750 2062 quando
1769 1998 1892 2064 quafi
1911 2011 2092 2047 mortua
2115 2000 2234 2059 sunt,
2270 2013 2385 2050 tunc

370 2069 578 2133 primurn
603 2068 815 2115 fistuntur
836 2067 1061 2116 videnda:
1097 2065 1173 2114 sed
1211 2053 1353 2130 uffiue
1391 2065 1496 2114 sunt
1524 2065 1600 2113 illa
1620 2081 1729 2130 quae
1767 2065 1870 2113 sunt
1892 2065 2038 2113 sensus
2060 2067 2203 2116 literae
2222 2068 2386 2118 similia

371 2135 458 2183 iilis
480 2151 590 2199 quae
612 2134 738 2200 apud
759 2134 996 2182 hominem
1019 2134 1069 2181 in
1095 2130 1192 2198 ejus
1215 2148 1423 2197 corpore,
1459 2147 1624 2196 nempe
1647 2132 1902 2180 scientificis
1934 2135 2172 2182 memoriae
2195 2150 2303 2198 quae
2325 2151 2393 2183 ex

369 2200 637 2250 sensualibus
674 2200 793 2257 sunt,
827 2217 936 2265 quae
960 2199 1063 2248 sunt
1088 2199 1190 2248 vasa
1210 2201 1495 2257 communia,
1532 2201 1579 2246 in
1616 2198 1785 2262 quibus
1819 2197 2029 2248 interiora
2067 2202 2141 2248 seu
2172 2202 2344 2250 interna
2365 2225 2388 2260 ς..

370 2268 477 2315 inde
497 2265 611 2320 sciri
622 2267 785 2331 potest,
820 2267 947 2331 quod
973 2267 1100 2319 aliud
1122 2266 1210 2315 sint
1233 2266 1350 2324 vasa,
1384 2267 1435 2314 ὅτ,
1459 2265 1584 2314 aliud
1617 2266 1853 2314 essentialia
1883 2282 1991 2330 quae
2026 2267 2074 2315 in
2113 2267 2244 2326 vafis,
2279 2268 2384 2317 vasa

369 2333 473 2381 funt
496 2334 729 2390 naturalia,
764 2333 1002 2398 effentialia
1021 2343 1141 2398 quae'
1159 2335 1208 2381 in
1230 2333 1345 2382 vasis
1367 2331 1471 2380 sunt
1503 2332 1744 2397 spiritualia
1773 2333 1825 2381 δε
1848 2333 2083 2390 coelestia;
2118 2335 2181 2382 ita
2195 2351 2382 2399 quoque

370 2399 579 2447 historica
600 2399 760 2458 Verbi,
798 2411 851 2447 ut
872 2402 923 2448 &
947 2399 1138 2464 fingulae
1160 2416 1300 2449 voces
1324 2401 1372 2448 in
1395 2399 1571 2457 Verbo,
1593 2398 1697 2450 sunt
1714 2398 1817 2447 vasa
1837 2402 2119 2458 communia,
2146 2402 2380 2460 naturalia,

371 2468 469 2522 imo
494 2464 759 2523 materialia,
791 2466 839 2513 in
861 2465 1034 2529 quibus
1051 2465 1292 2531 spiritualia
1313 2468 1365 2516 δί
1387 2465 1618 2523 coelestia3
1654 2466 1754 2514 haec
1777 2466 2001 2531 nusquam
2018 2468 2065 2514 in
2082 2467 2382 2532 conspestum

370 2535 579 2590 veniunt,
615 2531 697 2580 nifi
720 2547 811 2597 per
833 2531 1008 2579 sensum
1029 2534 1292 2581 internum:
1313 2534 1558 2581 ⁴unicuivis
1596 2533 1684 2581 hoc
1728 2533 1927 2587 constare
1959 2534 2107 2597 potest
2135 2533 2281 2583 solum
2321 2550 2380 2582 ex

368 2616 442 2657 eo,
478 2598 605 2664 quod
630 2598 776 2646 multa
798 2600 845 2646 in
868 2591 1297 2663 Verbo'secundum
1329 2601 1623 2662 apparentias,
1659 2600 1759 2646 imo
1788 2598 2038 2647 secundum
2062 2598 2252 2647 fallacias
2282 2600 2383 2647 sen-

369 2666 519 2724 suum,
544 2666 666 2714 dicta
686 2665 790 2722 sint,
824 2676 878 2713 ut
897 2664 1028 2729 'quod
1048 2662 1282 2712 Dominus
1302 2663 1526 2721 irascatur,
1560 2660 1736 2727 puniat,
1772 2665 2027 2722 maledicat,
2078 2666 2272 2722 occidat,
2324 2668 2377 2714 δε

368 2733 472 2781 talia
493 2733 642 2798 plura,
677 2748 790 2780 cum
809 2742 966 2780 tamen
987 2733 1039 2779 in·
1056 2729 1180 2779 sensu
1203 2731 1381 2778 interno
1402 2731 1624 2778 contraria
1645 2728 1763 2787 sunt,
1800 2746 1966 2794 nempe
1989 2732 2118 2794 quod
2142 2733 2377 2780 Dominus

367 2799 588 2863 nusquam
613 2798 820 2847 irascatur
843 2801 892 2847 &
917 2800 1089 2863 puniat,
1107 2798 1261 2850 minus
1285 2795 1520 2845 maledicat
1536 2797 1588 2844 ὅτ
1608 2794 1818 2852 occidam
1837 2797 1977 2860 usque
1993 2810 2163 2855 tamen,
2189 2799 2271 2856 iis,
2294 2800 2378 2863 qui

368 2881 426 2913 ex
442 2866 724 2931 simplicitate
746 2865 896 2914 cordis
919 2865 1113 2913 credunt
1136 2864 1344 2912 Verbum
1365 2863 1479 2911 ficut
1501 2862 1617 2911 illud
1642 2864 1826 2928 capiunt
1845 2863 1894 2910 in
1915 2863 2057 2921 litera,
2092 2864 2204 2912 nihil
2222 2879 2373 2923 nocet,

369 2933 485 2983 dum
508 2933 556 2979 in
576 2932 786 2990 charitate
808 2934 1013 2989 vivunt·,
1048 2930 1178 2980 causa
1199 2930 1280 2987 est,
1313 2931 1420 2994 quia
1434 2929 1644 2978 Verbum
1669 2930 1781 2977 nihil
1805 2929 1928 2977 aliud
1959 2930 2110 2988 docet,
2145 2948 2286 2995 quam
2323 2945 2376 2979 ut

368 2996 558 3062 quisque
578 3013 687 3045 cum
710 3000 925 3062 proximo
946 3001 1075 3047 vivat
1098 3000 1146 3046 in
1168 2997 1398 3054 charitate,
1427 3009 1569 3061 utque
1593 3009 1746 3044 ament
1761 2997 2024 3046 Dominum
2049 2996 2180 3061 supra
2203 3000 2375 3055 omnia,

368 3065 450 3128 qui
473 3063 561 3112 hoc
582 3061 773 3122 faciunt,
809 3065 874 3112 illi
897 3065 1062 3117 habent
1094 3066 1266 3113 interna
1291 3063 1416 3130 apud
1440 3062 1499 3121 se,
1534 3063 1584 3112 &
1607 3062 1669 3114 fic
1692 3063 1816 3128 apud
1841 3079 1919 3114 eos
1949 3062 2138 3111 fallaciae
2169 3079 2227 3112 ex
2250 3064 2372 3112 sensu

367 3132 511 3180 literae
532 3141 679 3193 captae
701 3128 833 3178 facile
854 3130 1171 3179 discutiuntur.
1740 3132 1755 3143 “

441 3206 582 3260 '1-409.
619 3195 765 3260 Qod
783 3195 994 3244 historica
1011 3198 1098 3245 lint
1115 3193 1586 3262 repraesentativffi'sed
1611 3197 1766 3245 omnia
1789 3197 1926 3244 verba
1949 3197 2035 3244 fint
2057 3196 2371 3260 significativa,

367 3263 567 3328 constare
588 3261 734 3328 potest
755 3276 812 3311 ex
849 3262 938 3316 illis
957 3278 1071 3328 quae
1107 3263 1166 3314 de
1191 3264 1561 3330 repraesentativa
1604 3266 1654 3314 ὅτ
1695 3263 2005 3329 significativis
2031 3265 2156 3327 prius·
2179 3263 2297 3374 diei-{a
2319 3261 2371 3374 &sc

2202 3343 2231 3375 o
2270 3342 2324 3375 en
2345 3341 2371 3374 a
