2788 3736
769 208 2072 318 CAPUT-DEcl-MUM.
2337 263 2468 340 399

455 396 547 447 fine
570 392 709 443 sciant
731 391 783 441 ὅτ
801 390 1026 443 memoria
1046 401 1246 449 teneant,
1280 405 1423 456 quam
1445 390 1561 439 ficut
1588 404 1656 436 res
1679 388 1800 455 alias,
1835 402 1949 453 quas
1970 398 2142 455 praeter
2161 388 2289 454 quod
2313 388 2469 450 sciant,

454 462 762 518 nihil-curam,
799 459 880 510 nisi
898 474 955 513 cx
978 457 1105 508 caula
1131 470 1183 506 ut
1215 458 1321 506 inde
1342 457 1590 510 evehantur
1618 457 1665 505 in
1688 455 1881 504 honores
1913 455 1965 504 δε
2003 455 2065 504 fic
2094 471 2265 520 porro,
2300 457 2363 505 ita
2385 459 2467 507 sci-

450 529 572 578 entia
595 528 918 592 cognitionum
941 525 1050 574 fidei
1063 524 1128 577 est
1151 525 1361 576 distincta
1381 542 1408 573 a
1422 523 1616 573 scientia
1637 538 1788 570 rerum
1814 522 2105 582 naturalium,
2130 536 2184 572 ut
2198 525 2294 571 vix
2332 541 2463 583 com-

449 597 705 651 municent,
740 609 983 659 quarenon
1006 594 1101 646 nati
1123 593 1181 641 ab
1199 591 1290 641 illis
1315 591 1552 650 edicuntur,
1587 589 1663 637 sed
1686 590 1859 654 egreffi.
1927 589 2164 650 Philistaei,
2199 593 2306 657 quia
2330 593 2465 651 tales,

453 678 547 711 non
570 662 752 728 pofl‘unt
774 662 918 718 aliter,
953 676 1093 726 quam
1117 661 1252 724 etiam
1284 660 1571 726 cognitiones
1603 656 1716 705 fidei
1753 671 1836 719 per
1860 657 2091 711 ratiocinia
2129 668 2186 706 ex
2219 659 2323 717 illis,
2357 676 2463 725 per-

451 743 642 786 vertere,
678 731 728 778 &
751 729 858 777 inde
883 725 1082 779 fonnare
1113 726 1197 777 fibi
1230 725 1495 775 doetrinaiia
1509 724 1630 784 falsa,
1665 737 1806 788 quare
1828 724 1963 783 etiam
1985 725 2101 772 inter
2122 742 2198 774 eos
2221 726 2340 784 sunt,
2375 729 2458 792 qui

452 810 578 861 aegre
595 797 776 861 poffunt
796 794 1104 861 regenerari&
1116 795 1314 860 recipere
1337 793 1618 854 charitatem,
1643 803 1739 839 tam
1763 791 1872 857 quia
1900 793 2162 854 praeputiati
2184 794 2322 841 corde
2345 793 2465 853 sunt,

451 880 592 929 quam
607 865 714 929 quia
770 862 958 928 rincipia
967 860 1082 919 falfi,
1116 863 1168 910 δε
1203 861 1315 922 inde,
1331 862 1428 909 vita
1443 876 1604 909 eorum
1622 857 1892 914 intelle-etus,
1928 856 2135 905 inhibent
2154 860 2201 906 δι
2222 859 2412 909 obstant.

526 950 545 981 1
559 946 665 998 ¹99·
744 929 836 977 ors:
864 945 936 995 15.
971 931 1038 980 Et
1054 930 1234 979 Canaan
1242 931 1394 993 genuit
1417 929 1637 984 Zidonm,
1664 925 1994 988 primogenitum
2005 925 2152 987 suum,
2187 926 2244 974 ἔθ’
2266 927 2461 977 Chetum.

450 996 632 1046 Canaan
655 997 894 1063 fignificat,
930 996 1005 1045 hic
1049 1009 1104 1044 ut
1134 997 1276 1061 prius,
1310 995 1488 1043 cultum
1519 1007 1760 1044 externum
1798 992 1845 1038 in
1863 1007 1966 1056 quo
1988 991 2098 1039 nihil
2118 995 2347 1040 internum
2366 995 2461 1044 est:

452 1066 597 1114 Sidon
618 1064 842 1130 fignificat
855 1061 1402 1127 cognitionesexteriores
1422 1060 1744 1127 spiritualium,
1780 1073 1885 1123 quae
1903 1060 2010 1123 quia
2026 1057 2128 1106 sunt
2154 1060 2302 1124 prima
2317 1061 2467 1110 cultus

449 1132 549 1180 talis
563 1133 754 1196 externi,
791 1130 960 1178 dicitur
989 1129 1134 1178 Sidon
1157 1128 1375 1178 Canaanis
1426 1128 1796 1194 primogenitus:
1845 1124 1998 1175 Cheth
2034 1125 2260 1192 fignificat
2305 1131 2467 1192 cogni-

450 1200 595 1247 tiones
611 1199 851 1246 exteriores
869 1194 1139 1245 coelestiurn.

523 1280 664 1313 1200.
698 1263 850 1329 Qod
882 1264 1064 1328 §anaan
1104 1263 1330 1327 fignificet
1365 1261 1547 1315 cultum
1584 1273 1826 1310 externum
1863 1259 1912 1308 in
1952 1276 2048 1324 quo
2077 1258 2191 1308 nihil
2215 1260 2466 1321 internum,

447 1333 572 1396 prius
592 1329 675 1379 ubi
699 1331 757 1382 de
780 1332 1000 1388 Canaane,
1035 1329 1262 1378 ostensum
1284 1330 1375 1379 est:
1413 1329 1563 1381 cultus
1587 1341 1819 1386 externus,
1856 1329 1938 1392 qui
1961 1329 2142 1376 Canaan
2165 1341 2374 1387 vocatur,
2400 1330 2464 1379 est

447 1399 565 1456 talis,
602 1397 744 1463 qualis
778 1409 879 1446 ante
902 1397 1154 1445 adventum
1175 1397 1391 1454 Domini,
1426 1407 1534 1444 tum'
1553 1396 1656 1460 post
1678 1396 1929 1444 adventum
1953 1394 2114 1459 IpfiuS,
2151 1392 2239 1442 fuit
2271 1396 2467 1458 Judaeo-

450 1481 574 1524 rum,
609 1466 690 1530 qui
715 1464 895 1513 cultum
934 1476 1177 1513 externum
1216 1463 1456 1522 habebant,
1492 1479 1634 1528 quem
1672 1463 1810 1510 etiam
1856 1461 2003 1510 stricte
2047 1460 2355 1521 observabant,
2391 1463 2469 1513 sed

451 1532 591 1596 usque
615 1531 863 1580 nesciebant
885 1531 1000 1596 quid
1024 1533 1275 1589 internum,
1309 1530 1450 1596 usque
1473 1532 1604 1589 adeo,
1641 1541 1694 1578 ut
1734 1529 1777 1578 se
1817 1528 1965 1578 solum
1988 1544 2177 1596 corpore
2201 1530 2355 1577 vivere
2378 1547 2467 1595 pu·

447 1601 669 1656 taverint;
702 1599 816 1664 quid
841 1601 1008 1656 anima,
1044 1599 1161 1663 quid
1184 1599 1317 1656 fides,
1352 1598 1465 1661 quid
1481 1599 1733 1655 Dominus,
1769 1596 1885 1660 quid
1919 1597 2014 1644 vita
2036 1596 2272 1660 spiritualis
2296 1597 2346 1645 &
2370 1615 2468 1646 coe-

449 1666 585 1724 lestis,
609 1666 723 1730 quid
739 1667 834 1714 vita
850 1665 953 1730 post
975 1678 1191 1723 mortem,
1216 1663 1397 1730 prorsus
1420 1664 1695 1720 nesciebant,
1729 1679 1868 1726 quare
1889 1665 2027 1711 etiam
2050 1676 2257 1727 tempore
2272 1665 2468 1714 Domini

450 1733 655 1799 plerique
673 1731 1300 1796 negabantresurredfionem,
1315 1743 1369 1778 ut
1383 1730 1555 1779 constat
1568 1731 1691 1795 apud
1705 1730 1886 1777 Matth:
1910 1746 2018 1777 xxn
2037 1749 2049 1779 :
2070 1747 2129 1780 22
2147 1731 2204 1777 ad
2221 1749 2247 1795 3
2254 1748 2298 1794 3.
2313 1732 2465 1780 Marc:

448 1815 554 1848 xn:
591 1819 605 1847 1
619 1804 643 1852 8
656 1799 712 1845 ad
730 1805 804 1848 28.
825 1799 955 1846 Luc:
973 1812 1038 1846 xx
1056 1817 1067 1846 :
1090 1813 1151 1863 27
1166 1798 1312 1859 ad41.
1332 1813 1442 1847 cum
1458 1797 1602 1845 homo
1618 1797 1717 1845 talis
1733 1795 1812 1854 est,
1832 1809 1886 1844 ut
1898 1813 1991 1844 non
2006 1797 2157 1845 credat
2173 1795 2216 1844 se
2230 1798 2466 1848 viCturum

452 1865 555 1929 post
573 1877 790 1923 mortem,
815 1867 950 1913 etiarn
960 1881 1055 1912 non
1078 1866 1224 1912 credit
1245 1865 1373 1930 quod
1391 1864 1802 1929 aliquidinternum
1818 1863 2292 1928 spirituale&coeleste
2306 1864 2463 1914 detur:

450 1932 559 1979 tales
584 1948 770 1996 quoque
794 1931 912 1989 sunt,
947 1933 1028 1996 qui
1051 1933 1099 1979 in
1123 1934 1259 1980 meris
1282 1931 1606 1997 cupiditatibus
1628 1933 1814 1988 vivunt,
1848 1931 1956 1995 quia
1975 1932 2143 1978 vivunt
2177 1947 2351 1980 meram
2389 1933 2464 1979 vi-

449 2011 545 2047 tam
587 1999 788 2062 corporis
811 2000 861 2046 &
885 1999 1067 2057 mundi,
1109 2001 1380 2064 cumprimis
1418 2001 1500 2064 qui
1537 1997 1673 2046 faedae
1695 1998 1897 2046 avaritiae
1931 1996 2136 2046 immerfi
2162 1997 2274 2060 sunt
2292 2020 2314 2061 3‘
2342 1999 2374 2045 ii
2397 1999 2467 2046 ni-

450 2066 699 2114 hilominus
723 2065 900 2113 cultum
924 2065 1105 2123 habent,
1142 2064 1428 2130 frequentant
1450 2065 1515 2113 illi
1537 2065 1805 2130 synagogas,
1830 2064 1877 2112 hi
1912 2064 2099 2129 templa,
2137 2065 2184 2112 δι
2226 2063 2466 2113 observant

452 2135 584 2190 rit-us,
621 2132 809 2198 quidam
835 2147 996 2180 eorum
1020 2149 1241 2198 perquam
1264 2133 1443 2189 stric'te3
1479 2131 1552 2180 sed
1576 2135 1682 2197 quia
1713 2148 1806 2180 non
1822 2131 2014 2179 credunt
2053 2132 2150 2179 dari
2183 2133 2328 2179 vitam
2362 2133 2465 2196 post

449 2213 666 2257 mortem,
702 2200 852 2248 cultus
874 2215 1033 2247 eorum
1057 2215 1150 2248 non
1172 2199 1321 2264 potest
1345 2201 1456 2248 alius
1479 2199 1563 2247 effe
1575 2216 1719 2264 quam
1743 2206 1975 2258 externus,
2001 2199 2050 2246 in
2072 2214 2167 2263 quo
2190 2199 2303 2247 nihil
2326 2200 2466 2247 inter·-

449 2282 583 2323 num,
619 2267 732 2314 sicut
755 2266 899 2314 crusta
921 2265 1085 2331 absque
1119 2267 1299 2321 nucleo,
1334 2268 1384 2315 ὅτ
1408 2267 1523 2314 ficut
1558 2267 1706 2324 arbor,
1741 2267 1788 2314 in
1828 2282 1920 2330 qua
1960 2282 2054 2313 non
2092 2264 2284 2323 studius,
2321 2267 2370 2314 &
2408 2282 2466 2314 ne

450 2333 641 2396 quidem
657 2331 794 2381 folia:
844 2333 945 2381 talis
968 2346 1176 2382 externus
1216 2335 1366 2382 cultus
1405 2334 1486 2391 est,
1520 2335 1602 2399 qui
1641 2351 1724 2399 per
1753 2335 1932 2381 Canaan
1970 2333 2275 2397 significatur:
2313 2335 2465 2382 caeteri
2544 2399 2549 2402 Ι

449 2399 601 2447 cultus
634 2401 815 2456 interni,
836 2400 907 2458 vde
939 2400 1105 2463 quibus
1128 2400 1260 2465 supra
1280 2402 1451 2458 adium,
1483 2399 1667 2449 fuerunt
1703 2400 1853 2448 cultus
1885 2401 1933 2448 in
1957 2416 2052 2464 quo
2076 2401 2261 2448 interna.

530 2483 670 2515 1201.
707 2465 856 2531 Qod
894 2466 1312 2532 Zidonlfignificet
1352 2469 1639 2532 cognitiones
1683 2469 1926 2516 exteriores
1978 2466 2297 2531 spiritualium,
2325 2497 2332 2530 3
2351 2483 2463 2515 con-

451 2532 535 2580 stat
581 2548 638 2579 ex
682 2549 752 2589 eo,
805 2532 933 2596 quod
973 2532 1148 2580 dicatur
1181 2536 1515 2599 primogenitus
1554 2536 1788 2593 Canaanis‚
1833 2551 1941 2582 nam
1980 2535 2345 2598 primogenitum
2380 2551 2461 2582 cu-

445 2598 700 2663 juscunque
735 2598 952 2647 Ecclefiae
975 2599 1021 2645 in
1046 2598 1168 2646 sensu
1193 2603 1370 2648 interno
1392 2601 1457 2648 est
1496 2602 1626 2658 fides,
1663 2619 1707 2648 n.
1737 2617 1850 2665 352,
1889 2601 2015 2665 357³
2064 2600 2138 2648 hic
2162 2614 2330 2657 autem,
2381 2601 2461 2647 ubi

453 2667 573 2714 nulla
605 2666 739 2723 fides,
790 2666 897 2730 quia
935 2664 1098 2730 absque
1136 2668 1339 2724 internis,
1375 2683 1469 2714 non
1505 2667 1607 2715 sunt
1646 2667 1727 2715 nifi
1766 2668 2050 2730 cognitiones
2088 2669 2325 2714 exteriores
2372 2666 2463 2732 spi-

451 2734 698 2789 ritualium,
736 2749 843 2797 quae
883 2732 986 2779 loco
1007 2732 1131 2788 fidei,
1174 2735 1234 2780 ita
1273 2735 1555 2797 cognitiones
1601 2733 1753 2798 quales
1791 2733 1915 2797 apud
1960 2732 2170 2794 Judaeos,
2219 2750 2326 2798 quae
2365 2751 2460 2783 non

451 2798 599 2847 solum
650 2799 752 2847 sunt
793 2802 967 2847 rituum
1004 2799 1155 2847 cultus
1194 2802 1399 2857 externi,
1456 2799 1532 2847 sed
1567 2802 1703 2847 etiam
1739 2799 1971 2864 plurium,
2023 2816 2130 2863 quae
2176 2801 2234 2848 ad
2279 2800 2460 2850 cultum

452 2865 583 2912 illum
623 2869 866 2930 pertinent,
924 2878 978 2913 ut
1026 2867 1130 2913 sunt
1175 2867 1466 2915 dostrinalia:
1532 2867 1659 2931 quod
1700 2867 1855 2914 Zidon
1892 2867 1992 2914 haec
2036 2866 2276 2930 significet,
2319 2870 2458 2916 etiam

453 2943 576 2994 patet
598 2948 654 2979 ex
675 2949 746 2990 eo,
781 2933 909 2997 quod
929 2935 1085 2996 Tyrus
1111 2934 1160 2981 &
1186 2933 1339 2981 Zidon
1369 2934 1552 2981 termini
1590 2933 1742 2981 ultimi
1765 2931 1934 2981 fuerint
1955 2932 2249 2992 Philisthaeae,
2284 2935 2333 2982 &
2358 2939 2461 2998 qui-

453 2998 560 3044 dem
587 2996 722 3061 juxta
744 3014 880 3057 mare,
930 3002 980 3048 δε
1011 2995 1126 3048 'ideo
1164 3017 1246 3065 per
1267 3002 1454 3065 Tyrum
1478 3001 1744 3064 fignificatae
1773 2999 1874 3048 sunt
1906 3001 2187 3064 cognitiones
2211 3003 2458 3059 interiores,

450 3065 501 3112 &
526 3080 606 3128 per
627 3063 855 3112 Zidonem
894 3067 1179 3130 cognitiones
1215 3069 1474 3126 exteriores,
1517 3070 1567 3116 &
1592 3068 1781 3132 quidem
1807 3066 2136 3132 spiritualium3
2172 3069 2301 3132 quod
2323 3070 2461 3116 etiam

451 3130 624 3178 constat
647 3147 673 3178 a
693 3130 880 3178 Verbo:
917 3133 1041 3196 apud
1079 3135 1345 3194 jeremiam,
1394 3141 1427 3162 “
1453 3136 1597 3198 Super
1631 3135 1755 3182 diem
1797 3137 2059 3183 venientem
2098 3135 2156 3182 ad
2190 3134 2458 3182 vastandum

455 3204 490 3224 ‘⁴
526 3213 684 3246 omnes
707 3196 958 3255 Philssaeos,
992 3199 1048 3245 ad
1070 3200 1375 3249 excidendum
1397 3202 1506 3263 Tyro
1531 3203 1581 3250 &
1606 3202 1764 3250 Zidoni
1794 3218 1981 3250 omnem
2008 3201 2284 3265 superstitem
2327 3203 2459 3247 auxi·

451 3269 485 3327 ξι
521 3263 722 3320 flantem,
747 3264 853 3327 quia
867 3263 1042 3313 vastans
1065 3265 1273 3326 Jehovah
1289 3268 1590 3327 Philisthaeos‚
1616 3269 1826 3332 reliquias
1843 3267 2001 3318 insulae
2019 3268 2273 3331 Caphtor,’'
2290 3282 2407 3313 vai
2418 3283 2459 3378 L:-

2311 3350 2356 3391 4.
2384 3348 2415 3379 u
2448 3350 2463 3379 i
