2788 3736
313 250 521 393 '326
937 297 1000 363 G
1093 296 1154 368 E
1246 295 1332 360 N
1418 269 1623 360 EAS
1714 297 1759 360 ι
1845 299 1907 396 s.

381 443 443 492 ris
466 441 540 490 seu
563 438 822 494 charitati33
858 435 1203 491 similitudinem
1238 434 1425 500 alicujus
1465 434 1627 493 facere,
1665 436 1714 484 &
1756 436 2003 502 imaginem
2044 438 2248 506 alicujus,
2286 439 2397 496 nihil
2441 456 2446 460 ’

382 508 530 574 potest
553 506 634 555 nisi
658 522 786 559 amor
809 505 859 557 ὅτ
881 504 1069 554 charitas
1090 526 1109 560 ·‚
1140 503 1319 553 essentia
1351 506 1517 553 amoris
1557 505 1607 550 &
1647 503 1870 550 charitatis
1910 503 1990 561 est,
2025 518 2077 554 ut
2116 523 2171 555 ex
2216 508 2396 559 duobus

385 575 508 638 quasi
531 589 679 621 unum
701 571 864 628 faciat3
900 571 1084 634 quando
1107 587 1224 618 unus
1248 582 1368 617 amat
1391 569 1583 619 alterum
1614 570 1727 617 sicut
1751 568 1809 626 se,
1845 569 1894 618 &
1918 570 2022 634 plus
2042 587 2181 636 quam
2204 573 2262 632 se,
2288 587 2397 623 tunc

381 642 508 688 videt
539 656 658 687 unus
681 641 871 686 alterum
897 639 944 686 in
968 636 1026 695 se,
1053 639 1102 685 &
1127 636 1168 685 se
1191 638 1236 684 in
1255 637 1411 694 altero,
1440 636 1567 700 quod
1593 638 1738 684 cuivis
1761 635 1908 701 potest
1932 638 2096 686 notum
2112 639 2211 697 effe,
2237 641 2271 688 fi
2295 657 2398 688 mo-

383 706 457 760 do,
470 706 667 761 attendat
689 706 747 762 ad
771 720 991 760 amorem,
1026 713 1103 752 aut
1125 704 1182 751 ad
1205 720 1298 762 eos,
1322 704 1404 767 qui
1421 715 1587 752 mutuo
1603 702 1644 751 se
1666 715 1836 760 amant,
1875 705 2009 752 unius
2031 703 2241 761 voluntas
2256 707 2319 754 est
2335 707 2396 754 al-

388 775 542 831 terius,
564 774 750 824 interius
773 771 895 836 quasi
922 767 1151 834 conjunffl
1175 770 1293 829 sunt,
1318 770 1468 827 solum
1492 786 1679 834 corpore
1694 769 1750 817 ab
1773 770 1972 818 invicem
1996 770 2207 819 distincti.
2251 774 2402 825 Amor

389 840 436 887 in
453 840 716 889 Dominum
739 837 846 888 facit
862 837 1096 894 hominem
1121 853 1269 891 unum
1292 853 1401 886 cum
1417 837 1643 894 Domin0,
1661 835 1748 886 hoc
1770 835 1850 894 est,
1885 836 2225 886 similitudinem
2248 861 2262 894 ·,
2299 839 2402 887 cha-

392 908 496 955 ritas
519 922 704 970 quoque
727 904 803 953 seu
826 919 955 952 amor
977 920 1083 968 erga
1104 906 1386 968 proximum,
1422 902 1496 951 sed
1531 905 1779 968 imaginem
1801 925 1815 959 3
1852 904 2007 968 imago
2032 921 2124 952 non
2154 904 2218 952 est
2245 904 2400 953 simili-

388 972 524 1030 tudo,
561 971 635 1020 sed
657 972 717 1020 est
754 970 812 1019 ad
847 970 1218 1026 similitudinem:
1270 971 1384 1019 Hoc
1408 971 1574 1018 Unum
1613 986 1673 1017 ex
1710 985 1863 1018 amore
1899 971 2147 1019 oriundum
2195 970 2404 1020 describit

392 1037 492 1103 Ipse
511 1039 777 1095 Dominus,
797 1037 915 1101 apud
942 1038 1215 1098 Johanneni,
1253 1042 1287 1063 “
1313 1037 1413 1084 Oro
1436 1049 1488 1084 ut
1521 1053 1679 1085 omnes
1712 1039 1850 1085 Unum
1884 1036 1986 1094 sint,
2022 1037 2136 1086 sicut
2166 1038 2246 1085 Tu
2271 1031 2400 1088 Pater

395 1109 430 1132 “
465 1107 512 1152 in
530 1105 635 1163 Me,
660 1105 710 1152 &
730 1105 838 1167 Ego
855 1106 901 1151 in
924 1104 1013 1160 Te,
1050 1115 1102 1150 ut
1117 1105 1255 1155 etiarn
1270 1103 1336 1150 illi
1359 1105 1404 1149 in
1420 1103 1559 1152 Nobis
1581 1105 1720 1151 Unum
1733 1103 1831 1150 sint.
1902 1103 2011 1166 Ego
2027 1104 2237 1167 gloriam,
2263 1121 2403 1168 quam

395 1175 431 1198 “
466 1170 627 1218 dedisti
667 1171 810 1227 Mihi,
845 1169 950 1217 dedi
984 1169 1086 1226 illis,
1122 1181 1175 1216 ut
1214 1169 1303 1218 sint
1337 1171 1492 1227 Unum,
1527 1169 1641 1217 sicut
1679 1169 1782 1217 Nos
1822 1171 1962 1218 Unum
2000 1169 2171 1227 sumus,
2222 1173 2317 1235 Ego
2356 1174 2402 1219 in

389 1241 430 1264 ·“
464 1237 550 1285 illis
581 1238 631 1285 &
655 1238 735 1284 Tu
759 1238 806 1283 in
830 1235 966 1292 Me‚’'
1000 1251 1107 1282 xvii
1130 1253 1141 1283 ε
1170 1252 1249 1292 21,
1277 1252 1357 1293 22,
1384 1252 1460 1297 23.
1497 1235 1584 1283 hoc
1606 1251 1752 1285 unum
1775 1234 1839 1282 est
1861 1236 1972 1283 unio
2008 1235 2083 1284 illa
2107 1236 2312 1299 mystica,
2344 1238 2401 1285 de

395 1319 488 1367 qua
510 1303 649 1365 aliqui
689 1303 910 1365 cogitant,
963 1317 1070 1364 quae
1108 1302 1219 1348 unio
1265 1299 1329 1348 est
1364 1316 1445 1364 per
1490 1300 1636 1348 solum
1681 1317 1900 1351 amorem.
1973 1303 2121 1366 Apud
2166 1303 2401 1361 Eundem,

395 1374 432 1398 “
466 1370 574 1432 Ego
597 1369 709 1416 vivo
731 1369 781 1416 δὲ
812 1384 895 1415 vos
919 1367 1100 1424 vivetis,
1137 1368 1182 1414 in
1214 1366 1287 1414 illa
1319 1366 1392 1415 die
1417 1365 1713 1431 cognoscetis,
1749 1364 1877 1432 quod
1901 1367 2010 1432 Ego
2034 1370 2081 1416 in
2105 1370 2235 1416 Patre
2266 1371 2399 1427 Meo,

396 1440 433 1464 “
468 1436 518 1483 &
542 1451 619 1483 vos
642 1437 687 1485 in
706 1437 803 1491 Me,
839 1435 888 1482 &
914 1435 1007 1496 Ego
1037 1436 1082 1481 in
1103 1434 1223 1480 vobis
1240 1452 1256 1481 .·
1292 1434 1372 1497 qui
1395 1433 1529 1482 habet
1564 1446 1791 1498 praecepta
1814 1435 1941 1490 Mea,
1976 1434 2026 1482 δε
2051 1433 2157 1483 facit
2198 1435 2289 1494 illa,
2327 1437 2400 1485 ille

397 1506 433 1528 “
468 1500 532 1549 est
554 1502 635 1565 qui
660 1513 780 1548 amat
803 1501 902 1555 Me.
972 1500 1020 1547 Si
1049 1500 1150 1563 quis
1181 1502 1396 1547 amaverit
1419 1503 1516 1557 Me,
1551 1499 1746 1548 verbum
1771 1501 1938 1548 Meum
1961 1500 2167 1559 servabit,
2204 1503 2252 1550 &
2271 1504 2403 1551 Pater

396 1572 435 1595 ·“
471 1568 610 1614 Meus
636 1565 804 1617 amabit
828 1565 977 1622 illurn,
1013 1568 1060 1615 δι
1088 1565 1145 1614 ad
1168 1565 1300 1614 illum
1318 1567 1572 1625 veniemus,
1608 1567 1657 1614 δε
1682 1567 1923 1627 marfionem
1962 1568 2080 1631 apud
2115 1569 2233 1615 illum
2265 1570 2402 1629 facie-

401 1639 436 1663 “
470 1635 611 1692 mus,''
635 1649 748 1681 xw:
794 1651 867 1697 19,
896 1650 975 1689 20,
1003 1650 1077 1681 21.
1116 1648 1172 1679 ex
1188 1632 1352 1696 quibus
1385 1632 1573 1689 constat,
1608 1633 1734 1695 quod
1767 1648 1895 1680 amor
1927 1633 2000 1690 sit,
2022 1635 2115 1698 vqui
2145 1633 2401 1699 conjungit,

401 1700 452 1748 δε
484 1700 612 1764 quod
645 1699 874 1746 Dominus
903 1698 1026 1762 apud
1060 1697 1192 1745 illum
1223 1698 1500 1752 mansionem
1530 1698 1706 1755 habeat,
1741 1700 1821 1764 qui
1844 1712 1965 1754 amat
1988 1700 2160 1763 Ipsum,
2196 1713 2297 1759 tum
2323 1704 2402 1764 qui

398 1778 524 1827 amat
547 1766 831 1830 proximum,
857 1780 961 1812 nani
986 1763 1073 1812 hoc
1098 1765 1291 1817 Domini
1316 1780 1444 1814 amor
1467 1764 1543 1811 est.
1614 1765 1738 1812 Haec
1764 1766 1889 1822 unio,
1925 1782 2032 1829 quae
2068 1764 2177 1814 facit
2194 1766 2402 1814 similitu·-

396 1833 557 1881 dinem
594 1833 644 1880 δε
671 1833 938 1895 imaginem,
975 1847 1067 1879 non
1092 1832 1155 1878 ita
1177 1832 1223 1877 in
1247 1846 1409 1894 genere
1433 1830 1634 1878 humano
1657 1830 1804 1894 potest
1827 1830 2042 1895 conspici,
2079 1831 2152 1878 sed
2177 1833 2224 1879 in
2248 1833 2403 1889 Coelo,

399 1899 479 1948 ubi
503 1915 662 1947 omnes
686 1899 858 1962 Angeli
880 1913 938 1945 ex
975 1913 1127 1950 amore
1153 1908 1333 1954 mutuo,
1369 1897 1491 1960 quasi
1515 1898 1684 1945 Unum
1718 1896 1852 1953 sunt;
1906 1900 2169 1961 unaquaevis
2207 1899 2404 1955 societas,

401 1981 508 2028 quae
540 1982 566 2012 a
587 1964 791 2027 pluribus
814 1963 1027 2020 consistit,
1066 1979 1211 2010 unum
1241 1963 1362 2026 quasi
1389 1964 1625 2011 hominem
1659 1963 1920 2020 constituit;
1956 1964 2005 2012 &
2039 1980 2198 2011 omnes
2224 1965 2406 2013 societa-

402 2043 518 2079 tates
541 2031 693 2087 simul,
730 2030 802 2078 seu
826 2029 1085 2077 universum
1110 2030 1300 2086 coelum,
1337 2046 1483 2076 unum
1522 2030 1775 2086 hominem,
1827 2031 1909 2093 qui
1945 2046 2128 2093 quoque
2168 2032 2405 2078 Maximus

407 2097 579 2145 Homo
611 2096 876 2160 appellatur,
913 2095 1118 2143 videatur
1150 2113 1203 2147 n:
1230 2112 1329 2159 457
1371 2098 1421 2144 ὅτ
1449 2113 1578 2162 549;
1626 2094 1884 2142 universum
1918 2096 2108 2142 Coelum
2148 2095 2211 2143 est
2250 2098 2404 2144 simili·

409 2162 528 2211 tudo
551 2164 761 2219 Domini,
799 2178 903 2209 nam
926 2163 1156 2209 Dominus
1178 2160 1242 2209 est
1265 2178 1403 2209 omne
1443 2164 1488 2210 in
1521 2161 1737 2221 omnibus
1769 2177 1928 2208 eorum
1955 2183 1969 2217 ς
2003 2163 2246 2226 unaquavis
2270 2163 2405 2210 socie-

403 2241 469 2277 tas
493 2228 556 2276 est
578 2245 761 2292 quoque
802 2227 1084 2283 similitudo·,
1121 2229 1183 2275 ita
1221 2226 1524 2291 unusquisque
1561 2227 1802 2290 Angelus·,
1855 2227 2027 2291 Angeli
2067 2228 2269 2276 coelestes
2306 2229 2406 2278 sunt

401 2294 730 2351 similitudines,
765 2295 912 2358 angeli
936 2293 1179 2357 spirituales
1202 2292 1302 2341 sunt
1325 2295 1576 2356 imagines·,
1628 2310 1686 2340 ex
1712 2306 1780 2340 tot
1804 2293 2172 2341 similitudinibus
2186 2297 2400 2354 Domini,

403 2371 522 2423 quot
553 2360 655 2408 sunt
679 2361 842 2423 angeli,
879 2359 1289 2423 consistitcoelum,
1325 2360 1376 2407 &
1401 2360 1487 2407 hoc
1511 2359 1656 2407 solum
1673 2375 1754 2423 per
1777 2376 1982 2407 amorem
2008 2373 2241 2418 mutuum,
2277 2364 2406 2425 quod

405 2442 523 2474 unus
546 2426 737 2473 alterum
762 2427 864 2489 plus
887 2443 1023 2489 quam
1048 2425 1185 2473 semet
1208 2437 1345 2483 amet,
1380 2425 1587 2473 videatur
1621 2443 1652 2473 n
1672 2444 1683 2473 :
1712 2430 1804 2488 548
1838 2427 1887 2474 ὅτ
1915 2443 2023 2490 553.
2062 2443 2168 2478 nam
2193 2429 2252 2474 ita
2275 2427 2315 2486 se
2339 2446 2406 2476 res

404 2491 555 2548 habet,
593 2506 645 2538 ut
669 2508 931 2549 commune,
968 2491 1040 2538 seu
1066 2490 1325 2539 universum
1352 2491 1552 2551 coelum„
1576 2493 1634 2550 sit
1670 2492 1937 2549 similitudo,
1975 2492 2140 2540 debent
2162 2506 2307 2556 partes
2332 2493 2404 2542 seu

404 2557 571 2621 singuli
596 2559 740 2622 angeli
764 2559 847 2606 effe
863 2558 1199 2613 similitudines,
1235 2557 1308 2606 seu
1332 2559 1549 2621 imagines
1571 2575 1678 2622 quae
1711 2559 1768 2606 ad
1792 2558 2121 2616 similitudines,
2157 2559 2238 2614 nisi
2277 2576 2405 2608 com-

405 2639 545 2671 mune
567 2640 623 2671 ex
645 2624 862 2677 similibus
899 2624 963 2671 sui
987 2624 1110 2687 quasi
1146 2624 1347 2686 partibus
1370 2624 1582 2683 consistit,
1618 2642 1710 2673 non
1734 2624 1796 2673 est
1820 2641 2064 2673 commune
2099 2626 2224 2688 quod
2259 2642 2403 2674 unum

345 2705 355 2712 ⁴
405 2688 524 2737 facit.
596 2691 660 2738 Et
682 2691 767 2746 his,
806 2703 857 2738 ut
881 2691 938 2737 ab
961 2691 1076 2748 idea,
1113 2689 1309 2753 conspici
1333 2690 1495 2754 potest,
1530 2692 1645 2756 quid
1685 2691 2026 2750 similitudinem
2065 2691 2114 2738 &
2154 2692 2403 2754 imaginem

408 2756 497 2802 Dei
522 2754 644 2814 facit,
681 2773 845 2820 nempe
867 2756 994 2821 quod
1017 2772 1144 2804 amor
1176 2758 1228 2803 in
1252 2757 1529 2818 Dominum,
1565 2759 1615 2806 δε
1648 2773 1782 2813 ‚amor
1819 2772 1925 2820 erga
1959 2757 2257 2819 proximum3
2296 2774 2404 2805 con·-

410 2821 655 2883 sequenter,
692 2823 817 2886 quod
858 2825 1008 2871 omnis
1031 2823 1174 2870 homo
1207 2836 1488 2886 regeneratus
1511 2822 1762 2887 spiritualis,
1797 2838 1854 2869 ex
1876 2838 2028 2873 amore
2066 2821 2138 2868 seu
2173 2822 2403 2881 charitate,

407 2902 517 2948 quae
534 2904 557 2933 a
570 2889 776 2936 Domino
787 2890 909 2946 Solo,
936 2891 1090 2952 imago
1098 2889 1239 2953 Ipsius
1257 2891 1309 2936 fit
1326 2912 1340 2944 ;
1363 2891 1412 2937 ὅτ
1427 2891 1506 2952 qui
1523 2892 1569 2936 in
1586 2889 1795 2943 charitate
1812 2904 1836 2933 a
1851 2888 2074 2944 Domino,
2092 2889 2137 2934 in
2156 2889 2408 2953 integritate

407 2951 488 3009 est,
514 2953 570 2998 de
593 2968 681 3015 qua
694 2956 962 3018 integritate,
987 2972 1043 3002 ex
1059 2957 1231 3002 Divina
1250 2956 1444 3002 Domini
1467 2954 1793 3009 Misericordia,
1820 2954 1864 2999 in
1882 2952 2177 3016 sequentibus.

476 3035 613 3078 1014.
650 3020 770 3066 Vers
781 3039 791 3068 ε
820 3034 865 3082 7.
901 3023 965 3070 Et
996 3037 1073 3068 vos
1104 3020 1430 3082 fruffhficamini
1470 3020 1526 3069 &⁷
1561 3019 1932 3080 multiplicamini3
1962 3018 2231 3081 .qffundimini
2251 3023 2297 3077 in
2319 3031 2406 3068 ter·
2438 3020 2441 3027 '
2480 3042 2485 3046 ⁴

402 3098 511 3140 ram,
549 3085 603 3133 {9²
627 3085 965 3146 multiplicamini
988 3089 1034 3134 in
1056 3102 1119 3133 ea.
1167 3087 1207 3133 F
1211 3085 1608 3143 ruCtificaminih&
1633 3084 2016 3148 multiplicamini,
2042 3086 2294 3148 significant
2311 3086 2401 3144 hic,
2474 3114 2477 3116 <

400 3161 454 3196 ut
477 3150 617 3212 prius,
656 3152 929 3198 incrementa
945 3152 1051 3198 boni
1075 3152 1124 3198 ὅτ
1148 3152 1259 3207 veri,
1296 3151 1342 3197 in
1368 3152 1567 3202 interiori
1592 3151 1806 3208 homine3
1844 3149 2104 3207 fructificari
2126 3153 2402 3215 praedicatui·

402 3214 461 3265 de
485 3216 628 3275 boniS,
663 3217 713 3268 ὅτ
741 3216 1033 3283 multiplicari
1053 3216 1109 3273 de
1131 3219 1277 3267 veris:
1314 3216 1603 3273 effundimini
1649 3219 1704 3278 in,
1733 3229 1916 3278 terram,
1951 3219 2002 3267 &
2035 3218 2401 3283 multiplicamini

2352 3299 2399 3330 in
