2788 3736
419 274 510 333 40
950 246 1039 311 G
1130 247 1944 314 ENESJS.

418 390 598 456 potest;
633 405 767 455 quare
790 403 847 435 ex
870 388 1078 436 Domino
1099 387 1182 435 erit
1222 387 1515 452 principium,
1551 404 1644 436 non
1666 404 1724 437 ex
1748 388 1919 447 semet3
1954 390 2067 439 illud
2099 390 2164 440 est
2185 391 2294 450 vita,
2329 392 2418 442 hoc

419 470 571 506 autem
595 457 658 504 est
681 459 833 503 mors.-'
1235 490 1237 494 Α
1719 476 1727 484 ·

391 607 393 609 ·
418 540 612 650 Editigioej
618 523 756 634 uchgh
774 518 2420 654 {gmrg’t-lstiiogagiedhdizltbreien?{3:328esiiusscgidgritllszugcipsg15ndiiqsizs

416 653 512 717 ejus
534 652 785 716 Euphrates
824 651 887 698 est
910 667 1046 699 omne
1074 650 1169 715 ejus
1192 651 1506 708 scientificum,
1530 651 1657 714 quod
1681 652 1949 699 damnatum
1968 674 1983 708 ς
2019 654 2129 702 alter
2145 656 2315 703 -fluvius
2338 656 2418 704 ubi

418 718 599 766 Aschur
620 718 684 767 est
704 716 862 769 vesana
885 719 1177 775 ratiocinatio,
1213 718 1317 765 inde
1341 716 1543 764 falsitates
1563 740 1577 773 3
1613 719 1769 764 tertius
1792 718 1974 775 fluvius,
2009 718 2087 766 ubi
2117 720 2282 778 Cusch‚
2317 721 2419 770 sunt

413 784 636 848 principia
669 783 904 831 inde-mali
941 784 1010 844 &⁴
1030 782 1140 840 falfi,
1174 800 1279 846 quae
1316 783 1417 830 sunt
1440 783 1721 846 cognitiones
1757 780 1851 846 ejus
1887 784 2029 839 fidei;
2064 797 2248 848 quartus
2270 786 2333 833 est
2359 785 2418 835 sa-

414 851 584 913 pientia
621 848 744 907 ihde,
779 865 886 913 quae
922 861 1112 897 vocatur
1151 850 1197 895 in
1220 849 1375 896 Verbo
1399 851 1562 912 magia,
1600 865 1736 912 quare
1758 850 2011 913 AEgyptus,
2051 866 2157 914 quae
2197 851 2421 915 significat

413 915 658 973 scientiam,
683 915 921 979 postquam
946 916 1123 978 magica
1144 913 1273 971 faCta,
1299 915 1520 977 fignificat
1543 914 1696 972 talem,
1713 916 1764 962 δε
1786 916 1976 978 quidem
1993 932 2051 964 ex
2074 915 2214 973 causa,
2247 917 2305 964 de
2328 934 2421 980 qua

412 984 571 1044 passim
610 982 658 1028 in
680 981 850 1038 Verbo,
885 981 991 1044 quia
1028 997 1085 1028 ex
1123 980 1164 1028 se
1199 980 1301 1028 vult
1337 981 1518 1044 sapere,
1571 980 1628 1028 de
1666 980 1831 1044 quibus
1867 982 1928 1030 ita
1962 981 2086 1046 apud
2108 975 2417 1041 Ezechielem,
2460 1034 2464 1036 ,
2494 977 2512 981 ”

412 1052 452 1074 “
486 1046 583 1094 Sic*
602 1047 722 1095 dixit-
755 1048 986 1094 Dominus
1021 1046 1236 1108 Jehovih,
1272 1062 1375 1094 ecce
1418 1047 1526 1109 Ego
1555 1058 1718 1094 contra
1748 1058 1791 1094 te
1827 1047 2022 1104 Pharao,
2060 1048 2178 1094 ·Rex
2216 1050 2416 1112 AEgypti,

415 1118 450 1140 “
485 1114 597 1161 Cete
619 1113 813 1177 Magne,
848 1111 1016 1159 cubans
1046 1112 1094 1158 in
1117 1112 1272 1159 medio
1303 1112 1548 1160 fluminum
1573 1111 1772 1168 suorum,
1813 1113 1893 1176 qui
1928 1113 2060 1170 dixit,
2103 1113 2217 1160 mihi
2242 1115 2415 1162 flumen

412 1183 448 1206 “
482 1194 657 1236 meum,
692 1180 743 1226 δε
765 1194 854 1241 ego
877 1175 964 1224 feci
988 1193 1062 1224 me
1082 1200 1097 1234 3
1132 1178 1183 1226 δε
1205 1179 1290 1224 erit
1311 1189 1427 1224 terra
1448 1180 1636 1239 AEgypti
1669 1180 1717 1226 in
1733 1176 2039 1236 solitudinem,
2070 1179 2120 1235 ὃς
2146 1178 2415 1238 vastitatem,

411 1248 447 1271 ‘⁶
481 1245 532 1292 δε
555 1243 843 1308 cognoscent,
879 1242 1007 1306 quod
1030 1243 1139 1307 Ego
1161 1241 1383 1306 Jehovah,
1407 1255 1661 1307 propterea,
1696 1243 1822 1307 quod
1846 1243 1976 1301 dixit,
1998 1244 2171 1308 fluvius
2195 1246 2324 1303 mihi,
2365 1247 2415 1295 &

412 1314 451 1338 ‘⁶
483 1325 571 1373 ego
610 1309 747 1367 feci,''
773 1324 926 1357 xxm:
967 1326 1012 1372 3,
1050 1327 1097 1374 9.
1139 1309 1272 1356 Tales
1312 1325 1495 1373 quoque
1508 1321 1742 1356 *vocantur
1763 1307 1939 1356 arbores
1962 1309 2132 1357 Edenis
2155 1312 2202 1358 in
2225 1310 2417 1369 inferno,

386 1375 530 1438 'apud
559 1375 755 1423 eundem
795 1374 1080 1438 prophetam,
1117 1375 1195 1422 ubi
1234 1375 1369 1422 etiam
1404 1375 1463 1422 de
1501 1375 1731 1423 Pharaone
1771 1373 1843 1421 seu
1883 1376 2113 1441 AEgyptio
2145 1377 2311 1439 agitur,
2346 1377 2416 1425 his

408 1440 574 1498 verbis,
613 1446 648 1469 “
682 1442 807 1488 Cum
830 1439 1092 1488 descendere
1113 1440 1260 1489 fecero
1282 1457 1389 1487 eum
1412 1442 1459 1487 in
1481 1438 1726 1497 infernum,
1751 1455 1859 1488 cum
1883 1440 2252 1489 descendentibus
2275 1444 2321 1490 in
2345 1441 2417 1491 fo·

410 1511 446 1535 ‘⁶
480 1522 647 1563 veam;
683 1507 772 1554 Cui
796 1506 951 1553 similis
975 1504 1115 1555 fafitus
1153 1523 1200 1554 es
1232 1506 1292 1554 fic
1332 1507 1379 1553 in
1399 1506 1556 1569 gloria,
1596 1507 1646 1556 δε
1665 1508 1711 1554 in
1744 1506 2073 1569 magnitudine,
2109 1508 2225 1555 inter
2246 1510 2417 1556 arbores

409 1576 447 1600 “
479 1566 654 1629 Edenis,
690 1588 799 1620 cum
823 1571 1087 1620 descendere
1109 1570 1251 1620 faetus
1275 1570 1410 1620 fueris
1427 1588 1534 1620 cum
1558 1573 1780 1620 arboribus
1803 1572 1960 1620 Edenis
1982 1573 2029 1619 in
2052 1584 2215 1620 terram
2234 1572 2414 1622 inferio-

410 1642 445 1665 “
479 1653 594 1695 rem,
630 1639 678 1685 in
704 1638 858 1685 medio
880 1639 1273 1702 praeputiatorum,
1315 1654 1425 1686 cum
1449 1636 1658 1686 confoffis
1681 1637 1862 1702 gladio:
1899 1638 1972 1686 hic
1995 1638 2170 1686 Pharao
2192 1640 2242 1687 &
2264 1642 2415 1689 omnis

409 1707 446 1730 “
479 1703 610 1751 turba
631 1701 775 1768 ejus,''
800 1719 915 1750 xxxx
936 1722 947 1750 :
975 1704 1049 1760 16,
1081 1722 1152 1769 17.
1191 1703 1270 1751 ubi
1294 1703 1470 1752 arbores
1491 1703 1663 1752 Edenis
1685 1720 1771 1767 pro
1793 1702 2043 1753 scientificis
2066 1704 2117 1753 δε
2139 1707 2413 1769 cognitioni—

408 1773 443 1796 “
477 1768 562 1818 bus
585 1785 644 1818 ex
667 1769 838 1827 Verbo,
876 1785 983 1833 quae
1006 1784 1087 1834 per
1110 1770 1341 1818 ratiocinia
1375 1769 1436 1817 fic
1458 1769 1754 1834 prophanant.

1070 1947 1754 1993 51⁹2*ssssssss

492 2112 572 2165 18.
610 2114 679 2183 Et
703 2112 828 2165 dixit
852 2114 1122 2183 erovAn
1149 2114 1321 2177 DEus,
1362 2131 1464 2166 non
1508 2112 1706 2165 bonum
1744 2121 1801 2165 ut
1834 2110 1892 2164 fit
1916 2111 2075 2167 homo
2099 2114 2228 2168 solus
2252 2109 2309 2179 is,
2334 2116 2412 2170 fa-

407 2187 540 2240 ciam
565 2188 611 2239 ei
635 2187 881 2240 auxilium
904 2200 1145 2259 tanquam
1184 2188 1317 2259 apud
1352 2187 1516 2240 illum.

493 2279 573 2331 19.
613 2262 680 2313 Et
717 2259 950 2313 formavit
973 2262 1243 2330 JEHOVAH
1271 2262 1422 2313 DEus
1463 2278 1527 2313 ex
1550 2258 1714 2312 humo
1738 2277 1947 2312 omnem
1967 2260 2176 2314 bestiam
2201 2264 2320 2334 agri,
2359 2265 2412 2317 ὅτ,

409 2352 621 2387 omnem
653 2353 797 2386 avem
823 2334 1083 2397 coelorum,
1125 2336 1177 2386 &
1202 2334 1409 2387 adduxit
1452 2335 1515 2386 ad
1557 2332 1836 2398 hominem,
1876 2334 1939 2386 ad
1962 2335 2253 2399 videndum,
2288 2337 2413 2408 quid

410 2420 606 2460 vocaret
629 2409 712 2472 id,
752 2409 804 2460 &
827 2408 1068 2480 quicquid
1092 2408 1299 2461 vocabat
1321 2409 1373 2461 id
1392 2406 1569 2473 home,
1595 2407 1818 2461 animam
1841 2407 2108 2472 viventem,
2146 2409 2200 2461 id
2224 2428 2413 2464 nomen

409 2499 439 2532 e
457 2499 530 2533 uS.

430 2500 453 2553 J
490 2571 575 2607 20.
613 2556 682 2607 Et
722 2555 928 2608 vocabat
970 2555 1131 2608 homo
1175 2557 1381 2609 nomina
1418 2553 1560 2609 omni
1600 2555 1779 2617 bestiae,
1819 2555 1873 2607 δε
1920 2556 1998 2608 avi
2038 2556 2300 2620 ccelorum,
2357 2558 2411 2610 δε

407 2629 554 2685 omni
593 2627 707 2699 ferae
756 2630 875 2701 agri,
937 2630 992 2683 δε
1035 2628 1231 2683 homini
1281 2649 1383 2683 non
1441 2629 1629 2683 invenit
1671 2627 1933 2693 auxilium,
1991 2641 2230 2700 tanquam
2277 2631 2412 2702 apud

413 2701 575 2754 illum.

490 2792 574 2827 21.
613 2777 682 2828 Et
705 2776 892 2829 cadere
929 2776 1047 2830 fecit
1070 2778 1336 2847 JEHovAn
1377 2778 1532 2831 DEus
1570 2777 1799 2847 soporem
1837 2774 1980 2846 super
2021 2773 2303 2839 hominem,
2357 2779 2410 2830 ὅτ,

411 2848 749 2914 obdormivit3
787 2852 839 2902 δε
883 2851 1073 2924 accepit
1112 2870 1269 2905 unam
1308 2869 1337 2903 e
1377 2849 1521 2902 costis
1561 2848 1709 2911 illius,
1748 2849 1800 2900 ὅτ
1843 2849 2047 2901 occlusit
2071 2867 2273 2903 carnem
2298 2851 2411 2904 loco

411 2940 439 2974 e
457 2940 529 2974 us·
1802 2966 1808 2970 f

430 2940 453 2992 J
488 3012 574 3048 22.
613 2996 959 3049 Etaedificavit
984 3000 1249 3067 JEHovAn
1275 2998 1431 3050 Deus
1458 2994 1681 3060 Costam,
1707 3014 1863 3069 quam
1901 2995 2071 3050 sumfit
2095 2997 2158 3050 de
2182 2996 2408 3062 homine,

410 3068 464 3126 in
502 3068 788 3134 mulierem,
826 3071 878 3124 &
903 3071 1111 3125 adduxit
1134 3090 1248 3126 eam
1273 3071 1337 3125 ad
1360 3069 1641 3124 hominem.

2128 3230 2130 3232 .
2218 3186 2303 3239 23.
2339 3174 2408 3227 Et
