2788 3736
631 202 983 270 CAPUT
1021 203 1098 274 D
1122 201 1547 277 ECIMUM
1594 198 2119 287 QUINTUM.
2243 220 2373 283 593

375 345 604 395 anibulare
637 344 684 393 in
726 343 847 392 sensu
875 344 1052 391 interno
1082 341 1146 390 est
1179 343 1351 398 vivere,
1387 352 1441 387 ut
1470 338 1697 388 ostensum
1736 340 1881 403 prius,
1916 355 1974 386 n:
2004 355 2098 403 519
2120 359 2136 392 ·,
2172 336 2378 400 improlis

376 424 548 469 autem,
575 413 650 459 cui
691 428 784 458 non
817 410 968 465 semen
1001 410 1074 457 seu
1110 409 1345 474 posteritas
1367 409 1568 470 propria,
1605 407 1661 454 de
1700 422 1795 470 qua
1832 407 1880 453 in
1902 404 2104 452 versibus
2119 402 2225 467 seq:
2265 422 2379 467 3,4,

368 496 400 542 5
433 481 602 542 agitur,
657 478 738 525 ubi
760 478 875 541 quid
900 477 1124 540 improlis,
1160 475 1233 522 seu
1256 475 1331 521 cui
1363 489 1457 526 non
1480 473 1648 529 semen,
1684 472 1950 536 explicatur.

446 561 586 611 1795.
623 545 689 592 Et
721 544 842 591 filius
878 555 1142 607 procurator
1174 541 1342 588 domus
1373 555 1506 596 meae,
1543 538 1674 602 quod
1698 537 1920 601 fignificet
1942 537 2190 586 Ecclesiam
2216 536 2377 585 Exter-

372 628 496 670 nam,
533 611 706 660 constat
727 627 754 657 a
777 609 1101 673 fignificatione
1139 608 1442 671 procuratoris
1490 605 1658 654 domus
1698 606 1744 651 in
1785 603 1908 651 sensu
1948 606 2140 661 interno,
2176 603 2263 651 hoc
2295 602 2378 660 est,

373 677 617 742 respeftive
661 678 719 725 ad
742 675 1028 730 Ecclefiam;
1064 673 1265 722 Ecclesia
1298 674 1504 722 Externa
1541 672 1711 719 dicitur
1749 671 2024 718 Procurator
2047 671 2231 727 domus,
2268 685 2378 717 cum

371 744 466 808 ipsa
510 744 711 793 Ecclesia
754 743 934 790 Interna
971 742 1173 798 Domus,
1226 742 1275 788 ὅ(
1313 738 1630 803 paterfamilias
1653 739 1921 794 Dominus·‚
1958 736 2158 785 Ecclesia
2179 737 2380 784 Externa

373 802 2377 871 ηωώωήωωηωώωπΡπωὼμώηωῶωωωῦώὴ,

373 876 848 933 ficutradministratio
888 875 1137 932 ritualium,
1174 876 1223 922 δι
1263 874 1467 938 plurium
1485 888 1592 937 quae
1616 871 1718 919 sunt
1750 871 1939 934 Templi
1974 871 2024 918 &
2059 867 2196 934 ipsius
2221 869 2380 916 Eccle-

373 943 466 1000 fiae,
503 944 590 1000 hoc
613 943 693 1002 est,
728 945 913 991 Domus
936 941 1130 1004 jehovae
1168 940 1240 988 seu
1266 941 1472 988 Domini.
1543 939 1745 986 Externa
1767 938 1984 985 Ecclefiae
2008 936 2173 1000 absque
2196 937 2380 982 internis

375 1010 505 1057 nihili
543 1009 662 1067 sunt,
699 1009 774 1057 sed
811 1009 868 1057 ab
907 1010 1091 1056 internis
1124 1007 1304 1064 habent,
1340 1007 1469 1070 quod
1501 1006 1604 1064 sint,
1640 1007 1690 1052 ὅτ
1718 1005 1821 1052 talia
1852 1003 1955 1051 sunt
1987 1003 2137 1067 qualia
2174 1004 2348 1050 interna
2364 1024 2380 1057 ς

376 1075 419 1123 se
442 1076 577 1124 habet
599 1077 687 1125 hoc
710 1076 825 1124 ficut
847 1076 1006 1130 homo,
1043 1086 1284 1123 externum
1320 1071 1415 1137 ejus
1450 1072 1523 1120 seu
1563 1087 1837 1136 corporeum
1877 1070 1943 1118 est
1987 1072 2035 1116 in
2073 1070 2114 1117 se
2142 1068 2389 1132 quoddam

377 1143 576 1200 nullum,
613 1142 694 1190 nifi
724 1143 954 1188 internum
987 1140 1041 1187 fit
1078 1140 1204 1204 quod
1248 1141 1417 1186 animet
1456 1141 1505 1186 &
1529 1139 1750 1195 vivificet,
1786 1138 1918 1202 quale
1958 1138 2106 1200 itaque
2145 1136 2209 1183 est
2246 1136 2382 1182 inter-

372 1225 511 1266 num,
547 1208 636 1256 tale
651 1207 715 1256 est
744 1219 986 1255 externum
1008 1228 1023 1262 ·,
1059 1205 1132 1253 seu
1158 1205 1304 1269 qualis
1327 1205 1390 1252 est
1413 1207 1593 1252 animus
1617 1207 1665 1253 &
1689 1221 1837 1261 mens,
1872 1203 1972 1251 talis
2004 1203 2242 1251 aestimatio
2280 1218 2385 1249 orn-

381 1276 514 1323 nium
537 1291 644 1339 quae
665 1269 865 1323 existunt
908 1290 990 1337 per
1012 1286 1254 1320 externum
1277 1271 1351 1319 seu
1374 1288 1681 1335 corporeum,
1716 1286 1823 1334 quae
1865 1270 2015 1318 cordis
2055 1268 2173 1326 sunt,
2208 1267 2385 1318 faciunt

380 1340 635 1399 hominem,
671 1358 764 1389 non
785 1357 893 1405 quae
915 1341 1007 1387 oris
1029 1339 1307 1403 &gestuum
1328 1361 1342 1394 ;
1379 1340 1443 1385 ita
1463 1354 1648 1402 quoque
1669 1338 1851 1385 Interna
1866 1336 2112 1392 Eccles1ae;
2148 1333 2386 1400 fedusque

379 1408 589 1456 Externa
618 1407 834 1456 Ecclefiae
868 1405 910 1454 se
933 1406 1098 1453 habent
1120 1406 1233 1453 ficut
1262 1406 1463 1452 Externa
1478 1405 1693 1461 hominis,
1728 1403 1856 1467 quod
1879 1415 2125 1467 procurent
2163 1403 2213 1449 &
2237 1402 2385 1450 admi-

381 1473 583 1531 nistrent,
619 1473 692 1521 seu
707 1473 831 1537 quod
858 1472 982 1519 idern
998 1471 1078 1528 est,
1115 1472 1344 1519 Externus
1367 1470 1439 1517 seu
1467 1487 1710 1534 corporeus
1734 1470 1877 1517 homo
1899 1470 2102 1518 similiter
2124 1468 2215 1516 dici
2238 1468 2385 1532 potest

379 1552 647 1604 procurator
663 1539 735 1587 seu
759 1538 1093 1586 administrator
1115 1538 1300 1595 domus,
1337 1553 1447 1584 cum
1462 1538 1630 1584 domus
1652 1536 1716 1584 est
1738 1537 2005 1584 interiorum
2031 1555 2042 1585 ε
2079 1552 2136 1583 ex
2151 1535 2220 1583 his
2243 1548 2384 1598 patet,

379 1606 494 1670 quid
513 1607 743 1671 improlis,
772 1621 937 1668 nempe
957 1621 1067 1652 cum
1091 1620 1183 1652 non
1206 1605 1443 1652 Internum
1460 1603 1698 1660 Ecclefiae,
1732 1604 1807 1652 sed
1822 1604 1965 1655 modo
1979 1604 2254 1659 Externum,
2272 1602 2386 1651 sicut

380 1671 470 1721 fuit
486 1685 692 1737 tempore
726 1672 822 1729 illo,
859 1672 916 1719 de
939 1687 1033 1735 quo
1049 1671 1283 1719 Dominus
1300 1669 1582 1734 conquestus.

457 1742 595 1804 1796.
631 1741 676 1787 Is
692 1737 999 1787 Damascenus
1015 1738 1220 1796 Eleazar,
1255 1737 1383 1802 quod
1406 1737 1460 1785 s1t
1482 1749 1666 1785 externa
1680 1737 1896 1796 Ecclefia,
1931 1737 2094 1785 exinde
2117 1754 2240 1786 nunc
2276 1754 2387 1786 con-

381 1805 481 1863 stat,
517 1819 618 1854 tum
642 1822 701 1853 ex
731 1805 1056 1869 significatione
1078 1803 1343 1852 Damasceni
1369 1827 1384 1860 ;
1419 1803 1666 1853 Damascus
1689 1801 1777 1852 fuit
1811 1805 1918 1852 urbs
1940 1804 2200 1869 principalis
2223 1806 2386 1868 Syriae,

382 1871 463 1919 ubi
486 1872 688 1936 reliquiae
712 1872 862 1921 cultus
878 1872 1094 1920 Ecclefiae
1117 1872 1342 1937 Antiquae
1354 1869 1554 1927 fuerunt,
1588 1871 1638 1918 &
1662 1871 1784 1918 unde
1807 1871 2023 1924 Hebe-rus
2055 1871 2130 1919 seu
2150 1888 2261 1935 gens
2281 1872 2386 1919 He·-

384 1937 523 1996 braea,
558 1939 682 2003 apud
697 1955 839 2004 quam
855 1955 948 1986 non
971 1938 1052 1986 nifi
1075 1954 1214 2002 quam
1237 1938 1495 1986 Externum
1510 1937 1726 1986 Ecclefiae
1743 1936 1847 1994 fuit,
1883 1951 1936 1986 ut
1957 1941 2082 2003 prius
2106 1939 2301 1996 dietum,
2327 1956 2386 1988 n:

391 2010 532 2068 1238,
577 2023 715 2067 1241.
752 2008 814 2054 ita
829 2006 893 2053 ibi
912 2021 1004 2054 non
1028 2005 1108 2052 nis1
1125 2021 1266 2068 quam
1288 2006 1545 2068 procuratio
1568 2004 1748 2051 domus.
1820 2005 1968 2069 Qod
1990 2007 2037 2053 in
2057 2005 2125 2054 his
2142 2005 2197 2053 fit
2217 2006 2389 2070 aliquid

385 2071 718 2135 desperationis,
754 2073 948 2137 proinde
986 2073 1244 2121 tentationis
1267 2072 1479 2130 Domini,
1514 2083 1638 2136 patet
1682 2087 1740 2119 ex
1766 2071 1933 2129 verbis,
1969 2085 2072 2121 tum
2107 2088 2163 2120 ex
2186 2073 2389 2122 consola-

385 2138 525 2194 tione,
560 2155 668 2202 quae
683 2139 882 2202 sequitur
904 2138 963 2186 de
982 2138 1188 2187 Ecclesia
1208 2140 1399 2187 Interna.
2313 2139 2317 2142 ⁴

460 2221 477 2251 1
490 2219 599 2269 797.
635 2205 757 2252 Vers
765 2224 777 2253 ι
817 2222 860 2269 3.
897 2207 962 2253 Et
983 2205 1095 2253 dixit
1118 2206 1299 2263 Abram,
1335 2222 1384 2253 en
1406 2206 1513 2253 mihi
1534 2222 1615 2253 non
1634 2206 1778 2266 dedtsti
1802 2208 1959 2270 semen,
1995 2207 2052 2257 ξεί)
2074 2207 2294 2265 eccefilius
2314 2208 2388 2256 do-

384 2286 478 2317 mus
499 2287 598 2325 meae
613 2271 868 2318 haereditans
888 2288 964 2320 me.
1034 2272 1168 2319 Dixit
1192 2272 1389 2329 Abram,
1424 2289 1481 2319 en
1511 2273 1624 2320 mihi
1658 2289 1751 2320 non
1783 2273 1943 2321 dedisti
1966 2273 2134 2330 semen,
2168 2274 2392 2338 fignificat

387 2335 516 2399 quod
539 2352 631 2384 non
655 2338 883 2384 internum
908 2338 1141 2396 Ecclefiae,
1177 2339 1305 2402 quod
1328 2338 1393 2386 est
1407 2355 1538 2386 amor
1561 2340 1609 2386 &
1635 2340 1777 2388 fides:
1814 2356 1918 2388 ecce
1941 2341 2062 2388 filius
2080 2341 2249 2388 domus
2274 2356 2391 2389 meae

388 2401 658 2450 haereditans
678 2419 769 2469 me,
804 2403 1026 2466 fignificat
1047 2405 1177 2467 quod
1199 2405 1458 2456 Externum
1481 2406 1626 2453 modo
1647 2404 1765 2454 foret
1787 2407 1834 2454 in
1857 2408 2025 2471 Regno
2048 2407 2254 2455 Domini.

391 2503 393 2505 ψ
465 2486 483 2517 1
494 2473 602 2533 798.
628 2469 776 2527 Quod
793 2469 909 2516 dixit
922 2469 1119 2528 Abram,
1137 2486 1195 2517 en
1218 2472 1332 2518 mihi
1355 2488 1449 2519 non
1465 2471 1626 2518 dedisti
1643 2472 1810 2530 semen,
1828 2473 2051 2536 fignificet
2067 2475 2193 2537 quod
2207 2490 2298 2521 non
2315 2473 2392 2520 In-

390 2545 574 2582 ternum
599 2534 833 2592 Ecclefiae,
870 2535 1042 2583 constat
1063 2552 1089 2582 a
1112 2536 1436 2599 fignificatione
1471 2537 1668 2594 seminis,
1702 2539 1830 2601 quod
1854 2540 1908 2586 fit
1927 2557 2056 2587 amor
2079 2544 2128 2587 &
2169 2541 2298 2596 fides,
2333 2540 2393 2588 de

386 2618 481 2666 qua
502 2603 644 2665 priuS,
680 2618 742 2650 n:
781 2618 894 2664 2552
932 2599 1042 2665 256.
1092 2619 1233 2664 1025,
1269 2604 1318 2650 ὅτ
1352 2604 1400 2649 in
1422 2601 1707 2666 sequentibus
1739 2621 1764 2651 a
1802 2604 2128 2668 fignificatione
2167 2605 2389 2654 haeredis:

390 2669 519 2731 quod
543 2683 674 2715 amor
710 2668 889 2716 &inde
918 2669 1031 2716 fides
1072 2668 1131 2716 vfit
1154 2669 1392 2716 Internum
1436 2668 1668 2727 Ecclefiae,
1704 2672 1830 2734 prius
1862 2671 2098 2734 aliquoties
2131 2671 2308 2719 did‘tum
2342 2674 2392 2720 δε

390 2733 618 2781 ostensum
656 2734 751 2791 est3
787 2751 881 2782 non
905 2735 989 2782 alia
1019 2734 1148 2792 fides,
1183 2751 1290 2799 quae
1314 2738 1545 2783 internum
1568 2735 1785 2784 Ecclefiae
1820 2736 1899 2794 est,
1936 2737 2218 2801 intelligitur,
2253 2754 2392 2802 quam

391 2815 500 2862 quae
515 2800 579 2848 est
600 2802 766 2848 amoris
789 2800 864 2848 seu
888 2800 1129 2858 charitatis,
1163 2800 1252 2849 hoc
1284 2801 1364 2858 est,
1400 2817 1507 2865 quae
1540 2801 1605 2848 est
1627 2819 1684 2849 ex
1706 2818 1860 2851 amore
1882 2802 1955 2850 seu
1980 2805 2220 2853 charitate:
2256 2806 2393 2853 Fides

393 2865 443 2911 in
465 2865 588 2914 sensu
611 2869 851 2916 communi
874 2866 939 2914 est
960 2884 1098 2915 omne
1131 2867 1376 2915 d06trinale
1398 2867 1614 2915 Ecclefiae
1634 2891 1649 2924 ;
1686 2868 1760 2916 sed
1783 2870 2044 2918 DoCtrinale
2068 2870 2320 2935 separatum
2337 2872 2392 2918 ab

394 2946 548 2978 amore
581 2931 654 2979 seu
686 2935 896 2982 charitate
920 2934 1144 2998 nusquam
1177 2932 1285 2982 facit
1307 2935 1543 2982 Internum
1559 2934 1793 2993 Ecclefiae,
1835 2953 1942 2986 narn
1960 2937 2206 2985 doCtrinale
2238 2938 2302 2985 est
2325 2937 2394 2984 so·

393 2996 498 3045 lum
535 2996 730 3055 scientia,
764 3016 872 3062 quae
895 2999 960 3047 est
998 3003 1251 3059 memoriae,
1287 3015 1394 3065 quae
1434 3002 1566 3065 datur
1612 3018 1798 3066 quoque
1841 3003 1962 3067 apud
1994 3007 2222 3068 peffimos,
2258 3006 2393 3051 etiam

398 3063 522 3126 apud
545 3061 776 3112 infernales
796 3087 811 3121 3
847 3065 922 3112 sed
944 3067 1206 3126 doitrinale,
1230 3068 1357 3132 quod
1381 3067 1446 3116 est
1477 3084 1537 3115 ex
1561 3067 1788 3127 charitate,
1825 3069 1898 3116 seu
1927 3070 2053 3134 quod
2069 3070 2131 3117 est
2155 3071 2394 3126 charitatis,

396 3128 484 3177 hoc
509 3127 615 3178 facit
636 3131 890 3187 Internum,
924 3148 1031 3180 nam
1053 3133 1140 3181 hoc
1163 3135 1227 3182 est
1250 3136 1393 3191 vitae3
1430 3133 1522 3199 ipsa
1566 3136 1661 3182 vita
1705 3136 1769 3183 est
1791 3137 2019 3183 internum
2042 3138 2191 3183 omnis
2228 3135 2394 3189 cultus,

396 3195 448 3245 &
471 3195 532 3245 fic
549 3212 686 3246 omne
702 3196 964 3257 doetrinale,
999 3199 1128 3263 quod
1149 3201 1252 3250 fluit
1266 3218 1324 3250 ex
1345 3204 1440 3249 vita
1463 3201 1702 3261 charitatiS,
1737 3203 1824 3251 hoc
1845 3201 2086 3251 doctrinale
2107 3201 2309 3265 estquod
2332 3199 2398 3247 est

1394 3269 1440 3316 G
1464 3283 1499 3331 g
1521 3284 1555 3332 g
1577 3284 1613 3332 g
2273 3266 2399 3324 fidei,
