<?xml version="1.0" encoding="UTF-8"?>
<!DOCTYPE html PUBLIC "-//W3C//DTD XHTML 1.0 Transitional//EN"
    "http://www.w3.org/TR/xhtml1/DTD/xhtml1-transitional.dtd">
<html xmlns="http://www.w3.org/1999/xhtml" xml:lang="en" lang="en">
 <head>
  <title>
</title>
<meta http-equiv="Content-Type" content="text/html;charset=utf-8" />
  <meta name='ocr-system' content='tesseract 3.04.00' />
  <meta name='ocr-capabilities' content='ocr_page ocr_carea ocr_par ocr_line ocrx_word'/>
</head>
<body>
  <div class='ocr_page' id='page_1' title='image "arcanacaelestiaq01sweduoft_0239.png"; bbox 0 0 2788 3736; ppageno 0'>
   <div class='ocr_carea' id='block_1_1' title="bbox 669 219 2410 341">
    <p class='ocr_par' dir='ltr' id='par_1_1' title="bbox 669 219 2410 341">
     <span class='ocr_line' id='line_1_1' title="bbox 669 219 2410 341; baseline -0.005 -22"><span class='ocrx_word' id='word_1_1' title='bbox 669 254 1152 319; x_wconf 84' lang='lat' dir='ltr'>CAPUT</span> <span class='ocrx_word' id='word_1_2' title='bbox 1244 245 2039 317; x_wconf 79' lang='lat' dir='ltr'><strong>SEPTIMUM.</strong></span> <span class='ocrx_word' id='word_1_3' title='bbox 2167 219 2410 341; x_wconf 34' lang='grc' dir='ltr'>γὲςφἓ</span> 
     </span>
    </p>
   </div>
   <div class='ocr_carea' id='block_1_2' title="bbox 366 384 2396 528">
    <p class='ocr_par' dir='ltr' id='par_1_2' title="bbox 366 384 2396 528">
     <span class='ocr_line' id='line_1_2' title="bbox 367 384 2396 461; baseline -0.002 -16"><span class='ocrx_word' id='word_1_4' title='bbox 367 411 462 461; x_wconf 87' lang='lat' dir='ltr'>qua</span> <span class='ocrx_word' id='word_1_5' title='bbox 481 384 745 451; x_wconf 85' lang='lat' dir='ltr'>elevatione,</span> <span class='ocrx_word' id='word_1_6' title='bbox 787 409 845 441; x_wconf 88' lang='lat' dir='ltr'>ex</span> <span class='ocrx_word' id='word_1_7' title='bbox 866 393 1040 441; x_wconf 82' lang='lat' dir='ltr'>Divina</span> <span class='ocrx_word' id='word_1_8' title='bbox 1061 391 1257 440; x_wconf 87' lang='lat' dir='ltr'>Domini</span> <span class='ocrx_word' id='word_1_9' title='bbox 1279 388 1609 447; x_wconf 87' lang='lat' dir='ltr'>Misericordia,</span> <span class='ocrx_word' id='word_1_10' title='bbox 1635 389 1682 437; x_wconf 92' lang='lat' dir='ltr'>in</span> <span class='ocrx_word' id='word_1_11' title='bbox 1706 387 2024 454; x_wconf 81' lang='lat' dir='ltr'>scquentibus:</span> <span class='ocrx_word' id='word_1_12' title='bbox 2075 387 2176 438; x_wconf 86' lang='lat' dir='ltr'>haec</span> <span class='ocrx_word' id='word_1_13' title='bbox 2199 389 2396 441; x_wconf 85' lang='lat' dir='ltr'>elevatio</span> 
     </span>
     <span class='ocr_line' id='line_1_3' title="bbox 366 454 2392 528; baseline -0.001 -18"><span class='ocrx_word' id='word_1_14' title='bbox 366 462 448 522; x_wconf 89' lang='lat' dir='ltr'>est,</span> <span class='ocrx_word' id='word_1_15' title='bbox 476 477 590 528; x_wconf 82' lang='lat' dir='ltr'>quae</span> <span class='ocrx_word' id='word_1_16' title='bbox 612 461 892 524; x_wconf 70' lang='lat' dir='ltr'>significatur</span> <span class='ocrx_word' id='word_1_17' title='bbox 922 474 1008 524; x_wconf 85' lang='lat' dir='ltr'>per</span> <span class='ocrx_word' id='word_1_18' title='bbox 1029 474 1195 517; x_wconf 87' lang='lat' dir='ltr'>arcam,</span> <span class='ocrx_word' id='word_1_19' title='bbox 1229 458 1363 523; x_wconf 91' lang='lat' dir='ltr'>quod</span> <span class='ocrx_word' id='word_1_20' title='bbox 1399 456 1569 506; x_wconf 86' lang='lat' dir='ltr'>elevata</span> <span class='ocrx_word' id='word_1_21' title='bbox 1593 454 1646 503; x_wconf 90' lang='lat' dir='ltr'>fit</span> <span class='ocrx_word' id='word_1_22' title='bbox 1670 456 1861 520; x_wconf 87' lang='lat' dir='ltr'><strong>desuper</strong></span> <span class='ocrx_word' id='word_1_23' title='bbox 1900 468 2033 514; x_wconf 85' lang='lat' dir='ltr'>terra,</span> <span class='ocrx_word' id='word_1_24' title='bbox 2070 456 2120 505; x_wconf 89' lang='lat'>&amp;</span> <span class='ocrx_word' id='word_1_25' title='bbox 2143 458 2274 522; x_wconf 90' lang='lat' dir='ltr'>quod</span> <span class='ocrx_word' id='word_1_26' title='bbox 2296 459 2392 508; x_wconf 83' lang='lat' dir='ltr'>ive·</span> 
     </span>
    </p>
   </div>
   <div class='ocr_carea' id='block_1_3' title="bbox 367 526 2384 662">
    <p class='ocr_par' dir='ltr' id='par_1_3' title="bbox 367 526 2384 662">
     <span class='ocr_line' id='line_1_4' title="bbox 367 526 2383 592; baseline -0.004 -14"><span class='ocrx_word' id='word_1_27' title='bbox 367 533 428 579; x_wconf 92' lang='lat' dir='ltr'>rit</span> <span class='ocrx_word' id='word_1_28' title='bbox 449 545 549 577; x_wconf 91' lang='lat' dir='ltr'>arca</span> <span class='ocrx_word' id='word_1_29' title='bbox 568 527 699 592; x_wconf 90' lang='lat' dir='ltr'>super</span> <span class='ocrx_word' id='word_1_30' title='bbox 722 526 920 576; x_wconf 86' lang='lat' dir='ltr'>faciebus</span> <span class='ocrx_word' id='word_1_31' title='bbox 942 542 1178 591; x_wconf 89' lang='lat' dir='ltr'>aquarum.</span> <span class='ocrx_word' id='word_1_32' title='bbox 2378 568 2383 570; x_wconf 69' lang='grc'><strong>,</strong></span> 
     </span>
     <span class='ocr_line' id='line_1_5' title="bbox 385 587 2384 662; baseline -0.003 -15"><span class='ocrx_word' id='word_1_33' title='bbox 385 591 388 595; x_wconf 57' lang='grc'><em>’</em></span> <span class='ocrx_word' id='word_1_34' title='bbox 439 612 549 662; x_wconf 90' lang='lat'>790.</span> <span class='ocrx_word' id='word_1_35' title='bbox 588 594 735 660; x_wconf 83' lang='lat' dir='ltr'>Qod</span> <span class='ocrx_word' id='word_1_36' title='bbox 759 597 916 658; x_wconf 85' lang='lat' dir='ltr'>Aquae</span> <span class='ocrx_word' id='word_1_37' title='bbox 938 593 1012 643; x_wconf 88' lang='lat' dir='ltr'>hic</span> <span class='ocrx_word' id='word_1_38' title='bbox 1036 593 1087 642; x_wconf 87' lang='lat'>&amp;</span> <span class='ocrx_word' id='word_1_39' title='bbox 1111 594 1158 641; x_wconf 90' lang='lat' dir='ltr'>in</span> <span class='ocrx_word' id='word_1_40' title='bbox 1180 590 1467 656; x_wconf 83' lang='lat' dir='ltr'>sequentibus</span> <span class='ocrx_word' id='word_1_41' title='bbox 1492 588 1746 654; x_wconf 83' lang='lat' dir='ltr'>significent</span> <span class='ocrx_word' id='word_1_42' title='bbox 1769 587 1890 648; x_wconf 87' lang='lat' dir='ltr'>falsa,</span> <span class='ocrx_word' id='word_1_43' title='bbox 1926 590 2126 640; x_wconf 88' lang='lat' dir='ltr'>constare</span> <span class='ocrx_word' id='word_1_44' title='bbox 2155 591 2306 659; x_wconf 90' lang='lat' dir='ltr'>potest</span> <span class='ocrx_word' id='word_1_45' title='bbox 2326 593 2384 654; x_wconf 86' lang='lat' dir='ltr'>ab</span> 
     </span>
    </p>
   </div>
   <div class='ocr_carea' id='block_1_4' title="bbox 347 655 2458 3266">
    <p class='ocr_par' dir='ltr' id='par_1_4' title="bbox 347 655 2458 3266">
     <span class='ocr_line' id='line_1_6' title="bbox 365 655 2386 725; baseline -0.001 -14"><span class='ocrx_word' id='word_1_46' title='bbox 365 663 454 712; x_wconf 89' lang='lat' dir='ltr'>illis</span> <span class='ocrx_word' id='word_1_47' title='bbox 478 663 589 713; x_wconf 89' lang='lat' dir='ltr'>locis</span> <span class='ocrx_word' id='word_1_48' title='bbox 613 678 669 710; x_wconf 87' lang='lat' dir='ltr'>ex</span> <span class='ocrx_word' id='word_1_49' title='bbox 684 660 858 718; x_wconf 88' lang='lat' dir='ltr'>Verbo,</span> <span class='ocrx_word' id='word_1_50' title='bbox 881 675 990 725; x_wconf 89' lang='lat' dir='ltr'>quae</span> <span class='ocrx_word' id='word_1_51' title='bbox 1013 660 1062 707; x_wconf 91' lang='lat' dir='ltr'>in</span> <span class='ocrx_word' id='word_1_52' title='bbox 1083 659 1324 723; x_wconf 84' lang='lat' dir='ltr'>praemissis</span> <span class='ocrx_word' id='word_1_53' title='bbox 1346 655 1482 722; x_wconf 88' lang='lat' dir='ltr'>hujus</span> <span class='ocrx_word' id='word_1_54' title='bbox 1504 657 1694 720; x_wconf 85' lang='lat' dir='ltr'>Capitis,</span> <span class='ocrx_word' id='word_1_55' title='bbox 1731 656 1781 704; x_wconf 88' lang='lat'>&amp;</span> <span class='ocrx_word' id='word_1_56' title='bbox 1804 673 1911 720; x_wconf 86' lang='lat' dir='ltr'>quae</span> <span class='ocrx_word' id='word_1_57' title='bbox 1934 658 1992 705; x_wconf 89' lang='lat' dir='ltr'>ad</span> <span class='ocrx_word' id='word_1_58' title='bbox 2014 659 2139 708; x_wconf 88' lang='lat' dir='ltr'>vers:</span> <span class='ocrx_word' id='word_1_59' title='bbox 2168 661 2227 709; x_wconf 89' lang='lat'>6:</span> <span class='ocrx_word' id='word_1_60' title='bbox 2250 657 2386 725; x_wconf 88' lang='lat' dir='ltr'>hujus</span> 
     </span>
     <span class='ocr_line' id='line_1_7' title="bbox 366 721 2381 795; baseline -0.001 -16"><span class='ocrx_word' id='word_1_61' title='bbox 366 721 558 795; x_wconf 80' lang='lat' dir='ltr'>Capitis,</span> <span class='ocrx_word' id='word_1_62' title='bbox 595 729 724 777; x_wconf 82' lang='lat' dir='ltr'>allata</span> <span class='ocrx_word' id='word_1_63' title='bbox 746 727 865 784; x_wconf 91' lang='lat' dir='ltr'>sunt,</span> <span class='ocrx_word' id='word_1_64' title='bbox 900 725 980 773; x_wconf 91' lang='lat' dir='ltr'>ubi</span> <span class='ocrx_word' id='word_1_65' title='bbox 1014 724 1072 772; x_wconf 92' lang='lat' dir='ltr'>de</span> <span class='ocrx_word' id='word_1_66' title='bbox 1095 725 1274 773; x_wconf 89' lang='lat' dir='ltr'>diluvio</span> <span class='ocrx_word' id='word_1_67' title='bbox 1309 723 1382 772; x_wconf 88' lang='lat' dir='ltr'>seu</span> <span class='ocrx_word' id='word_1_68' title='bbox 1406 722 1702 772; x_wconf 89' lang='lat' dir='ltr'>inundatione</span> <span class='ocrx_word' id='word_1_69' title='bbox 1739 739 1996 787; x_wconf 77' lang='lat' dir='ltr'>aquarum3</span> <span class='ocrx_word' id='word_1_70' title='bbox 2046 724 2109 772; x_wconf 91' lang='lat' dir='ltr'>ibi</span> <span class='ocrx_word' id='word_1_71' title='bbox 2149 725 2381 776; x_wconf 87' lang='lat' dir='ltr'>ostensum</span> 
     </span>
     <span class='ocr_line' id='line_1_8' title="bbox 366 787 2382 862; baseline -0.002 -15"><span class='ocrx_word' id='word_1_72' title='bbox 366 798 448 855; x_wconf 89' lang='lat' dir='ltr'>est,</span> <span class='ocrx_word' id='word_1_73' title='bbox 485 796 614 862; x_wconf 93' lang='lat' dir='ltr'>quod</span> <span class='ocrx_word' id='word_1_74' title='bbox 639 794 953 843; x_wconf 90' lang='lat' dir='ltr'>inundationes</span> <span class='ocrx_word' id='word_1_75' title='bbox 992 808 1213 856; x_wconf 89' lang='lat' dir='ltr'>aquarum</span> <span class='ocrx_word' id='word_1_76' title='bbox 1252 791 1605 856; x_wconf 78' lang='lat' dir='ltr'>significaverint</span> <span class='ocrx_word' id='word_1_77' title='bbox 1638 787 1948 837; x_wconf 88' lang='lat' dir='ltr'>Desolationes</span> <span class='ocrx_word' id='word_1_78' title='bbox 1976 790 2027 838; x_wconf 71' lang='grc' dir='ltr'>δι</span> <span class='ocrx_word' id='word_1_79' title='bbox 2066 792 2382 853; x_wconf 89' lang='lat' dir='ltr'>Tentationes,</span> 
     </span>
     <span class='ocr_line' id='line_1_9' title="bbox 366 857 2385 930; baseline -0.001 -18"><span class='ocrx_word' id='word_1_80' title='bbox 366 880 474 930; x_wconf 87' lang='lat' dir='ltr'>quae</span> <span class='ocrx_word' id='word_1_81' title='bbox 498 864 623 913; x_wconf 92' lang='lat' dir='ltr'>idem</span> <span class='ocrx_word' id='word_1_82' title='bbox 642 861 887 910; x_wconf 89' lang='lat' dir='ltr'>involvunt</span> <span class='ocrx_word' id='word_1_83' title='bbox 908 875 959 906; x_wconf 91' lang='lat' dir='ltr'>ac</span> <span class='ocrx_word' id='word_1_84' title='bbox 983 857 1104 916; x_wconf 80' lang='lat' dir='ltr'>falsa,</span> <span class='ocrx_word' id='word_1_85' title='bbox 1139 875 1247 906; x_wconf 89' lang='lat' dir='ltr'>nam</span> <span class='ocrx_word' id='word_1_86' title='bbox 1271 857 1650 907; x_wconf 81' lang='lat' dir='ltr'>desolationes&amp;</span> <span class='ocrx_word' id='word_1_87' title='bbox 1696 857 1965 906; x_wconf 87' lang='lat' dir='ltr'>tentationes</span> <span class='ocrx_word' id='word_1_88' title='bbox 2019 873 2111 905; x_wconf 90' lang='lat' dir='ltr'>non</span> <span class='ocrx_word' id='word_1_89' title='bbox 2158 859 2259 908; x_wconf 90' lang='lat' dir='ltr'>sunt</span> <span class='ocrx_word' id='word_1_90' title='bbox 2303 862 2385 910; x_wconf 79' lang='lat' dir='ltr'>nlfi</span> 
     </span>
     <span class='ocr_line' id='line_1_10' title="bbox 399 921 2384 991; baseline -0.002 -11"><span class='ocrx_word' id='word_1_91' title='bbox 399 947 506 980; x_wconf 89' lang='lat' dir='ltr'>uam</span> <span class='ocrx_word' id='word_1_92' title='bbox 530 928 844 979; x_wconf 87' lang='lat' dir='ltr'>inundationes</span> <span class='ocrx_word' id='word_1_93' title='bbox 867 923 1082 974; x_wconf 86' lang='lat' dir='ltr'>falsorum</span> <span class='ocrx_word' id='word_1_94' title='bbox 1107 927 1408 974; x_wconf 81' lang='lat' dir='ltr'>excitatorum</span> <span class='ocrx_word' id='word_1_95' title='bbox 1440 941 1467 973; x_wconf 90' lang='lat' dir='ltr'>a</span> <span class='ocrx_word' id='word_1_96' title='bbox 1490 923 1619 975; x_wconf 84' lang='lat' dir='ltr'>malis</span> <span class='ocrx_word' id='word_1_97' title='bbox 1641 921 1868 989; x_wconf 86' lang='lat' dir='ltr'>spiritibus</span> <span class='ocrx_word' id='word_1_98' title='bbox 1889 946 1904 980; x_wconf 78' lang='lat'>3</span> <span class='ocrx_word' id='word_1_99' title='bbox 1939 923 2068 986; x_wconf 91' lang='lat' dir='ltr'>quod</span> <span class='ocrx_word' id='word_1_100' title='bbox 2107 926 2216 974; x_wconf 89' lang='lat' dir='ltr'>tales</span> <span class='ocrx_word' id='word_1_101' title='bbox 2252 943 2384 991; x_wconf 86' lang='lat' dir='ltr'>aquae</span> 
     </span>
     <span class='ocr_line' id='line_1_11' title="bbox 383 990 2380 1062; baseline -0.002 -16"><span class='ocrx_word' id='word_1_102' title='bbox 383 998 471 1046; x_wconf 84' lang='lat' dir='ltr'>alsa</span> <span class='ocrx_word' id='word_1_103' title='bbox 489 996 760 1062; x_wconf 75' lang='lat' dir='ltr'>significent,</span> <span class='ocrx_word' id='word_1_104' title='bbox 795 994 903 1042; x_wconf 88' lang='lat' dir='ltr'>inde</span> <span class='ocrx_word' id='word_1_105' title='bbox 925 992 1006 1050; x_wconf 88' lang='lat' dir='ltr'>est,</span> <span class='ocrx_word' id='word_1_106' title='bbox 1041 993 1148 1057; x_wconf 90' lang='lat' dir='ltr'>quia</span> <span class='ocrx_word' id='word_1_107' title='bbox 1170 995 1218 1040; x_wconf 90' lang='lat' dir='ltr'>in</span> <span class='ocrx_word' id='word_1_108' title='bbox 1241 1007 1407 1056; x_wconf 88' lang='lat' dir='ltr'>genere</span> <span class='ocrx_word' id='word_1_109' title='bbox 1431 994 1587 1055; x_wconf 86' lang='lat' dir='ltr'>Aquae</span> <span class='ocrx_word' id='word_1_110' title='bbox 1613 991 1660 1037; x_wconf 89' lang='lat' dir='ltr'>in</span> <span class='ocrx_word' id='word_1_111' title='bbox 1678 990 1835 1038; x_wconf 90' lang='lat' dir='ltr'>Verbo</span> <span class='ocrx_word' id='word_1_112' title='bbox 1858 990 2112 1055; x_wconf 78' lang='lat' dir='ltr'>significant</span> <span class='ocrx_word' id='word_1_113' title='bbox 2136 991 2380 1057; x_wconf 84' lang='lat' dir='ltr'>spirituale,</span> 
     </span>
     <span class='ocr_line' id='line_1_12' title="bbox 363 1056 2381 1124; baseline -0.002 -10"><span class='ocrx_word' id='word_1_114' title='bbox 363 1064 452 1114; x_wconf 91' lang='lat' dir='ltr'>hoc</span> <span class='ocrx_word' id='word_1_115' title='bbox 476 1064 556 1124; x_wconf 92' lang='lat' dir='ltr'>est,</span> <span class='ocrx_word' id='word_1_116' title='bbox 593 1059 907 1118; x_wconf 60' lang='lat' dir='ltr'>intelle-stude,</span> <span class='ocrx_word' id='word_1_117' title='bbox 943 1059 1154 1107; x_wconf 90' lang='lat' dir='ltr'>rationale</span> <span class='ocrx_word' id='word_1_118' title='bbox 1178 1059 1229 1107; x_wconf 77' lang='grc' dir='ltr'>ὅτ</span> <span class='ocrx_word' id='word_1_119' title='bbox 1252 1058 1569 1123; x_wconf 75' lang='lat' dir='ltr'>scientificum,</span> <span class='ocrx_word' id='word_1_120' title='bbox 1605 1056 1655 1106; x_wconf 85' lang='lat'>&amp;</span> <span class='ocrx_word' id='word_1_121' title='bbox 1679 1059 1787 1121; x_wconf 90' lang='lat' dir='ltr'>quia</span> <span class='ocrx_word' id='word_1_122' title='bbox 1807 1057 1926 1115; x_wconf 87' lang='lat' dir='ltr'>haec,</span> <span class='ocrx_word' id='word_1_123' title='bbox 1963 1060 2099 1106; x_wconf 89' lang='lat' dir='ltr'>etiam</span> <span class='ocrx_word' id='word_1_124' title='bbox 2125 1059 2381 1123; x_wconf 75' lang='lat' dir='ltr'>significant</span> 
     </span>
     <span class='ocr_line' id='line_1_13' title="bbox 361 1123 2382 1190; baseline -0.002 -9"><span class='ocrx_word' id='word_1_125' title='bbox 361 1132 600 1188; x_wconf 87' lang='lat' dir='ltr'>contraria,</span> <span class='ocrx_word' id='word_1_126' title='bbox 634 1140 772 1178; x_wconf 87' lang='lat' dir='ltr'>omne</span> <span class='ocrx_word' id='word_1_127' title='bbox 793 1127 917 1175; x_wconf 85' lang='lat' dir='ltr'>enim</span> <span class='ocrx_word' id='word_1_128' title='bbox 940 1123 1104 1175; x_wconf 87' lang='lat' dir='ltr'>falsum</span> <span class='ocrx_word' id='word_1_129' title='bbox 1139 1125 1204 1174; x_wconf 86' lang='lat' dir='ltr'>est</span> <span class='ocrx_word' id='word_1_130' title='bbox 1227 1123 1526 1174; x_wconf 89' lang='lat' dir='ltr'>scientificum</span> <span class='ocrx_word' id='word_1_131' title='bbox 1566 1124 1822 1190; x_wconf 86' lang='lat' dir='ltr'>quoddam,</span> <span class='ocrx_word' id='word_1_132' title='bbox 1858 1125 1919 1173; x_wconf 69' lang='grc' dir='ltr'>δι’</span> <span class='ocrx_word' id='word_1_133' title='bbox 1946 1139 2130 1190; x_wconf 88' lang='lat' dir='ltr'>apparet</span> <span class='ocrx_word' id='word_1_134' title='bbox 2167 1127 2283 1176; x_wconf 89' lang='lat' dir='ltr'>ficut</span> <span class='ocrx_word' id='word_1_135' title='bbox 2311 1143 2382 1176; x_wconf 89' lang='lat' dir='ltr'>ra-</span> 
     </span>
     <span class='ocr_line' id='line_1_14' title="bbox 361 1190 2379 1258; baseline -0.002 -10"><span class='ocrx_word' id='word_1_136' title='bbox 361 1198 526 1248; x_wconf 87' lang='lat' dir='ltr'>tionale</span> <span class='ocrx_word' id='word_1_137' title='bbox 548 1197 599 1246; x_wconf 83' lang='lat'>&amp;</span> <span class='ocrx_word' id='word_1_138' title='bbox 621 1193 946 1252; x_wconf 69' lang='lat' dir='ltr'>intellestuale,</span> <span class='ocrx_word' id='word_1_139' title='bbox 969 1193 1077 1258; x_wconf 89' lang='lat' dir='ltr'>quia</span> <span class='ocrx_word' id='word_1_140' title='bbox 1098 1192 1162 1240; x_wconf 89' lang='lat' dir='ltr'>est</span> <span class='ocrx_word' id='word_1_141' title='bbox 1182 1193 1498 1258; x_wconf 88' lang='lat' dir='ltr'>cogitationis:</span> <span class='ocrx_word' id='word_1_142' title='bbox 1530 1191 1660 1257; x_wconf 89' lang='lat' dir='ltr'>quod</span> <span class='ocrx_word' id='word_1_143' title='bbox 1676 1192 1832 1256; x_wconf 87' lang='lat' dir='ltr'>Aquae</span> <span class='ocrx_word' id='word_1_144' title='bbox 1850 1190 2093 1256; x_wconf 86' lang='lat' dir='ltr'>spiritualia</span> <span class='ocrx_word' id='word_1_145' title='bbox 2106 1193 2379 1257; x_wconf 76' lang='lat' dir='ltr'>significent,</span> 
     </span>
     <span class='ocr_line' id='line_1_15' title="bbox 359 1256 2379 1330; baseline -0.002 -15"><span class='ocrx_word' id='word_1_146' title='bbox 359 1282 418 1315; x_wconf 85' lang='lat' dir='ltr'>ex</span> <span class='ocrx_word' id='word_1_147' title='bbox 439 1265 650 1330; x_wconf 88' lang='lat' dir='ltr'>plurimis</span> <span class='ocrx_word' id='word_1_148' title='bbox 687 1262 800 1310; x_wconf 91' lang='lat' dir='ltr'>locis</span> <span class='ocrx_word' id='word_1_149' title='bbox 840 1263 887 1309; x_wconf 90' lang='lat' dir='ltr'>in</span> <span class='ocrx_word' id='word_1_150' title='bbox 909 1259 1067 1309; x_wconf 86' lang='lat' dir='ltr'>Verbo</span> <span class='ocrx_word' id='word_1_151' title='bbox 1091 1259 1297 1318; x_wconf 80' lang='lat' dir='ltr'>constat3</span> <span class='ocrx_word' id='word_1_152' title='bbox 1350 1272 1397 1308; x_wconf 87' lang='lat' dir='ltr'>at</span> <span class='ocrx_word' id='word_1_153' title='bbox 1437 1260 1567 1324; x_wconf 92' lang='lat' dir='ltr'>quod</span> <span class='ocrx_word' id='word_1_154' title='bbox 1604 1259 1739 1306; x_wconf 87' lang='lat' dir='ltr'>etiam</span> <span class='ocrx_word' id='word_1_155' title='bbox 1782 1256 1903 1316; x_wconf 86' lang='lat' dir='ltr'>falsa,</span> <span class='ocrx_word' id='word_1_156' title='bbox 1938 1271 2106 1324; x_wconf 88' lang='lat' dir='ltr'>praeter</span> <span class='ocrx_word' id='word_1_157' title='bbox 2143 1261 2234 1319; x_wconf 83' lang='lat' dir='ltr'>illa,</span> <span class='ocrx_word' id='word_1_158' title='bbox 2270 1278 2379 1327; x_wconf 87' lang='lat' dir='ltr'>quae</span> 
     </span>
     <span class='ocr_line' id='line_1_16' title="bbox 358 1325 2381 1402; baseline -0.001 -21"><span class='ocrx_word' id='word_1_159' title='bbox 358 1335 485 1398; x_wconf 89' lang='lat' dir='ltr'>prius</span> <span class='ocrx_word' id='word_1_160' title='bbox 524 1330 721 1379; x_wconf 59' lang='lat' dir='ltr'>adduflm</span> <span class='ocrx_word' id='word_1_161' title='bbox 745 1328 863 1387; x_wconf 91' lang='lat' dir='ltr'>sunt,</span> <span class='ocrx_word' id='word_1_162' title='bbox 899 1327 986 1376; x_wconf 90' lang='lat' dir='ltr'>fint</span> <span class='ocrx_word' id='word_1_163' title='bbox 1023 1327 1254 1392; x_wconf 86' lang='lat' dir='ltr'>sequentia</span> <span class='ocrx_word' id='word_1_164' title='bbox 1290 1326 1391 1376; x_wconf 80' lang='lat' dir='ltr'>haec</span> <span class='ocrx_word' id='word_1_165' title='bbox 1431 1326 1800 1402; x_wconf 78' lang='lat' dir='ltr'>confirmationi:</span> <span class='ocrx_word' id='word_1_166' title='bbox 1835 1327 1960 1391; x_wconf 90' lang='lat' dir='ltr'>apud</span> <span class='ocrx_word' id='word_1_167' title='bbox 1992 1325 2187 1386; x_wconf 87' lang='lat' dir='ltr'>Esaiam,</span> <span class='ocrx_word' id='word_1_168' title='bbox 2225 1333 2259 1356; x_wconf 92' lang='lat'><strong>“</strong></span> <span class='ocrx_word' id='word_1_169' title='bbox 2283 1330 2381 1379; x_wconf 90' lang='lat' dir='ltr'>Re-</span> 
     </span>
     <span class='ocr_line' id='line_1_17' title="bbox 361 1393 2439 1528; baseline 0.008 -33"><span class='ocrx_word' id='word_1_170' title='bbox 361 1472 396 1495; x_wconf 47' lang='lat' dir='ltr'>a</span> <span class='ocrx_word' id='word_1_171' title='bbox 429 1396 864 1516; x_wconf 54' lang='lat' dir='ltr'>Es‘cffissepf‘i‘c&#39;ssff</span> <span class='ocrx_word' id='word_1_172' title='bbox 875 1393 1977 1528; x_wconf 46' lang='grc' dir='ltr'>[131ξέἕέῒέςὶῗέἳὶἷὲῑίιῖῗῑῖἐὶῗ’ἓᾯμιὶῖῗῗ</span> <span class='ocrx_word' id='word_1_173' title='bbox 2002 1396 2378 1511; x_wconf 51' lang='grc' dir='ltr'>ἕῇςὲἒᾘῗὲῗ</span> <span class='ocrx_word' id='word_1_174' title='bbox 2432 1430 2439 1434; x_wconf 75' lang='grc'><strong>“</strong></span> 
     </span>
     <span class='ocr_line' id='line_1_18' title="bbox 359 1525 2378 1598; baseline -0.001 -16"><span class='ocrx_word' id='word_1_175' title='bbox 359 1539 395 1562; x_wconf 90' lang='lat'><strong>“</strong></span> <span class='ocrx_word' id='word_1_176' title='bbox 429 1550 512 1598; x_wconf 90' lang='lat' dir='ltr'>per</span> <span class='ocrx_word' id='word_1_177' title='bbox 532 1547 692 1581; x_wconf 90' lang='lat' dir='ltr'>omnes</span> <span class='ocrx_word' id='word_1_178' title='bbox 715 1531 843 1578; x_wconf 74' lang='lat' dir='ltr'>rivos</span> <span class='ocrx_word' id='word_1_179' title='bbox 863 1527 976 1594; x_wconf 89' lang='lat' dir='ltr'>ejus,</span> <span class='ocrx_word' id='word_1_180' title='bbox 1012 1529 1062 1577; x_wconf 88' lang='lat'>&amp;</span> <span class='ocrx_word' id='word_1_181' title='bbox 1087 1529 1170 1578; x_wconf 90' lang='lat' dir='ltr'>ibit</span> <span class='ocrx_word' id='word_1_182' title='bbox 1190 1527 1324 1593; x_wconf 89' lang='lat' dir='ltr'>super</span> <span class='ocrx_word' id='word_1_183' title='bbox 1337 1544 1498 1578; x_wconf 91' lang='lat' dir='ltr'>omnes</span> <span class='ocrx_word' id='word_1_184' title='bbox 1514 1529 1632 1592; x_wconf 84' lang='lat' dir='ltr'>ripas</span> <span class='ocrx_word' id='word_1_185' title='bbox 1645 1525 1792 1592; x_wconf 76' lang='lat' dir='ltr'>eju3,&#39;’</span> <span class='ocrx_word' id='word_1_186' title='bbox 1814 1544 1914 1575; x_wconf 82' lang='lat' dir='ltr'>vm</span> <span class='ocrx_word' id='word_1_187' title='bbox 1936 1545 1946 1575; x_wconf 95' lang='lat'><strong>:</strong></span> <span class='ocrx_word' id='word_1_188' title='bbox 1984 1529 2032 1586; x_wconf 85' lang='lat'>6,</span> <span class='ocrx_word' id='word_1_189' title='bbox 2062 1545 2105 1593; x_wconf 89' lang='lat'>7.</span> <span class='ocrx_word' id='word_1_190' title='bbox 2140 1528 2222 1577; x_wconf 92' lang='lat' dir='ltr'>ubi</span> <span class='ocrx_word' id='word_1_191' title='bbox 2243 1545 2378 1594; x_wconf 84' lang='lat' dir='ltr'>aquae</span> 
     </span>
     <span class='ocr_line' id='line_1_19' title="bbox 356 1592 2374 1663; baseline -0.002 -13"><span class='ocrx_word' id='word_1_192' title='bbox 356 1598 514 1650; x_wconf 91' lang='lat' dir='ltr'>leniter</span> <span class='ocrx_word' id='word_1_193' title='bbox 535 1611 690 1648; x_wconf 82' lang='lat' dir='ltr'>euntes</span> <span class='ocrx_word' id='word_1_194' title='bbox 713 1613 801 1663; x_wconf 90' lang='lat' dir='ltr'>pro</span> <span class='ocrx_word' id='word_1_195' title='bbox 824 1594 1140 1661; x_wconf 86' lang='lat' dir='ltr'>spiritualibus,</span> <span class='ocrx_word' id='word_1_196' title='bbox 1176 1612 1308 1660; x_wconf 89' lang='lat' dir='ltr'>aquae</span> <span class='ocrx_word' id='word_1_197' title='bbox 1330 1596 1498 1644; x_wconf 87' lang='lat' dir='ltr'>validae</span> <span class='ocrx_word' id='word_1_198' title='bbox 1519 1597 1571 1644; x_wconf 77' lang='grc' dir='ltr'>δε</span> <span class='ocrx_word' id='word_1_199' title='bbox 1595 1594 1756 1642; x_wconf 87' lang='lat' dir='ltr'>multae</span> <span class='ocrx_word' id='word_1_200' title='bbox 1779 1592 2018 1659; x_wconf 75' lang='lat' dir='ltr'>prosalsis.</span> <span class='ocrx_word' id='word_1_201' title='bbox 2069 1595 2219 1661; x_wconf 87' lang='lat' dir='ltr'>Apud</span> <span class='ocrx_word' id='word_1_202' title='bbox 2242 1596 2374 1645; x_wconf 90' lang='lat' dir='ltr'>Eun-</span> 
     </span>
     <span class='ocr_line' id='line_1_20' title="bbox 358 1661 2378 1727; baseline -0.002 -10"><span class='ocrx_word' id='word_1_203' title='bbox 358 1669 484 1725; x_wconf 85' lang='lat' dir='ltr'>dem,</span> <span class='ocrx_word' id='word_1_204' title='bbox 524 1672 559 1695; x_wconf 92' lang='lat'><strong>“</strong></span> <span class='ocrx_word' id='word_1_205' title='bbox 581 1667 672 1714; x_wconf 85' lang='lat' dir='ltr'>Vae</span> <span class='ocrx_word' id='word_1_206' title='bbox 717 1677 850 1714; x_wconf 87' lang='lat' dir='ltr'>terrae</span> <span class='ocrx_word' id='word_1_207' title='bbox 887 1663 1166 1712; x_wconf 89' lang='lat' dir='ltr'>inumbranti</span> <span class='ocrx_word' id='word_1_208' title='bbox 1202 1662 1299 1720; x_wconf 87' lang='lat' dir='ltr'>alis,</span> <span class='ocrx_word' id='word_1_209' title='bbox 1341 1679 1448 1727; x_wconf 86' lang='lat' dir='ltr'>quae</span> <span class='ocrx_word' id='word_1_210' title='bbox 1486 1674 1606 1710; x_wconf 89' lang='lat' dir='ltr'>trans</span> <span class='ocrx_word' id='word_1_211' title='bbox 1645 1662 1835 1709; x_wconf 87' lang='lat' dir='ltr'>flumina</span> <span class='ocrx_word' id='word_1_212' title='bbox 1866 1661 2054 1719; x_wconf 90' lang='lat' dir='ltr'>Kuschi,</span> <span class='ocrx_word' id='word_1_213' title='bbox 2105 1663 2290 1712; x_wconf 88' lang='lat' dir='ltr'>mittens</span> <span class='ocrx_word' id='word_1_214' title='bbox 2330 1665 2378 1713; x_wconf 91' lang='lat' dir='ltr'>in</span> 
     </span>
     <span class='ocr_line' id='line_1_21' title="bbox 360 1727 2372 1797; baseline -0.001 -15"><span class='ocrx_word' id='word_1_215' title='bbox 360 1740 395 1763; x_wconf 74' lang='lat'>‘⁶</span> <span class='ocrx_word' id='word_1_216' title='bbox 430 1750 552 1782; x_wconf 88' lang='lat' dir='ltr'>mare</span> <span class='ocrx_word' id='word_1_217' title='bbox 575 1734 764 1797; x_wconf 87' lang='lat' dir='ltr'>legatos,</span> <span class='ocrx_word' id='word_1_218' title='bbox 799 1731 850 1778; x_wconf 87' lang='lat'>&amp;</span> <span class='ocrx_word' id='word_1_219' title='bbox 875 1732 921 1778; x_wconf 90' lang='lat' dir='ltr'>in</span> <span class='ocrx_word' id='word_1_220' title='bbox 946 1729 1060 1777; x_wconf 88' lang='lat' dir='ltr'>vafis</span> <span class='ocrx_word' id='word_1_221' title='bbox 1075 1727 1208 1794; x_wconf 86' lang='lat' dir='ltr'>junci</span> <span class='ocrx_word' id='word_1_222' title='bbox 1233 1728 1364 1793; x_wconf 92' lang='lat' dir='ltr'>super</span> <span class='ocrx_word' id='word_1_223' title='bbox 1373 1730 1572 1792; x_wconf 84' lang='lat' dir='ltr'>faciebus</span> <span class='ocrx_word' id='word_1_224' title='bbox 1594 1730 1817 1793; x_wconf 87' lang='lat' dir='ltr'>Aquarum</span> <span class='ocrx_word' id='word_1_225' title='bbox 1834 1747 1850 1776; x_wconf 84' lang='lat'>.-</span> <span class='ocrx_word' id='word_1_226' title='bbox 1888 1730 1950 1776; x_wconf 91' lang='lat' dir='ltr'>ite</span> <span class='ocrx_word' id='word_1_227' title='bbox 1967 1729 2106 1792; x_wconf 89' lang='lat' dir='ltr'>legati</span> <span class='ocrx_word' id='word_1_228' title='bbox 2129 1730 2294 1779; x_wconf 84' lang='lat' dir='ltr'>celeres</span> <span class='ocrx_word' id='word_1_229' title='bbox 2311 1731 2372 1787; x_wconf 82' lang='lat' dir='ltr'>ad</span> 
     </span>
     <span class='ocr_line' id='line_1_22' title="bbox 355 1793 2372 1864; baseline -0.001 -16"><span class='ocrx_word' id='word_1_230' title='bbox 355 1806 395 1829; x_wconf 85' lang='lat'><strong>“</strong></span> <span class='ocrx_word' id='word_1_231' title='bbox 429 1812 619 1864; x_wconf 86' lang='lat' dir='ltr'>gentem</span> <span class='ocrx_word' id='word_1_232' title='bbox 639 1798 908 1846; x_wconf 85' lang='lat' dir='ltr'>delineatam</span> <span class='ocrx_word' id='word_1_233' title='bbox 932 1797 983 1844; x_wconf 77' lang='grc' dir='ltr'>δε</span> <span class='ocrx_word' id='word_1_234' title='bbox 1006 1796 1338 1853; x_wconf 82' lang='lat' dir='ltr'>conculcatam,</span> <span class='ocrx_word' id='word_1_235' title='bbox 1374 1793 1504 1859; x_wconf 92' lang='lat' dir='ltr'>cujus</span> <span class='ocrx_word' id='word_1_236' title='bbox 1527 1808 1691 1843; x_wconf 86' lang='lat' dir='ltr'>terram</span> <span class='ocrx_word' id='word_1_237' title='bbox 1716 1794 1975 1859; x_wconf 86' lang='lat' dir='ltr'>depraedata</span> <span class='ocrx_word' id='word_1_238' title='bbox 1997 1795 2099 1843; x_wconf 92' lang='lat' dir='ltr'>sunt</span> <span class='ocrx_word' id='word_1_239' title='bbox 2123 1796 2372 1856; x_wconf 68' lang='lat' dir='ltr'>I³lumina,’&#39;</span> 
     </span>
     <span class='ocr_line' id='line_1_23' title="bbox 351 1861 2372 1928; baseline -0.001 -13"><span class='ocrx_word' id='word_1_240' title='bbox 351 1883 522 1915; x_wconf 78' lang='lat' dir='ltr'>xvm:</span> <span class='ocrx_word' id='word_1_241' title='bbox 565 1883 608 1915; x_wconf 89' lang='lat'>2.</span> <span class='ocrx_word' id='word_1_242' title='bbox 645 1880 732 1928; x_wconf 93' lang='lat' dir='ltr'>pro</span> <span class='ocrx_word' id='word_1_243' title='bbox 767 1861 911 1920; x_wconf 81' lang='lat' dir='ltr'>falfis,</span> <span class='ocrx_word' id='word_1_244' title='bbox 963 1878 1070 1927; x_wconf 86' lang='lat' dir='ltr'>quae</span> <span class='ocrx_word' id='word_1_245' title='bbox 1105 1861 1208 1910; x_wconf 90' lang='lat' dir='ltr'>sunt</span> <span class='ocrx_word' id='word_1_246' title='bbox 1246 1874 1378 1910; x_wconf 82' lang='lat' dir='ltr'>terrae</span> <span class='ocrx_word' id='word_1_247' title='bbox 1415 1861 1743 1910; x_wconf 89' lang='lat' dir='ltr'>incumbrantis</span> <span class='ocrx_word' id='word_1_248' title='bbox 1777 1861 1872 1910; x_wconf 73' lang='lat' dir='ltr'>alis.</span> <span class='ocrx_word' id='word_1_249' title='bbox 1943 1862 2094 1926; x_wconf 91' lang='lat' dir='ltr'>Apud</span> <span class='ocrx_word' id='word_1_250' title='bbox 2133 1863 2372 1922; x_wconf 89' lang='lat' dir='ltr'>Eundem,</span> 
     </span>
     <span class='ocr_line' id='line_1_24' title="bbox 355 1927 2374 1994; baseline -0.001 -13"><span class='ocrx_word' id='word_1_251' title='bbox 355 1934 482 1981; x_wconf 90' lang='lat' dir='ltr'>Cum</span> <span class='ocrx_word' id='word_1_252' title='bbox 507 1932 709 1981; x_wconf 83' lang='lat' dir='ltr'>transibis</span> <span class='ocrx_word' id='word_1_253' title='bbox 742 1947 824 1994; x_wconf 92' lang='lat' dir='ltr'>per</span> <span class='ocrx_word' id='word_1_254' title='bbox 846 1931 1010 1994; x_wconf 83' lang='lat' dir='ltr'>Aquas,</span> <span class='ocrx_word' id='word_1_255' title='bbox 1047 1940 1203 1977; x_wconf 91' lang='lat' dir='ltr'>tecum</span> <span class='ocrx_word' id='word_1_256' title='bbox 1227 1929 1352 1993; x_wconf 89' lang='lat' dir='ltr'>Ego,</span> <span class='ocrx_word' id='word_1_257' title='bbox 1389 1930 1438 1976; x_wconf 89' lang='lat'>&amp;</span> <span class='ocrx_word' id='word_1_258' title='bbox 1461 1945 1544 1993; x_wconf 86' lang='lat' dir='ltr'>per</span> <span class='ocrx_word' id='word_1_259' title='bbox 1565 1930 1782 1986; x_wconf 85' lang='lat' dir='ltr'>Flumina,</span> <span class='ocrx_word' id='word_1_260' title='bbox 1817 1945 1910 1976; x_wconf 89' lang='lat' dir='ltr'>non</span> <span class='ocrx_word' id='word_1_261' title='bbox 1947 1927 2242 1992; x_wconf 87' lang='lat' dir='ltr'>submergent</span> <span class='ocrx_word' id='word_1_262' title='bbox 2277 1932 2374 1989; x_wconf 81' lang='lat' dir='ltr'>te,’&#39;</span> 
     </span>
     <span class='ocr_line' id='line_1_25' title="bbox 355 1993 2373 2061; baseline -0.001 -12"><span class='ocrx_word' id='word_1_263' title='bbox 355 2016 514 2049; x_wconf 67' lang='lat' dir='ltr'>nm:</span> <span class='ocrx_word' id='word_1_264' title='bbox 541 2017 584 2049; x_wconf 84' lang='lat'>2.</span> <span class='ocrx_word' id='word_1_265' title='bbox 621 2013 752 2061; x_wconf 86' lang='lat' dir='ltr'>aquae</span> <span class='ocrx_word' id='word_1_266' title='bbox 776 1997 827 2045; x_wconf 88' lang='lat'>&amp;</span> <span class='ocrx_word' id='word_1_267' title='bbox 849 1997 1040 2044; x_wconf 89' lang='lat' dir='ltr'>flumina</span> <span class='ocrx_word' id='word_1_268' title='bbox 1062 2012 1148 2060; x_wconf 90' lang='lat' dir='ltr'>pro</span> <span class='ocrx_word' id='word_1_269' title='bbox 1187 1995 1546 2054; x_wconf 79' lang='lat' dir='ltr'>difficultatibuS‚</span> <span class='ocrx_word' id='word_1_270' title='bbox 1582 2008 1686 2044; x_wconf 89' lang='lat' dir='ltr'>tum</span> <span class='ocrx_word' id='word_1_271' title='bbox 1728 2011 1815 2060; x_wconf 91' lang='lat' dir='ltr'>pro</span> <span class='ocrx_word' id='word_1_272' title='bbox 1854 1993 1985 2042; x_wconf 75' lang='lat' dir='ltr'>falsis.</span> <span class='ocrx_word' id='word_1_273' title='bbox 2056 1997 2204 2059; x_wconf 92' lang='lat' dir='ltr'>Apud</span> <span class='ocrx_word' id='word_1_274' title='bbox 2244 1997 2373 2058; x_wconf 86' lang='lat' dir='ltr'>Jere-</span> 
     </span>
     <span class='ocr_line' id='line_1_26' title="bbox 348 2061 2371 2131; baseline 0 -18"><span class='ocrx_word' id='word_1_275' title='bbox 348 2070 515 2124; x_wconf 85' lang='lat' dir='ltr'>miam,</span> <span class='ocrx_word' id='word_1_276' title='bbox 553 2071 587 2093; x_wconf 93' lang='lat'>“</span> <span class='ocrx_word' id='word_1_277' title='bbox 613 2064 746 2131; x_wconf 82' lang='lat' dir='ltr'>Qid</span> <span class='ocrx_word' id='word_1_278' title='bbox 759 2063 842 2111; x_wconf 91' lang='lat' dir='ltr'>tibi</span> <span class='ocrx_word' id='word_1_279' title='bbox 864 2077 971 2111; x_wconf 89' lang='lat' dir='ltr'>cum</span> <span class='ocrx_word' id='word_1_280' title='bbox 990 2063 1065 2110; x_wconf 86' lang='lat' dir='ltr'>via</span> <span class='ocrx_word' id='word_1_281' title='bbox 1080 2063 1298 2127; x_wconf 89' lang='lat' dir='ltr'>AEgypti‚</span> <span class='ocrx_word' id='word_1_282' title='bbox 1333 2062 1390 2110; x_wconf 90' lang='lat' dir='ltr'>ad</span> <span class='ocrx_word' id='word_1_283' title='bbox 1408 2063 1663 2110; x_wconf 88' lang='lat' dir='ltr'>bibendum</span> <span class='ocrx_word' id='word_1_284' title='bbox 1684 2066 1833 2127; x_wconf 83' lang='lat' dir='ltr'>Aquas</span> <span class='ocrx_word' id='word_1_285' title='bbox 1854 2061 2111 2110; x_wconf 89' lang='lat' dir='ltr'>Schichoris</span> <span class='ocrx_word' id='word_1_286' title='bbox 2131 2086 2144 2119; x_wconf 88' lang='lat'>;</span> <span class='ocrx_word' id='word_1_287' title='bbox 2181 2063 2231 2111; x_wconf 87' lang='lat'>&amp;</span> <span class='ocrx_word' id='word_1_288' title='bbox 2254 2063 2371 2128; x_wconf 88' lang='lat' dir='ltr'>quid</span> 
     </span>
     <span class='ocr_line' id='line_1_27' title="bbox 354 2129 2370 2194; baseline -0.001 -12"><span class='ocrx_word' id='word_1_289' title='bbox 354 2133 438 2183; x_wconf 87' lang='lat' dir='ltr'>tibi</span> <span class='ocrx_word' id='word_1_290' title='bbox 477 2149 586 2182; x_wconf 89' lang='lat' dir='ltr'>cum</span> <span class='ocrx_word' id='word_1_291' title='bbox 610 2134 686 2180; x_wconf 90' lang='lat' dir='ltr'>via</span> <span class='ocrx_word' id='word_1_292' title='bbox 709 2130 944 2186; x_wconf 89' lang='lat' dir='ltr'>Aschuris,</span> <span class='ocrx_word' id='word_1_293' title='bbox 981 2130 1035 2177; x_wconf 91' lang='lat' dir='ltr'>ad</span> <span class='ocrx_word' id='word_1_294' title='bbox 1062 2129 1316 2178; x_wconf 89' lang='lat' dir='ltr'>bibendum</span> <span class='ocrx_word' id='word_1_295' title='bbox 1337 2131 1487 2194; x_wconf 82' lang='lat' dir='ltr'>Aquas</span> <span class='ocrx_word' id='word_1_296' title='bbox 1509 2130 1762 2186; x_wconf 89' lang='lat' dir='ltr'>fluminis,”</span> <span class='ocrx_word' id='word_1_297' title='bbox 1792 2146 1850 2176; x_wconf 87' lang='lat'>11.</span> <span class='ocrx_word' id='word_1_298' title='bbox 1883 2134 1956 2178; x_wconf 90' lang='lat'>18.</span> <span class='ocrx_word' id='word_1_299' title='bbox 1991 2145 2124 2193; x_wconf 84' lang='lat' dir='ltr'>aquae</span> <span class='ocrx_word' id='word_1_300' title='bbox 2146 2147 2231 2194; x_wconf 88' lang='lat' dir='ltr'>pro</span> <span class='ocrx_word' id='word_1_301' title='bbox 2254 2130 2370 2179; x_wconf 77' lang='lat' dir='ltr'>falsis</span> 
     </span>
     <span class='ocr_line' id='line_1_28' title="bbox 352 2195 2362 2262; baseline -0.001 -13"><span class='ocrx_word' id='word_1_302' title='bbox 352 2217 412 2251; x_wconf 83' lang='lat' dir='ltr'>ex</span> <span class='ocrx_word' id='word_1_303' title='bbox 443 2198 698 2248; x_wconf 77' lang='lat' dir='ltr'>ratiociniis·</span> <span class='ocrx_word' id='word_1_304' title='bbox 725 2232 729 2233; x_wconf 25' lang='grc' dir='ltr'><em>ν</em></span> <span class='ocrx_word' id='word_1_305' title='bbox 769 2197 918 2262; x_wconf 91' lang='lat' dir='ltr'>Apud</span> <span class='ocrx_word' id='word_1_306' title='bbox 940 2196 1175 2254; x_wconf 90' lang='lat' dir='ltr'>Eundem,</span> <span class='ocrx_word' id='word_1_307' title='bbox 1214 2203 1249 2225; x_wconf 90' lang='lat'><strong>“</strong></span> <span class='ocrx_word' id='word_1_308' title='bbox 1273 2198 1396 2262; x_wconf 84' lang='lat' dir='ltr'>Qis</span> <span class='ocrx_word' id='word_1_309' title='bbox 1418 2197 1492 2244; x_wconf 89' lang='lat' dir='ltr'>hic</span> <span class='ocrx_word' id='word_1_310' title='bbox 1515 2196 1629 2244; x_wconf 79' lang='lat' dir='ltr'>sicut</span> <span class='ocrx_word' id='word_1_311' title='bbox 1653 2196 1825 2244; x_wconf 84' lang='lat' dir='ltr'>Flumen</span> <span class='ocrx_word' id='word_1_312' title='bbox 1864 2195 2076 2254; x_wconf 90' lang='lat' dir='ltr'>ascendit,</span> <span class='ocrx_word' id='word_1_313' title='bbox 2112 2197 2227 2245; x_wconf 85' lang='lat' dir='ltr'>ficut</span> <span class='ocrx_word' id='word_1_314' title='bbox 2257 2199 2362 2246; x_wconf 91' lang='lat' dir='ltr'>Flu-</span> 
     </span>
     <span class='ocr_line' id='line_1_29' title="bbox 354 2262 2369 2330; baseline -0 -15"><span class='ocrx_word' id='word_1_315' title='bbox 354 2274 390 2299; x_wconf 85' lang='lat'>“</span> <span class='ocrx_word' id='word_1_316' title='bbox 422 2269 538 2315; x_wconf 85' lang='lat' dir='ltr'>mina</span> <span class='ocrx_word' id='word_1_317' title='bbox 576 2277 932 2314; x_wconf 84' lang='lat' dir='ltr'>commoventur</span> <span class='ocrx_word' id='word_1_318' title='bbox 973 2265 1109 2318; x_wconf 74' lang='lat' dir='ltr'>Aauae</span> <span class='ocrx_word' id='word_1_319' title='bbox 1140 2263 1269 2330; x_wconf 90' lang='lat' dir='ltr'>ejus·,</span> <span class='ocrx_word' id='word_1_320' title='bbox 1318 2264 1556 2329; x_wconf 84' lang='lat' dir='ltr'>IEgyptus</span> <span class='ocrx_word' id='word_1_321' title='bbox 1586 2264 1698 2312; x_wconf 87' lang='lat' dir='ltr'>ficut</span> <span class='ocrx_word' id='word_1_322' title='bbox 1720 2263 1896 2316; x_wconf 84' lang='lat' dir='ltr'>Flumen</span> <span class='ocrx_word' id='word_1_323' title='bbox 1918 2262 2132 2322; x_wconf 90' lang='lat' dir='ltr'>ascendit,</span> <span class='ocrx_word' id='word_1_324' title='bbox 2167 2265 2218 2313; x_wconf 87' lang='lat'>&amp;</span> <span class='ocrx_word' id='word_1_325' title='bbox 2255 2265 2369 2314; x_wconf 85' lang='lat' dir='ltr'>ficut</span> 
     </span>
     <span class='ocr_line' id='line_1_30' title="bbox 355 2320 2369 2396; baseline -0.001 -14"><span class='ocrx_word' id='word_1_326' title='bbox 355 2339 390 2367; x_wconf 84' lang='lat'>⁸‘</span> <span class='ocrx_word' id='word_1_327' title='bbox 424 2333 621 2382; x_wconf 80' lang='lat' dir='ltr'>Flumina</span> <span class='ocrx_word' id='word_1_328' title='bbox 644 2342 1000 2380; x_wconf 87' lang='lat' dir='ltr'>commoventur</span> <span class='ocrx_word' id='word_1_329' title='bbox 1018 2320 1171 2396; x_wconf 61' lang='lat' dir='ltr'>Aquae,</span> <span class='ocrx_word' id='word_1_330' title='bbox 1207 2333 1257 2380; x_wconf 86' lang='lat'>&amp;</span> <span class='ocrx_word' id='word_1_331' title='bbox 1289 2331 1422 2389; x_wconf 84' lang='lat' dir='ltr'>dixit,</span> <span class='ocrx_word' id='word_1_332' title='bbox 1458 2331 1710 2389; x_wconf 86' lang='lat' dir='ltr'>ascendam,</span> <span class='ocrx_word' id='word_1_333' title='bbox 1744 2333 1930 2394; x_wconf 88' lang='lat' dir='ltr'>operiam</span> <span class='ocrx_word' id='word_1_334' title='bbox 1955 2341 2137 2390; x_wconf 81' lang='lat' dir='ltr'>terram,</span> <span class='ocrx_word' id='word_1_335' title='bbox 2176 2332 2369 2396; x_wconf 87' lang='lat' dir='ltr'>perdam</span> 
     </span>
     <span class='ocr_line' id='line_1_31' title="bbox 355 2397 2366 2463; baseline 0 -15"><span class='ocrx_word' id='word_1_336' title='bbox 355 2407 391 2433; x_wconf 89' lang='lat'>“</span> <span class='ocrx_word' id='word_1_337' title='bbox 425 2398 604 2456; x_wconf 80' lang='lat' dir='ltr'>urbem,</span> <span class='ocrx_word' id='word_1_338' title='bbox 639 2399 689 2446; x_wconf 74' lang='grc' dir='ltr'>ὅτ</span> <span class='ocrx_word' id='word_1_339' title='bbox 714 2397 960 2447; x_wconf 88' lang='lat' dir='ltr'>habitantes</span> <span class='ocrx_word' id='word_1_340' title='bbox 983 2399 1030 2445; x_wconf 92' lang='lat' dir='ltr'>in</span> <span class='ocrx_word' id='word_1_341' title='bbox 1053 2400 1153 2456; x_wconf 89' lang='lat' dir='ltr'>ea,”</span> <span class='ocrx_word' id='word_1_342' title='bbox 1172 2414 1320 2447; x_wconf 77' lang='lat' dir='ltr'>va1:</span> <span class='ocrx_word' id='word_1_343' title='bbox 1350 2414 1395 2463; x_wconf 88' lang='lat'>7,</span> <span class='ocrx_word' id='word_1_344' title='bbox 1425 2406 1466 2446; x_wconf 91' lang='lat'>8.</span> <span class='ocrx_word' id='word_1_345' title='bbox 1502 2415 1633 2462; x_wconf 86' lang='lat' dir='ltr'>aquae</span> <span class='ocrx_word' id='word_1_346' title='bbox 1656 2414 1742 2462; x_wconf 90' lang='lat' dir='ltr'>pro</span> <span class='ocrx_word' id='word_1_347' title='bbox 1763 2397 1880 2446; x_wconf 80' lang='lat' dir='ltr'>fallis</span> <span class='ocrx_word' id='word_1_348' title='bbox 1902 2415 1959 2447; x_wconf 83' lang='lat' dir='ltr'>ex</span> <span class='ocrx_word' id='word_1_349' title='bbox 1981 2398 2238 2447; x_wconf 90' lang='lat' dir='ltr'>ratiociniis.</span> <span class='ocrx_word' id='word_1_350' title='bbox 2294 2402 2366 2448; x_wconf 89' lang='lat' dir='ltr'>A·</span> 
     </span>
     <span class='ocr_line' id='line_1_32' title="bbox 352 2464 2365 2536; baseline -0 -20"><span class='ocrx_word' id='word_1_351' title='bbox 352 2468 451 2536; x_wconf 86' lang='lat' dir='ltr'>pud</span> <span class='ocrx_word' id='word_1_352' title='bbox 473 2465 781 2522; x_wconf 87' lang='lat' dir='ltr'>Ezechielem,</span> <span class='ocrx_word' id='word_1_353' title='bbox 819 2469 856 2492; x_wconf 93' lang='lat'>“</span> <span class='ocrx_word' id='word_1_354' title='bbox 877 2465 952 2513; x_wconf 92' lang='lat' dir='ltr'>Sic</span> <span class='ocrx_word' id='word_1_355' title='bbox 979 2464 1097 2512; x_wconf 89' lang='lat' dir='ltr'>dixit</span> <span class='ocrx_word' id='word_1_356' title='bbox 1118 2466 1352 2514; x_wconf 90' lang='lat' dir='ltr'>Dominus</span> <span class='ocrx_word' id='word_1_357' title='bbox 1375 2465 1593 2528; x_wconf 78' lang='lat' dir='ltr'>jehovih,</span> <span class='ocrx_word' id='word_1_358' title='bbox 1629 2481 1739 2522; x_wconf 89' lang='lat' dir='ltr'>curn</span> <span class='ocrx_word' id='word_1_359' title='bbox 1763 2465 1933 2514; x_wconf 90' lang='lat' dir='ltr'>dedero</span> <span class='ocrx_word' id='word_1_360' title='bbox 1971 2477 2015 2513; x_wconf 94' lang='lat' dir='ltr'>te</span> <span class='ocrx_word' id='word_1_361' title='bbox 2038 2466 2199 2514; x_wconf 87' lang='lat' dir='ltr'>urbem</span> <span class='ocrx_word' id='word_1_362' title='bbox 2222 2465 2365 2515; x_wconf 83' lang='lat' dir='ltr'>vasta-</span> 
     </span>
     <span class='ocr_line' id='line_1_33' title="bbox 354 2530 2362 2597; baseline -0.001 -14"><span class='ocrx_word' id='word_1_363' title='bbox 354 2544 388 2567; x_wconf 90' lang='lat'>“</span> <span class='ocrx_word' id='word_1_364' title='bbox 423 2547 534 2590; x_wconf 87' lang='lat' dir='ltr'>tam,</span> <span class='ocrx_word' id='word_1_365' title='bbox 569 2532 685 2580; x_wconf 86' lang='lat' dir='ltr'>ficut</span> <span class='ocrx_word' id='word_1_366' title='bbox 706 2530 856 2588; x_wconf 84' lang='lat' dir='ltr'>urbes,</span> <span class='ocrx_word' id='word_1_367' title='bbox 890 2547 998 2594; x_wconf 86' lang='lat' dir='ltr'>quae</span> <span class='ocrx_word' id='word_1_368' title='bbox 1021 2547 1113 2579; x_wconf 90' lang='lat' dir='ltr'>non</span> <span class='ocrx_word' id='word_1_369' title='bbox 1136 2532 1410 2590; x_wconf 88' lang='lat' dir='ltr'>habitantur,</span> <span class='ocrx_word' id='word_1_370' title='bbox 1445 2548 1555 2580; x_wconf 90' lang='lat' dir='ltr'>cum</span> <span class='ocrx_word' id='word_1_371' title='bbox 1593 2531 1826 2580; x_wconf 89' lang='lat' dir='ltr'>ascendere</span> <span class='ocrx_word' id='word_1_372' title='bbox 1864 2531 2014 2580; x_wconf 91' lang='lat' dir='ltr'>fecero</span> <span class='ocrx_word' id='word_1_373' title='bbox 2065 2533 2195 2597; x_wconf 89' lang='lat' dir='ltr'>supra</span> <span class='ocrx_word' id='word_1_374' title='bbox 2230 2545 2276 2582; x_wconf 92' lang='lat' dir='ltr'>te</span> <span class='ocrx_word' id='word_1_375' title='bbox 2312 2551 2362 2581; x_wconf 82' lang='lat' dir='ltr'>a·</span> 
     </span>
     <span class='ocr_line' id='line_1_34' title="bbox 353 2597 2362 2664; baseline 0 -18"><span class='ocrx_word' id='word_1_376' title='bbox 353 2611 388 2633; x_wconf 82' lang='lat'>⁸‘</span> <span class='ocrx_word' id='word_1_377' title='bbox 422 2598 589 2664; x_wconf 85' lang='lat' dir='ltr'>byffum,</span> <span class='ocrx_word' id='word_1_378' title='bbox 625 2599 675 2647; x_wconf 85' lang='lat'>&amp;</span> <span class='ocrx_word' id='word_1_379' title='bbox 699 2599 938 2661; x_wconf 82' lang='lat' dir='ltr'>operuerint</span> <span class='ocrx_word' id='word_1_380' title='bbox 961 2607 1004 2646; x_wconf 84' lang='lat' dir='ltr'>te</span> <span class='ocrx_word' id='word_1_381' title='bbox 1026 2600 1161 2661; x_wconf 87' lang='lat' dir='ltr'>Aquae</span> <span class='ocrx_word' id='word_1_382' title='bbox 1182 2599 1344 2657; x_wconf 83' lang='lat' dir='ltr'>multae,</span> <span class='ocrx_word' id='word_1_383' title='bbox 1391 2600 1442 2647; x_wconf 74' lang='grc' dir='ltr'>δε</span> <span class='ocrx_word' id='word_1_384' title='bbox 1472 2597 1739 2647; x_wconf 85' lang='lat' dir='ltr'>descendere</span> <span class='ocrx_word' id='word_1_385' title='bbox 1775 2612 1821 2647; x_wconf 92' lang='lat' dir='ltr'>te</span> <span class='ocrx_word' id='word_1_386' title='bbox 1859 2598 2009 2647; x_wconf 85' lang='lat' dir='ltr'>fecero</span> <span class='ocrx_word' id='word_1_387' title='bbox 2047 2616 2157 2647; x_wconf 89' lang='lat' dir='ltr'>cum</span> <span class='ocrx_word' id='word_1_388' title='bbox 2180 2599 2362 2647; x_wconf 88' lang='lat' dir='ltr'>descen-</span> 
     </span>
     <span class='ocr_line' id='line_1_35' title="bbox 353 2663 2401 2730; baseline -0.001 -14"><span class='ocrx_word' id='word_1_389' title='bbox 353 2677 393 2699; x_wconf 67' lang='lat'>“&#39;</span> <span class='ocrx_word' id='word_1_390' title='bbox 421 2665 633 2717; x_wconf 92' lang='lat' dir='ltr'>dentibus</span> <span class='ocrx_word' id='word_1_391' title='bbox 656 2667 703 2713; x_wconf 92' lang='lat' dir='ltr'>in</span> <span class='ocrx_word' id='word_1_392' title='bbox 737 2663 967 2722; x_wconf 88' lang='lat' dir='ltr'>foveam,’&#39;</span> <span class='ocrx_word' id='word_1_393' title='bbox 992 2679 1138 2714; x_wconf 72' lang='lat' dir='ltr'>xxvi:</span> <span class='ocrx_word' id='word_1_394' title='bbox 1159 2688 1161 2690; x_wconf 95' lang='lat'>·</span> <span class='ocrx_word' id='word_1_395' title='bbox 1180 2683 1252 2729; x_wconf 87' lang='lat'>19.</span> <span class='ocrx_word' id='word_1_396' title='bbox 1279 2667 1284 2671; x_wconf 85' lang='grc'><strong>”</strong></span> <span class='ocrx_word' id='word_1_397' title='bbox 1309 2667 1466 2730; x_wconf 84' lang='lat' dir='ltr'>Aquae</span> <span class='ocrx_word' id='word_1_398' title='bbox 1503 2681 1590 2729; x_wconf 91' lang='lat' dir='ltr'>pro</span> <span class='ocrx_word' id='word_1_399' title='bbox 1625 2666 1756 2713; x_wconf 86' lang='lat' dir='ltr'>malis</span> <span class='ocrx_word' id='word_1_400' title='bbox 1783 2665 1986 2713; x_wconf 77' lang='lat' dir='ltr'>&amp;falsis</span> <span class='ocrx_word' id='word_1_401' title='bbox 2022 2667 2141 2714; x_wconf 86' lang='lat' dir='ltr'>inde.</span> <span class='ocrx_word' id='word_1_402' title='bbox 2211 2666 2362 2730; x_wconf 90' lang='lat' dir='ltr'>Apud</span> <span class='ocrx_word' id='word_1_403' title='bbox 2397 2685 2401 2688; x_wconf 89' lang='grc'><em>·</em></span> 
     </span>
     <span class='ocr_line' id='line_1_36' title="bbox 350 2730 2360 2797; baseline -0.001 -12"><span class='ocrx_word' id='word_1_404' title='bbox 350 2731 610 2790; x_wconf 83' lang='lat' dir='ltr'>Habakuk,</span> <span class='ocrx_word' id='word_1_405' title='bbox 663 2737 698 2760; x_wconf 74' lang='lat'>‘⁶</span> <span class='ocrx_word' id='word_1_406' title='bbox 722 2730 912 2779; x_wconf 88' lang='lat' dir='ltr'>Calcasti</span> <span class='ocrx_word' id='word_1_407' title='bbox 935 2747 1051 2779; x_wconf 83' lang='lat' dir='ltr'>mare</span> <span class='ocrx_word' id='word_1_408' title='bbox 1085 2731 1213 2795; x_wconf 88' lang='lat' dir='ltr'>equis</span> <span class='ocrx_word' id='word_1_409' title='bbox 1253 2732 1360 2789; x_wconf 92' lang='lat' dir='ltr'>tuis,</span> <span class='ocrx_word' id='word_1_410' title='bbox 1395 2731 1550 2779; x_wconf 86' lang='lat' dir='ltr'>lutum</span> <span class='ocrx_word' id='word_1_411' title='bbox 1572 2734 1794 2796; x_wconf 86' lang='lat' dir='ltr'>Aquarum</span> <span class='ocrx_word' id='word_1_412' title='bbox 1823 2733 2126 2790; x_wconf 86' lang='lat' dir='ltr'>multarum‚’&#39;</span> <span class='ocrx_word' id='word_1_413' title='bbox 2162 2750 2246 2780; x_wconf 90' lang='lat'>111.</span> <span class='ocrx_word' id='word_1_414' title='bbox 2285 2750 2360 2797; x_wconf 85' lang='lat'>15.</span> 
     </span>
     <span class='ocr_line' id='line_1_37' title="bbox 350 2795 2360 2867; baseline -0 -18"><span class='ocrx_word' id='word_1_415' title='bbox 350 2818 482 2867; x_wconf 88' lang='lat' dir='ltr'>aquae</span> <span class='ocrx_word' id='word_1_416' title='bbox 501 2816 589 2865; x_wconf 88' lang='lat' dir='ltr'>pro</span> <span class='ocrx_word' id='word_1_417' title='bbox 610 2796 741 2847; x_wconf 80' lang='lat' dir='ltr'>falsis.</span> <span class='ocrx_word' id='word_1_418' title='bbox 813 2798 961 2862; x_wconf 89' lang='lat' dir='ltr'>Apud</span> <span class='ocrx_word' id='word_1_419' title='bbox 984 2797 1261 2860; x_wconf 83' lang='lat' dir='ltr'>Johannem,</span> <span class='ocrx_word' id='word_1_420' title='bbox 1299 2803 1333 2826; x_wconf 93' lang='lat'><strong>“</strong></span> <span class='ocrx_word' id='word_1_421' title='bbox 1356 2795 1508 2861; x_wconf 89' lang='lat' dir='ltr'>Ejecit</span> <span class='ocrx_word' id='word_1_422' title='bbox 1530 2798 1669 2846; x_wconf 90' lang='lat' dir='ltr'>draco</span> <span class='ocrx_word' id='word_1_423' title='bbox 1708 2798 1809 2862; x_wconf 90' lang='lat' dir='ltr'>post</span> <span class='ocrx_word' id='word_1_424' title='bbox 1832 2799 2070 2847; x_wconf 89' lang='lat' dir='ltr'>mulierem</span> <span class='ocrx_word' id='word_1_425' title='bbox 2102 2815 2157 2847; x_wconf 88' lang='lat' dir='ltr'>ex</span> <span class='ocrx_word' id='word_1_426' title='bbox 2177 2814 2256 2847; x_wconf 89' lang='lat' dir='ltr'>ore</span> <span class='ocrx_word' id='word_1_427' title='bbox 2279 2800 2360 2848; x_wconf 92' lang='lat' dir='ltr'>suo</span> 
     </span>
     <span class='ocr_line' id='line_1_38' title="bbox 353 2864 2458 2933; baseline 0 -17"><span class='ocrx_word' id='word_1_428' title='bbox 353 2873 388 2896; x_wconf 90' lang='lat'>“</span> <span class='ocrx_word' id='word_1_429' title='bbox 414 2869 588 2933; x_wconf 78' lang='lat' dir='ltr'>&#39;Aquam</span> <span class='ocrx_word' id='word_1_430' title='bbox 612 2866 726 2914; x_wconf 86' lang='lat' dir='ltr'>ficut</span> <span class='ocrx_word' id='word_1_431' title='bbox 733 2864 947 2928; x_wconf 82' lang='lat' dir='ltr'>fluvium,</span> <span class='ocrx_word' id='word_1_432' title='bbox 982 2876 1035 2913; x_wconf 90' lang='lat' dir='ltr'>ut</span> <span class='ocrx_word' id='word_1_433' title='bbox 1050 2881 1150 2913; x_wconf 66' lang='lat' dir='ltr'>mm</span> <span class='ocrx_word' id='word_1_434' title='bbox 1183 2882 1208 2912; x_wconf 91' lang='lat' dir='ltr'>a</span> <span class='ocrx_word' id='word_1_435' title='bbox 1217 2865 1398 2927; x_wconf 87' lang='lat' dir='ltr'>flumine</span> <span class='ocrx_word' id='word_1_436' title='bbox 1419 2864 1674 2929; x_wconf 90' lang='lat' dir='ltr'>absorptam</span> <span class='ocrx_word' id='word_1_437' title='bbox 1698 2864 1880 2922; x_wconf 87' lang='lat' dir='ltr'>faceret,</span> <span class='ocrx_word' id='word_1_438' title='bbox 1897 2866 1926 2886; x_wconf 91' lang='lat'>’&#39;</span> <span class='ocrx_word' id='word_1_439' title='bbox 1953 2869 2120 2930; x_wconf 87' lang='lat' dir='ltr'>Apoc:</span> <span class='ocrx_word' id='word_1_440' title='bbox 2145 2881 2221 2915; x_wconf 83' lang='lat' dir='ltr'>x11</span> <span class='ocrx_word' id='word_1_441' title='bbox 2241 2886 2250 2914; x_wconf 93' lang='lat'>:</span> <span class='ocrx_word' id='word_1_442' title='bbox 2284 2885 2361 2930; x_wconf 85' lang='lat'>15,</span> <span class='ocrx_word' id='word_1_443' title='bbox 2454 2900 2458 2905; x_wconf 80' lang='lat'>,</span> 
     </span>
     <span class='ocr_line' id='line_1_39' title="bbox 358 2929 2362 2998; baseline -0 -15"><span class='ocrx_word' id='word_1_444' title='bbox 358 2935 430 2984; x_wconf 80' lang='lat'>16.</span> <span class='ocrx_word' id='word_1_445' title='bbox 466 2933 546 2981; x_wconf 92' lang='lat' dir='ltr'>ubi</span> <span class='ocrx_word' id='word_1_446' title='bbox 568 2949 700 2996; x_wconf 85' lang='lat' dir='ltr'>aquae</span> <span class='ocrx_word' id='word_1_447' title='bbox 722 2947 809 2998; x_wconf 88' lang='lat' dir='ltr'>pro</span> <span class='ocrx_word' id='word_1_448' title='bbox 831 2929 948 2980; x_wconf 86' lang='lat' dir='ltr'>falfis</span> <span class='ocrx_word' id='word_1_449' title='bbox 970 2932 1021 2980; x_wconf 75' lang='grc' dir='ltr'>δε</span> <span class='ocrx_word' id='word_1_450' title='bbox 1053 2932 1315 2980; x_wconf 88' lang='lat' dir='ltr'>mendaciis.</span> <span class='ocrx_word' id='word_1_451' title='bbox 1386 2931 1535 2996; x_wconf 80' lang='lat' dir='ltr'>Apud</span> <span class='ocrx_word' id='word_1_452' title='bbox 1566 2931 1819 2989; x_wconf 85' lang='lat' dir='ltr'>Davidem,</span> <span class='ocrx_word' id='word_1_453' title='bbox 1854 2937 1889 2959; x_wconf 91' lang='lat'><strong>“</strong></span> <span class='ocrx_word' id='word_1_454' title='bbox 1912 2932 2055 2980; x_wconf 90' lang='lat' dir='ltr'>Mitte</span> <span class='ocrx_word' id='word_1_455' title='bbox 2081 2949 2240 2981; x_wconf 90' lang='lat' dir='ltr'>manus</span> <span class='ocrx_word' id='word_1_456' title='bbox 2262 2947 2362 2982; x_wconf 89' lang='lat' dir='ltr'>tuas</span> 
     </span>
     <span class='ocr_line' id='line_1_40' title="bbox 351 2998 2358 3065; baseline 0 -18"><span class='ocrx_word' id='word_1_457' title='bbox 351 3006 387 3030; x_wconf 87' lang='lat'><strong>“</strong></span> <span class='ocrx_word' id='word_1_458' title='bbox 422 2999 479 3047; x_wconf 89' lang='lat' dir='ltr'>de</span> <span class='ocrx_word' id='word_1_459' title='bbox 500 2999 608 3055; x_wconf 88' lang='lat' dir='ltr'>alto,</span> <span class='ocrx_word' id='word_1_460' title='bbox 643 2999 766 3063; x_wconf 89' lang='lat' dir='ltr'>eripe</span> <span class='ocrx_word' id='word_1_461' title='bbox 789 3013 882 3056; x_wconf 85' lang='lat' dir='ltr'>me,</span> <span class='ocrx_word' id='word_1_462' title='bbox 918 2999 966 3047; x_wconf 75' lang='grc' dir='ltr'>ὅτ</span> <span class='ocrx_word' id='word_1_463' title='bbox 993 2998 1131 3048; x_wconf 90' lang='lat' dir='ltr'>libera</span> <span class='ocrx_word' id='word_1_464' title='bbox 1154 3015 1229 3047; x_wconf 89' lang='lat' dir='ltr'>me</span> <span class='ocrx_word' id='word_1_465' title='bbox 1267 3015 1324 3046; x_wconf 84' lang='lat' dir='ltr'>ex</span> <span class='ocrx_word' id='word_1_466' title='bbox 1347 3000 1484 3063; x_wconf 88' lang='lat' dir='ltr'>Aquis</span> <span class='ocrx_word' id='word_1_467' title='bbox 1506 2999 1667 3056; x_wconf 89' lang='lat' dir='ltr'>multis,</span> <span class='ocrx_word' id='word_1_468' title='bbox 1703 3015 1728 3045; x_wconf 92' lang='lat' dir='ltr'>e</span> <span class='ocrx_word' id='word_1_469' title='bbox 1751 3015 1891 3047; x_wconf 89' lang='lat' dir='ltr'>manu</span> <span class='ocrx_word' id='word_1_470' title='bbox 1921 2999 2122 3048; x_wconf 89' lang='lat' dir='ltr'>filiorum</span> <span class='ocrx_word' id='word_1_471' title='bbox 2147 3001 2358 3065; x_wconf 89' lang='lat' dir='ltr'>alienige-</span> 
     </span>
     <span class='ocr_line' id='line_1_41' title="bbox 353 3065 2356 3130; baseline 0 -17"><span class='ocrx_word' id='word_1_472' title='bbox 353 3073 387 3096; x_wconf 87' lang='lat'><strong>“</strong></span> <span class='ocrx_word' id='word_1_473' title='bbox 422 3082 512 3121; x_wconf 87' lang='lat' dir='ltr'>nae,</span> <span class='ocrx_word' id='word_1_474' title='bbox 548 3080 748 3128; x_wconf 88' lang='lat' dir='ltr'>quorum</span> <span class='ocrx_word' id='word_1_475' title='bbox 771 3080 823 3112; x_wconf 93' lang='lat' dir='ltr'>os</span> <span class='ocrx_word' id='word_1_476' title='bbox 855 3065 1059 3129; x_wconf 91' lang='lat' dir='ltr'>loquitur</span> <span class='ocrx_word' id='word_1_477' title='bbox 1081 3066 1355 3123; x_wconf 85' lang='lat' dir='ltr'>mendacium,</span> <span class='ocrx_word' id='word_1_478' title='bbox 1390 3067 1440 3114; x_wconf 76' lang='grc' dir='ltr'>ὅτ</span> <span class='ocrx_word' id='word_1_479' title='bbox 1479 3066 1638 3113; x_wconf 86' lang='lat' dir='ltr'>dextra</span> <span class='ocrx_word' id='word_1_480' title='bbox 1676 3081 1836 3114; x_wconf 82' lang='lat' dir='ltr'>eorum</span> <span class='ocrx_word' id='word_1_481' title='bbox 1885 3066 2044 3115; x_wconf 86' lang='lat' dir='ltr'>dextra</span> <span class='ocrx_word' id='word_1_482' title='bbox 2076 3067 2306 3130; x_wconf 65' lang='lat' dir='ltr'>suffitum,</span> <span class='ocrx_word' id='word_1_483' title='bbox 2325 3068 2356 3088; x_wconf 92' lang='lat'>&#39;’</span> 
     </span>
     <span class='ocr_line' id='line_1_42' title="bbox 347 3130 2357 3199; baseline -0.002 -15"><span class='ocrx_word' id='word_1_484' title='bbox 347 3132 526 3183; x_wconf 88' lang='lat' dir='ltr'>Psalm:</span> <span class='ocrx_word' id='word_1_485' title='bbox 565 3140 741 3179; x_wconf 65' lang='lat' dir='ltr'>cxmv‘:</span> <span class='ocrx_word' id='word_1_486' title='bbox 777 3145 824 3194; x_wconf 92' lang='lat'>7,</span> <span class='ocrx_word' id='word_1_487' title='bbox 863 3135 908 3179; x_wconf 92' lang='lat'>8.</span> <span class='ocrx_word' id='word_1_488' title='bbox 944 3131 1023 3180; x_wconf 89' lang='lat' dir='ltr'>ubi</span> <span class='ocrx_word' id='word_1_489' title='bbox 1056 3149 1188 3198; x_wconf 85' lang='lat' dir='ltr'>aquae</span> <span class='ocrx_word' id='word_1_490' title='bbox 1229 3133 1390 3182; x_wconf 86' lang='lat' dir='ltr'>multae</span> <span class='ocrx_word' id='word_1_491' title='bbox 1432 3130 1662 3182; x_wconf 83' lang='lat' dir='ltr'>manifeste</span> <span class='ocrx_word' id='word_1_492' title='bbox 1680 3148 1768 3199; x_wconf 88' lang='lat' dir='ltr'>pro</span> <span class='ocrx_word' id='word_1_493' title='bbox 1799 3130 1949 3192; x_wconf 65' lang='lat' dir='ltr'>falsm,</span> <span class='ocrx_word' id='word_1_494' title='bbox 1982 3133 2063 3182; x_wconf 83' lang='lat' dir='ltr'>filii</span> <span class='ocrx_word' id='word_1_495' title='bbox 2095 3133 2357 3197; x_wconf 76' lang='lat' dir='ltr'>alienigenae</span> 
     </span>
     <span class='ocr_line' id='line_1_43' title="bbox 348 3195 1906 3266; baseline -0.001 -17"><span class='ocrx_word' id='word_1_496' title='bbox 348 3214 535 3266; x_wconf 88' lang='lat' dir='ltr'>quoque</span> <span class='ocrx_word' id='word_1_497' title='bbox 564 3196 817 3260; x_wconf 84' lang='lat' dir='ltr'>fignificant</span> <span class='ocrx_word' id='word_1_498' title='bbox 853 3195 970 3247; x_wconf 86' lang='lat' dir='ltr'>falsa.</span> <span class='ocrx_word' id='word_1_499' title='bbox 1013 3234 1018 3239; x_wconf 81' lang='lat'>-</span> <span class='ocrx_word' id='word_1_500' title='bbox 1080 3235 1082 3237; x_wconf 87' lang='lat'>-</span> <span class='ocrx_word' id='word_1_501' title='bbox 1904 3216 1906 3219; x_wconf 70' lang='grc'>’</span> 
     </span>
    </p>
   </div>
   <div class='ocr_carea' id='block_1_5' title="bbox 2246 3342 2360 3396">
    <p class='ocr_par' dir='ltr' id='par_1_5' title="bbox 2246 3342 2360 3396">
     <span class='ocr_line' id='line_1_44' title="bbox 2246 3342 2360 3396; baseline -0.053 0"><span class='ocrx_word' id='word_1_502' title='bbox 2246 3342 2360 3396; x_wconf 87' lang='lat'>791·</span> 
     </span>
    </p>
   </div>
  </div>
 </body>
</html>
