2788 3736
410 248 669 361 560.'
910 222 1870 336 GE‘NsEVSIS'h.

399 415 499 447 rem
523 397 588 446 sui
613 397 659 445 &
680 393 857 452 mundi,
893 393 998 441 inde
1014 391 1211 442 constare
1233 391 1395 458 potest,
1432 391 1543 456 quid
1567 390 1844 456 fignificatur
1865 409 1946 457 per
1981 393 2045 452 id,
2078 399 2205 461 quod
2226 397 2394 448 Domi-

404 482 488 513 nus
512 465 672 511 duetus
694 479 719 509 a
742 460 922 508 diabolo
946 460 1075 524 super
1110 472 1315 507 montem
1338 460 1481 507 altum
1505 458 1555 506 ὅτ
1586 459 1716 523 super
1738 461 1925 523 pinnam
1949 462 2126 525 templi,
2162 473 2325 530 nempe
2348 469 2395 514 in

394 532 614 578 'omnium
651 540 869 575 extremas
894 529 1195 575 tentationum
1219 542 1398 590 pugnas
1423 537 1579 572 contra
1601 541 1776 573 amores
1807 525 1872 578 sui
1911 526 1962 574 δε
1986 527 2166 585 mundi,
2203 530 2289 579 hoc
2313 533 2395 590 est,

404 608 557 643 contra
580 592 763 641 inferna.
838 594 1026 641 Montes
1049 594 1184 641 etiam
1208 593 1255 639 in
1279 591 1489 656 opposito
1513 590 1652 649 sensu,
1688 604 1740 639 ut
1757 591 1959 650 solitum,
1994 592 2249 657 fignificant
2271 613 2395 646 amo-

405 677 502 709 rem
518 659 745 707 coelestem
770 660 817 707 &
844 658 1137 724 spiritualem,
1172 670 1225 706 ut
1255 657 1480 715 ostensum
1516 659 1658 721 prius,
1694 675 1758 707 n:
1799 675 1912 724 795,
1951 661 2059 723 796.

476 727 613 788 1692.
653 725 788 791 Qicl
810 726 1103 779 Tentationes
1127 724 1199 771 seu
1225 741 1397 788 pugnae
1427 725 1730 772 tentationum
1753 725 1971 781 efficiunt,
2008 727 2089 773 vix
2111 727 2270 792 aliquis
2294 727 2399 779 scire

403 792 582 857 potest;
618 790 719 839 sunt
758 791 832 840 illa
871 792 1021 840 media
1043 791 1207 854 quibus
1247 790 1530 838 resolvuntur
1566 791 1617 838 δε
1651 789 1952 838 discutiuntur
1975 792 2091 839 mala
2120 794 2168 840 δε
2193 793 2312 851 falsa,
2347 797 2397 845 δε

405 858 569 921 quibus
593 858 823 906 inducitur
843 873 928 921 pro
968 857 1051 904 illis
1092 857 1266 914 horror,
1301 857 1351 904 δε
1375 873 1467 904 non
1493 856 1636 904 modo
1665 857 1797 904 datur
1820 856 1894 904 sed
1917 858 2053 905 etiam
2086 859 2401 910 corroboratur

405 923 687 981 conscientia,
722 925 772 972 δε
795 923 855 971 s1c
869 935 1151 987 regeneratur
1174 923 1346 979 homo3
1381 939 1488 986 quae
1507 922 1635 970 causa
1655 923 1736 981 est,
1771 922 1915 987 quod,
1951 926 2033 988 qui
2063 940 2395 989 regenerantur,

406 992 642 1038 mittantur
664 991 709 1037 in
726 1005 917 1053 pugnas,
953 991 1002 1037 &
1026 989 1205 1039 subeant
1228 990 1492 1037 tentationes
1513 1011 1528 1044 ·‚
1553 989 1602 1037 &
1620 992 1700 1054 quui
1725 1006 1816 1038 non
1835 991 1881 1037 in
1897 990 1989 1037 vita
2012 993 2229 1054 corporis,
2266 993 2329 1040 illi
2349 995 2397 1041 in

408 1056 541 1104 altera
581 1059 688 1113 vita,
723 1056 757 1102 fi
781 1055 887 1102 tales
911 1056 996 1103 s1nt
1025 1068 1077 1102 ut
1111 1056 1359 1118 regenerari
1382 1067 1578 1118 queant;
1613 1072 1749 1118 quare
1772 1055 1971 1103 Ecclefia
1993 1057 2186 1105 Domini
2210 1070 2400 1110 vocatur

406 1137 644 1186 pugnans:
682 1120 755 1168 sed
779 1121 910 1168 Solus
934 1123 1164 1169 Dominus
1184 1138 1243 1168 ex
1268 1123 1461 1185 propriis
1478 1119 1650 1167 viribus
1674 1119 1746 1167 seu
1775 1136 1832 1167 ex
1849 1123 2031 1184 propria
2054 1124 2256 1185 potentia
2273 1123 2399 1172 susti-

409 1190 510 1235 nuit
525 1203 699 1250 pugnas
723 1188 1023 1233 tentationum
1047 1187 1384 1242 crudelissimas,
1410 1202 1514 1232 nam
1538 1185 1754 1232 omnibus
1770 1183 1959 1249 infernis
1977 1188 2271 1236 circumfusus
2295 1187 2401 1246 fuit,

407 1253 457 1300 ὅτ
483 1254 692 1300 continue
734 1250 810 1297 illa
842 1252 1007 1299 evicit:
1043 1251 1175 1298 Solus
1197 1252 1430 1298 Dominus
1453 1252 1591 1297 etiam
1613 1250 1693 1306 est,
1728 1250 1810 1313 qui
1853 1264 2030 1315 pugnat
2051 1254 2173 1316 apud
2196 1254 2400 1304 homines

409 1320 490 1382 qui
514 1320 561 1365 in
598 1317 765 1382 pugnis
784 1319 1083 1364 tentationum
1101 1316 1219 1374 sunt,
1254 1317 1304 1364 δε
1328 1315 1429 1371 Qui
1451 1317 1594 1363 vincit
1613 1337 1628 1372 ·,
1663 1315 1806 1363 homo
1828 1332 1886 1363 ex
1910 1319 2091 1381 propria
2120 1322 2321 1382 potentia
2343 1338 2402 1370 ne

407 1384 553 1432 hilum
601 1384 773 1431 efficere
805 1382 952 1446 potest
975 1395 1130 1430 contra
1151 1382 1293 1431 malos
1317 1382 1391 1429 seu
1415 1379 1650 1430 infernales
1674 1380 1870 1446 spiritus,
1906 1398 2010 1430 nam
2035 1382 2264 1432 cohaerent
2289 1402 2398 1434 cum

409 1447 593 1497 infernis
617 1450 691 1503 ita,
727 1460 780 1495 ut
798 1449 829 1495 fi
854 1465 1000 1496 unum
1024 1449 1315 1512 superaretur,
1351 1447 1542 1495 alterum
1560 1447 1891 1512 superirrueret,
1927 1449 1976 1496 δι
2000 1448 2058 1495 fic
2076 1449 2123 1496 in
2141 1463 2363 1499 aeternum
2380 1474 2397 1508 ς

335 1516 339 1519 ’
407 1514 511 1563 sunt
533 1514 645 1561 ficut
666 1515 798 1561 Mare
822 1515 949 1577 quod
967 1514 1194 1562 incumbit
1216 1512 1401 1576 singulis
1425 1513 1627 1576 partibus
1644 1512 1839 1576 aggeris,
1875 1514 1907 1560 fi
1931 1529 2295 1578 perrumperetur
2319 1534 2399 1581 ag·
2463 1515 2467 1518 ’

406 1596 491 1644 ger
508 1581 621 1627 rima
643 1578 714 1626 seu
732 1578 904 1637 foffula,
940 1579 1159 1643 nusquam
1198 1595 1317 1626 mare
1341 1578 1572 1635 delineret,
1609 1580 1720 1642 quin
1743 1592 2052 1642 perrumperet
2074 1580 2124 1627 &
2163 1582 2401 1630 inundaret

402 1645 545 1709 usque
562 1646 676 1693 dum
698 1645 808 1692 nihil
830 1644 1042 1710 superstes
1067 1646 1118 1692 fit
1139 1667 1153 1701 ;
1179 1645 1239 1692 ita
1261 1643 1302 1693 se
1325 1643 1521 1703 haberet,
1540 1644 1621 1692 nifi
1635 1645 1864 1692 Dominus
1881 1644 2013 1693 Solus
2029 1643 2255 1694 sustineret
2278 1663 2400 1712 pug-

406 1727 487 1760 nas
510 1713 809 1759 tentationum
831 1712 952 1776 apud
969 1712 1218 1760 hominem.

482 1778 618 1842 1693.
655 1776 776 1824 Vers
785 1796 795 1824 ε
836 1794 875 1824 11
901 1796 911 1826 :
948 1780 1011 1826 Et
1039 1779 1278 1842 sumserunt
1317 1794 1449 1825 omnes
1488 1790 1581 1840 opes
1627 1776 1809 1824 Sodoma
1846 1777 1902 1826 δέ’
1934 1778 2119 1836 Amorae,
2154 1778 2210 1828 ἔθ’
2244 1797 2399 1830 omnem

407 1844 542 1891 cibum
566 1860 718 1900 eorum,
754 1843 809 1892 δέ)
828 1845 1069 1892 abiverunt.
1140 1842 1404 1892 Sumserunt
1421 1860 1585 1908 omnes
1605 1859 1713 1907 opes
1738 1842 1956 1892 Sodomae
1987 1845 2037 1892 δε
2061 1846 2272 1903 Amorae,
2308 1846 2398 1911 fig-

408 1910 560 1957 nificat
583 1910 711 1974 quod
734 1909 953 1973 deprivati
979 1912 1178 1974 potentia
1201 1910 1374 1957 malum
1393 1911 1555 1974 agendi
1574 1929 1584 1958 :
1611 1910 1660 1957 δε
1685 1924 1871 1957 omnem
1894 1910 2049 1958 cibum
2068 1927 2245 1968 eorum,
2261 1911 2397 1976 figni-

406 1975 512 2023 ficat
534 1976 661 2039 quod
676 1977 875 2039 potentia
888 1974 1050 2023 falsum
1075 1976 1304 2039 cogitandi
1324 1994 1334 2022 2
1369 1978 1420 2024 δι’
1444 1977 1694 2033 abiverunt,
1731 1975 1954 2039 fignificat
1969 1978 2097 2042 quod
2121 1979 2184 2024 ita
2200 1977 2368 2025 relictis

406 2043 409 2046 ’
486 2043 620 2102 1694.
663 2042 812 2101 Quod
834 2041 1086 2089 sumserunt
1118 2058 1279 2090 omnes
1303 2058 1412 2106 opes
1449 2043 1666 2090 Sodomae
1689 2043 1739 2089 δε
1761 2044 1970 2100 Amorae,
2008 2043 2230 2107 significet
2271 2045 2400 2107 quod

411 2107 634 2170 deprivati
651 2108 850 2170 potentia
871 2109 1044 2155 malum
1083 2109 1262 2172 agendi,
1298 2108 1468 2156 constat
1506 2125 1530 2156 a
1549 2108 1883 2173 ‘significatione
1919 2109 2092 2157 sumere
2115 2119 2224 2173 opes
2261 2110 2402 2157 alicu-

406 2170 482 2236 jus
508 2195 523 2229 3
559 2189 640 2235 per
679 2188 786 2236 opes
826 2174 1042 2221 Sodomae
1083 2176 1132 2221 &
1159 2176 1352 2222 Amorae
1391 2176 1438 2222 in
1477 2174 1599 2222 sensu
1638 2177 1814 2221 interno
1836 2190 1928 2220 non
1961 2175 2083 2220 aliud
2117 2174 2399 2236 intelligitur,

412 2255 552 2302 quam
575 2238 747 2286 malum
765 2241 813 2286 δε
837 2238 1026 2297 falsum,
1053 2241 1223 2287 malum
1247 2240 1319 2287 hic
1343 2240 1618 2303 significatur
1631 2254 1710 2302 per
1731 2253 1858 2303 opeS,
1875 2238 1926 2284 δε
1941 2236 2100 2285 falsum
2116 2238 2364 2302 percibum
2385 2258 2398 2289 :

413 2305 597 2366 opes&
631 2305 806 2352 divitiae
826 2305 1068 2368 spirituales
1092 2305 1329 2368 respective
1371 2306 1427 2352 ad
1468 2306 1628 2362 bonos,
1664 2320 1756 2352 non
1780 2302 1880 2351 sunt
1911 2303 2031 2351 aliud
2054 2319 2192 2366 quarn
2210 2303 2329 2352 bona
2352 2307 2404 2354 ὅτ

415 2385 538 2425 vera,
574 2369 736 2430 quibus
761 2371 985 2416 donantur
1002 2372 1050 2416 &
1075 2371 1276 2416 ditantur
1291 2386 1316 2416 a
1338 2371 1545 2418 Domino
1565 2392 1579 2426 ;
1616 2371 1680 2416 ita
1706 2386 1815 2435 opes
1833 2371 1881 2416 ὅτ
1896 2369 2070 2416 divitiae
2093 2368 2330 2434 respective
2346 2370 2405 2419 ad

410 2434 576 2491 malm,
613 2446 709 2488 non*
728 2433 827 2482 sunt
865 2434 987 2482 aliud
1010 2450 1149 2498 quarn
1173 2434 1290 2482 mala
1311 2435 1361 2484 &
1382 2433 1502 2493 falsa,
1537 2451 1644 2499 quae
1673 2435 1752 2483 fibi
1777 2434 1879 2501 ipfis
1902 2436 2232 2501 acquisiverunt
2257 2458 2271 2491 3
2296 2436 2403 2484 talia

409 2502 553 2547 'etiam
576 2516 656 2563 per
693 2517 800 2564 opes
825 2503 872 2548 in
894 2502 1049 2548 Verbo
1074 2502 1404 2564 significantur:
1441 2518 1498 2548 ex
1523 2502 1591 2548 his
1615 2501 1802 2558 constat,
1838 2502 1965 2567 quod
1989 2500 2160 2550 sumere
2182 2502 2291 2586 (pes
2315 2503 2401 2551 So-

412 2564 571 2613 domae
602 2566 651 2614 ὅτ
676 2568 883 2624 Amorae,
920 2567 972 2613 fit
1004 2568 1178 2634 privare
1201 2569 1499 2629 eos‘potentia
1523 2567 1698 2615 malum
1733 2569 1910 2633 agendi.
1984 2602 1989 2604 >
2207 2591 2212 2594 ·

489 2629 626 2697 1695.
663 2633 809 2694 Qod
841 2648 1027 2679 omnem
1064 2632 1220 2679 cibum
1244 2648 1420 2690 eorum,
1457 2633 1676 2695 fignificet
1695 2633 1832 2695 'quod
1864 2634 2064 2699 potentia
2086 2621 2243 2696 falsum
2268 2635 2396 2697 cogi*

407 2697 556 2754 tandi,
593 2697 761 2745 constat
777 2714 802 2745 a
823 2698 1145 2763 significatione
1168 2699 1286 2753 cibi·,
1323 2699 1436 2762 quid
1451 2699 1578 2752 cibus
1596 2698 1804 2756 coelestis,
1840 2699 2074 2764 spiritualis
2103 2699 2152 2747 &
2169 2701 2396 2757 naturalis,

417 2778 511 2826 quo
534 2761 744 2810 fruuntur
784 2766 831 2811 in
853 2765 986 2812 altera
1009 2766 1117 2821 vita,
1154 2762 1380 2811 ostensum
1415 2764 1479 2811 est
1517 2766 1658 2828 prius,
1682 2781 1741 2814 n:
1782 2766 1861 2827 56,
1898 2781 1978 2829 57,
2017 2769 2096 2827 58,
2133 2764 2245 2820 680,
2283 2765 2392 2814 681.

419 2828 519 2881 haec
552 2844 733 2891 quoque
756 2829 1102 2894 correspondent
1125 2830 1227 2882 cibo
1251 2831 1470 2895 corporis,
1506 2831 1609 2877 ideo
1632 2846 1820 2894 quoque·
1831 2829 2201 2893 repraesentantur
2222 2830 2268 2876 in
2286 2830 2396 2877 Ver-

416 2892 482 2939 bo
505 2894 771 2956 percibum,
810 2898 853 2942 &
882 2895 1159 2959 appellantur
1190 2896 1351 2950 cibus·,
1388 2896 1513 2943 cibus
1537 2908 1688 2943 autem
1724 2895 1962 2959 spirituum
1988 2892 2211 2942 malorum
2253 2896 2397 2943 &in-

413 2956 655 3005 fernalium
690 2958 752 3003 est
790 2961 914 3021 quod
931 2963 1206 3008 contrarium
1229 2960 1291 3008 est
1326 2961 1569 3024 sapientiae,
1604 2960 1930 3022 intelligentiae,
1962 2959 2012 3007 ὅτ
2034 2974 2156 3021 verae
2180 2958 2391 3019 scientiae,

412 3023 548 3087 'quod
570 3022 634 3073 est
667 3038 803 3069 omne
828 3023 1020 3081 falsum3
1055 3026 1143 3072 hoc
1194 3026 1298 3073 cibo
1325 3028 1460 3071 etiam
1495 3024 1804 3078 sustentantur,
1840 3023 1962 3085 quod
1994 3024 2180 3082 mirum,
2216 3025 2396 3091 spiritus

416 3088 559 3143 mali3
584 3088 711 3151 quod
733 3086 1040 3145 sustententur,
1066 3090 1193 3138 causa
1207 3090 1286 3145 est,
1321 3091 1429 3151 quia
1451 3090 1544 3142 vita
1564 3102 1723 3135 eorum
1746 3088 1808 3135 est
1826 3090 1927 3144 3nifi
1942 3090 2073 3137 detur
2090 3090 2141 3137 iis
2167 3093 2299 3157 copia
2320 3093 2392 3140 vi-

416 3154 655 3218 tuperandi
677 3169 856 3210 verum,
892 3154 988 3201 imo
1027 3154 1378 3217 blasphemandi,
1414 3169 1506 3200 non
1529 3154 1710 3217 pofl‘unt
1747 3156 1900 3203 vivere
1923 3171 1937 3211 ς
1973 3168 2016 3202 at
2040 3154 2177 3218 usque
2201 3172 2293 3204 non
2316 3157 2397 3206 da-

420 3232 497 3268 tur
515 3221 571 3268 iis
586 3219 765 3268 licentia
782 3219 1080 3284 cogitandi&
1104 3219 1320 3283 loquendi
1342 3216 1520 3278 falsum,
1556 3220 1636 3268 nifi
1659 3220 1786 3285 quod
1807 3238 1864 3271 ex
1879 3221 2000 3271 malo
2022 3235 2198 3282 eorum,
2209 3239 2300 3273 non
2315 3239 2398 3270 au·-

2298 3299 2394 3336 tem
