2788 3736
395 260 540 341 480
972 230 1984 322 GENERIS,

383 388 451 438 ’δε
468 396 576 436 curn
594 386 657 434 ibi
675 379 889 438 Ecclesia,
923 379 1120 430 scientiae
1142 396 1240 445 prae
1261 382 1435 430 caeteris
1451 380 1513 428 ibi
1535 380 1772 446 vigebant,
1804 382 1908 432 inde
1931 399 2012 448 per
2027 383 2291 454 AEgyptum
2309 387 2406 455 figae*

402 456 580 503 nificata
603 451 667 499 est
705 449 881 497 scientia
906 470 920 505 ;
950 461 995 497 at
1018 447 1260 513 postquam
1289 464 1369 512 per
1401 447 1603 496 scientias
1633 448 1881 498 voluerunt
1913 452 2075 500 intrare
2097 456 2159 504 ·in
2194 455 2408 521 mysteria

401 522 527 578 fidei,
562 522 613 567 &
648 518 708 565 fic
735 533 792 564 ex
815 517 998 580 propria
1019 517 1221 580 potentia
1243 514 1476 580 explorare
1498 531 1612 563 num
1630 531 1794 575 amana
1807 518 1980 567 Divina
2015 519 2140 568 itase
2171 522 2404 582 haberent,

399 600 511 636 tunc
535 585 712 649 magica
730 581 846 632 facia
869 583 951 640 est,
974 585 1023 630 &
1046 598 1130 648 per
1148 583 1412 646 AEgyptum
1431 582 1682 646 significata
1702 582 1956 650 scientifica,
1989 601 2096 649 quae
2118 600 2405 652 pervertunt,

402 654 526 702 uncle
549 651 652 700 falsa
674 653 723 700 &
747 667 804 698 ex
824 650 891 706 his
915 649 1063 705 mala;
1088 661 1140 697 ut
1161 648 1334 697 constat
1356 649 1479 714 apud
1502 649 1698 708 Esaiam,
1723 665 1812 699 xlx
1831 670 1841 700 z
1883 668 1942 700 11.
1978 652 2106 717 quod
2121 669 2203 717 per
2215 655 2402 720 AEgyp-

403 733 504 768 tum
529 718 837 783 significentur
859 716 1053 765 scientiae
1091 716 1242 773 utiles,
1278 717 1338 763 ita
1370 716 1447 764 hic
1483 716 1662 766 scientia
1692 719 2028 782 cognitionum,
2062 731 2171 784 quae
2193 719 2411 770 inservire·

403 786 551 851 potest
572 784 828 833 coelestibus
863 785 912 832 &
938 782 1238 847 spiritualibus
1271 798 1356 847 pro
1397 783 1526 843 vasis,
1562 783 1763 832 constare
1804 785 1949 850 potest
1984 786 2042 834 ab
2066 785 2135 834 his
2174 788 2223 835 in
2246 787 2411 838 Verbo

403 854 546 902 locis:
582 852 705 916 apud
728 849 928 915 Esaiam,
962 855 998 877 “
1021 851 1307 903 Seduxerunt
1327 853 1588 914 AEgyptum,
1619 851 1883 915 angularem
1905 852 2164 910 tribuum‚'’
2187 869 2273 902 κη(
2289 873 2309 903 τ’
2327 873 2401 919 ι3.

403 920 484 969 ubi
508 932 695 968 vocatur
718 918 940 982 angularis
957 916 1178 974 tribuum,
1213 918 1295 981 qui
1327 916 1556 965 inserviret
1596 934 1682 983 pro
1718 917 1990 968 fulcimento
2025 920 2121 967 illis..
2149 936 2257 985 quae
2296 920 2407 971 sunt*

405 987 529 1057 fidei,
555 1002 662 1050 quae
684 985 993 1050 significantur
1015 1000 1095 1049 per
1117 984 1321 1032 Tribus:
1355 984 1476 1047 apud
1493 985 1728 1043 Eundem,
1782 990 1816 1014 “
1840 987 1895 1035 In
1912 986 1986 1035 die
2014 986 2095 1034 illo
2113 1000 2245 1035 erunt
2265 990 2407 1052 quin-²

406 1124 443 1148 «ι
476 1050 1949 1190 {252235552332322255355233133²²⁶⁵1n¹ffi2011ss²2ff23a52
1964 1055 2415 1181 {31:3322333333

404 1191 445 1215 “
479 1198 609 1233 terrae
632 1186 831 1247 AEgypti,
866 1184 916 1231 δε
941 1183 1081 1230 statua
1095 1194 1231 1246 Juxta
1251 1184 1500 1231 terminum
1522 1182 1619 1247 ejus
1641 1183 1854 1245 Jehovae,
1887 1186 1938 1233 &
1969 1187 2056 1234 erit
2079 1188 2128 1234 in
2150 1187 2333 1250 {ignum
2351 1191 2403 1237 &

404 1257 442 1282 “
476 1255 523 1300 in
548 1251 702 1299 testem
727 1247 918 1311 jehovae
943 1248 1155 1297 Zebaoth
1187 1250 1237 1296 in
1267 1259 1384 1299 terta
1413 1251 1615 1312 AEgypti,
1650 1265 1758 1297 nam
1788 1250 2048 1299 clamabunt
2078 1252 2135 1300 ad
2172 1253 2410 1315 Jehovam.

405 1324 443 1347 “
477 1329 663 1382 propter
685 1317 984 1380 oppressores,
1034 1316 1085 1363 δε
1122 1316 1274 1363 mittet
1304 1315 1391 1363 illis
1415 1314 1687 1364 servatorem
1719 1316 1770 1364 ez
1802 1318 2080 1381 principem,
2117 1319 2168 1366 ὅτ,
2199 1317 2407 1369 liberabit:

403 1380 442 1412 “‘
476 1401 568 1441 eos,
603 1385 653 1432 &
685 1396 818 1430 notus
843 1382 923 1430 fiet
943 1381 1151 1444 jehovah
1173 1384 1393 1445 AEgypt0,-
1415 1382 1467 1429 ὅτ
1487 1381 1762 1446 cognoscent
1778 1385 1986 1446 AEgyptii
2008 1383 2234 1446 Jehovam
2259 1387 2312 1433 in.
2328 1387 2422 1435 die'

405 1456 442 1480 “
477 1451 572 1509 illo,
605 1451 656 1498 δε
679 1448 1133 1498 facient-sacrificium
1173 1449 1224 1496 δε
1265 1447 1514 1506 mincham,
1549 1449 1601 1497 ὅτ
1629 1448 1867 1496 vovebunt
1910 1463 2076 1498 votum
2101 1450 2316 1512 Jehovae,
2352 1454 2425 1502 δε·

404 1523 442 1546 “
476 1518 696 1565 reddent:
731 1517 781 1565 Sc
811 1517 1033 1581 percutiet
1056 1514 1261 1577 Jehovah
1290 1517 1538 1579 -AEgyptum
1575 1515 1888 1580 percutiendo,
1937 1517 1988 1564 ὅτ
2012 1515 2229 1575 sanando,
2259 1519 2310 1566 &
2333 1535 2404 1567 re-

405 1589 443 1613 “
478 1595 713 1632 vertentur
735 1582 792 1631 ad
815 1583 1057 1644 Jehovam,
1091 1582 1142 1628 δε
1170 1580 1426 1629 exorabitur
1452 1581 1557 1638 illis,
1594 1582 1645 1628 ὅτ
1669 1580 1834 1628 sanabit
1857 1581 2008 1638 illos,”
2037 1598 2125 1630 x1x
2150 1601 2162 1632 :
2205 1588 2278 1640 18,
2323 1601 2404 1650 19,

407 1668 489 1709 20,
535 1667 615 1708 21,
654 1666 730 1697 22.
765 1649 844 1697 ubi
869 1651 919 1697 in
946 1648 1069 1709 bono
1092 1646 1221 1695 sensu
1249 1647 1306 1695 de
1329 1648 1561 1713 AEgypt0‚
1595 1663 1682 1712 pro
1704 1647 1791 1696 illis
1823 1649 1905 1712 qui
1925 1649 1972 1696 in
2001 1647 2252 1698 scientificis
2281 1650 2412 1711 sunt,

404 1716 479 1765 seu
501 1716 763 1765 veritatibus
787 1715 1077 1773 naturalibuS,
1111 1731 1219 1779 quae
1241 1713 1343 1762 sunt
1363 1715 1468 1763 vasa
1498 1715 1744 1763 veritatum
1767 1712 2094 1780 spiritualium:
2131 1716 2254 1781 apud
2264 1717 2404 1766 ›Eun-

404 1784 531 1841 dem,
569 1789 604 1811 “
630 1784 684 1832 In
708 1783 781 1831 die
804 1783 884 1830 illo
906 1783 989 1830 erit
1013 1781 1169 1830 semita
1190 1781 1247 1830 ab
1270 1784 1465 1846 AEgypto
1497 1781 1554 1830 ad
1579 1780 1939 1840 Asclmrem„&
1975 1783 2126 1830 veniet
2150 1782 2332 1831 Aschur
2353 1785 2410 1833 in.
2494 1828 2496 1831 .

404 1854 442 1879 ‘⁸
475 1852 711 1914 AEgyptum
744 1851 794 1898 ἃ
817 1852 1035 1914 AEgyptus
1064 1851 1112 1896 in
1128 1849 1421 1906 Aschurem·,
1447 1849 1495 1897 &
1521 1848 1712 1898 servient-
1739 1850 1940 1913 AEgyptii
1972 1848 2198 1900 Aschurit
2239 1851 2287 1898 in
2331 1851 2423 1899 die:

404 1921 439 1945 “
474 1917 554 1965 illo
592 1918 677 1965 erit
698 1915 826 1964 Israel
850 1918 1007 1964 tertius
1030 1916 1223 1979 AEgypto
1260 1917 1310 1964 &
1334 1915 1549 1974 Aschuri,
1583 1915 1838 1964 benedictio
1877 1917 1925 1963 in
1964 1917 2119 1964 medio
2141 1928 2292 1975 terrae,
2328 1920 2414 1966 cui.

406 1986 443 2010 “
479 1983 715 2031 benedicet
737 1981 944 2046 Jehovah
965 1982 1189 2040 zebaoth,
1212 1982 1428 2041 dicendo,
1449 1982 1711 2031 benedictus
1733 1982 1934 2047 populus
1957 1999 2085 2032 meus
2104 1985 2335 2046 AEgyptus,
2354 1986 2407 2033 δι’

406 2052 447 2077 “
479 2065 595 2113 opus
618 2065 838 2096 manuum
864 2065 1068 2096 mearum
1086 2049 1290 2107 Aschur,
1318 2050 1368 2098 δε
1385 2050 1622 2098 haereditas
1645 2066 1747 2098 mea
1768 2049 1955 2107 Israel‚”
1970 2055 2082 2097 xnx:
2108 2064 2188 2113 23,
2215 2066 2295 2109 24,
2325 2067 2349 2099 2
2358 2066 2413 2112 5.

406 2115 486 2163 ubi
510 2132 590 2180 per
611 2116 877 2180 AEgyptum
900 2115 1179 2180 significatur
1200 2115 1382 2165 scientia
1418 2117 1665 2164 veritat-um
1702 2115 1993 2172 naturalium,
2028 2131 2111 2179 per
2148 2115 2416 2164 Aschurenn

405 2170 521 2230 rati'o
559 2180 631 2230 scu
671 2182 915 2240 rationalia,
949 2198 1030 2246 per
1065 2181 1272 2231 Israelem
1293 2182 1556 2247 spiritualia,
1591 2198 1700 2246 quae
1737 2181 1819 2228 fibi
1857 2180 2123 2239 succedunt,
2155 2198 2294 2245 quare
2331 2183 2404 2230 di.-

407 2251 544 2306 citur‚
579 2249 707 2313 quod
746 2248 795 2297 id
830 2249 903 2296 die
932 2249 1014 2296 illo
1044 2251 1133 2297 erit
1163 2248 1320 2297 semita
1340 2265 1397 2296 ex
1418 2249 1630 2313 AEgypto
1664 2249 1710 2296 in
1751 2246 2032 2306 Asehurem,
2059 2249 2109 2295 &
2147 2247 2276 2297 lsrael
2321 2249 2416 2297 erit

407 2316 564 2362 tertius
611 2316 826 2379 AEgypto
885 2316 935 2362 ὅτ.
980 2314 1190 2363 Aschuri.
1268 2313 1417 2379 Apud
1460 2313 1776 2371 Ezechielem,
1841 2315 2000 2378 Byffus
2054 2315 2103 2362 in
2147 2315 2417 2380 acupictura

407 2396 467 2430 ex
504 2383 694 2444 AEgypto
737 2381 826 2428 suit
863 2381 1075 2445 expanfio
1119 2393 1233 2439 tua,
1276 2392 1331 2428 ut
1368 2381 1473 2428 effet
1533 2381 1617 2429 tibi
1662 2383 1709 2429 in
1755 2381 1996 2445 fignum‚”
2028 2396 2206 2431 xxvu:
2247 2398 2299 2447 7..
2325 2382 2415 2430 ubi

406 2447 466 2495 de
498 2448 646 2511 Tyro,
687 2464 768 2512 per
802 2463 942 2512 quam
986 2447 1284 2511 significatur
1308 2448 1513 2513 pofl‘effio
1556 2449 1907 2512 cognitionum3
1959 2447 2118 2512 Byffus.
2154 2465 2212 2496 ex
2248 2450 2404 2512 acupi-

408 2515 538 2562 ctura
567 2530 673 2577 ·pro
702 2514 965 2562 veritatibus
1011 2514 1312 2571 scientiarum,
1361 2531 1468 2578 quae
1512 2515 1758 2563 inserviunt
1778 2537 1795 2571 ς
1845 2514 2099 2572 scientifica,
2151 2517 2258 2580 quia
2301 2515 2413 2564 sunt

409 2580 600 2628 EXterni
617 2580 831 2639 hominis,
866 2582 1075 2629 inservire
1098 2580 1263 2629 debent
1279 2582 1475 2629 Interno.
1547 2582 1695 2646 Apud
1718 2582 1960 2639 Eundem,
1991 2587 2029 2610 “
2050 2583 2125 2630 Sic
2162 2583 2281 2629 dixit
2299 2583 2402 2629 Do-

411 2648 564 2695 minus
618 2647 832 2708 Jehovih,
882 2663 910 2695 a
952 2648 1042 2696 fine
1081 2648 1378 2712 quadraginta
1439 2663 1662 2696 annorum
1694 2703 1696 2706 y
1732 2648 2023 2714 congregabo
2066 2651 2301 2711 AEgyptum
2348 2663 2413 2695 ex‘

411 2718 447 2740 “
480 2714 680 2776 populis,
714 2730 809 2778 quo
838 2712 1018 2779 dispersi
1047 2712 1248 2772 fuerunt,
1284 2716 1333 2762 δε
1373 2715 1588 2763 reducam
1627 2717 1937 2779 captivitatem
1974 2714 2214 2780 AEgyptz,”
2252 2728 2374 2760 xxix
2390 2732 2412 2762 :-

418 2795 493 2842 13,
548 2796 619 2839 14.
676 2796 761 2844 pro
805 2781 958 2839 fimili,
991 2781 1118 2845 quod
1161 2781 1330 2829 dicitur
1382 2781 1441 2829 de
1486 2782 1666 2844 Jehuda
1710 2783 1760 2829 ὅτ
1813 2780 1966 2829 Israele
2023 2781 2180 2843 passim
2199 2814 2221 2837 ,.
2274 2781 2407 2843 quod

410 2857 791 2907 congregarentur
825 2863 879 2894 ex
901 2847 1101 2912 populis,
1136 2849 1187 2896 ὅτ
1211 2848 1532 2896 reducerentur
1566 2848 1887 2911 eycaptivitate.
1957 2845 2105 2909 Apud
2128 2845 2411 2904 Sachariam,

409 2917 444 2937 “
478 2911 543 2958 Et
564 2911 666 2966 erit,
699 2913 778 2974 qui
802 2929 894 2960 non
915 2914 1155 2962 ascenderit
1177 2914 1235 2962 de
1257 2912 1438 2962 familiis
1460 2926 1606 2962 terrae'
1625 2914 1682 2961 ad
1714 2910 2091 2974 Hierosolymam
2113 2912 2171 2959 ad
2208 2913 2402 2976 adoran-

411 2981 448 3004 “
482 2976 597 3023 dum
619 2977 801 3038 Regem
823 2979 1046 3037 Jehovam
1071 2980 1298 3038 Zebaoth,
1329 2996 1421 3027 non
1444 2979 1575 3043 super
1611 2994 1692 3025 eos
1726 2979 1810 3025 erit
1847 2978 2037 3041 pluvia3
2070 2980 2122 3026 ’ὅτ
2162 2978 2199 3025 fi·
2232 2977 2408 3026 familia

411 3047 445 3069 ‘⁴
480 3045 664 3105 AEgypti
686 3058 778 3090 non
800 3041 1057 3102 ascenderit,
1092 3047 1142 3092 δε
1162 3061 1260 3092 non
1288 3046 1511 3101 venerit,'²
1535 3058 1655 3091 xxv:
1689 3060 1767 3109 17,
1797 3049 1867 3093 18.
1911 3046 2046 3091 etiam
2065 3046 2112 3091 in
2134 3045 2256 3092 bono
2278 3044 2405 3091 sensu

406 3108 465 3156 de
488 3110 717 3172 AEgyptO,
752 3123 833 3171 per
872 3125 1013 3172 quam
1034 3111 1177 3157 fimile
1199 3110 1479 3174 intelligitur.
1550 3110 1696 3175 Quod
1736 3110 1914 3159 scientia
1953 3110 2033 3158 seu.
2066 3110 2278 3174 sapientia
2316 3111 2402 3156 hu-

411 3191 542 3223 mana
575 3175 850 3239 significetur
886 3190 967 3238 per
1003 3177 1288 3239 AEgyptum,
1324 3176 1521 3224 constare
1559 3193 1744 3240 quoque
1790 3177 1938 3241 potest
1982 3177 2106 3240 apud
2144 3176 2402 3233 Danielem,

406 3241 488 3290 ubi
504 3241 704 3293 ⁴scientiae
729 3240 984 3292 coelestium
1016 3242 1066 3292 &
1090 3241 1387 3308 spiritualium
1419 3242 1701 3309 appellantur
1740 3244 1978 3295 recondita.
2006 3245 2102 3292 auri
2133 3244 2184 3293 &
2208 3244 2406 3306 argenti,

2300 3319 2403 3357 tum
