2788 3736
441 254 569 325 282
983 246 1201 314 GE
1294 245 1381 310 N
1451 210 1673 328 ES
1763 249 1809 311 Ι
1893 248 1958 314 S.

431 387 629 437 coelestia
662 387 711 435 &
734 386 1030 442 Dominum·;
1079 386 1192 450 quid
1216 384 1379 434 diversi
1403 386 1578 449 generis
1601 384 1780 434 arbores
1820 387 1871 436 &
1898 403 2050 435 earum
2090 386 2280 448 fruCtuS,
2316 390 2445 454 quod

431 455 668 503 hominem
690 455 740 502 δε
764 450 859 517 ejus
882 453 1116 508 coelestia3
1153 455 1201 500 δι
1229 452 1288 501 fic
1313 453 1426 516 quid
1451 466 1641 501 caetera:
1678 455 1725 500 in
1749 452 1912 500 talibus
1928 453 2186 503 constabant
2217 457 2446 504 doctrina·

434 521 494 570 lia
510 538 690 578 eorum,
715 537 823 584 quae
841 520 1027 568 collecta
1050 517 1234 577 fuerunt
1258 537 1283 567 a
1305 519 1614 583 significativis
1638 520 1981 583 Antiquiffimae
1998 520 2246 580 Ecclefiae·,
2281 524 2446 571 exinde

433 604 594 640 eorum
620 586 780 652 scripta
803 603 986 652 quoque
1025 586 1127 634 talia
1148 584 1360 634 fuerunt:
1398 587 1449 634 δε
1484 587 1590 650 quia
1625 586 1673 633 in
1708 585 1871 634 talibus
1894 587 2124 637 Divinum
2161 589 2211 638 ὅτ
2247 590 2443 648 coeleste,

433 656 541 718 quia
573 655 709 702 etiam
748 655 1007 718 antiquum,
1043 653 1397 710 admirabantur,
1448 653 1500 700 δε
1543 651 1797 717 conspicere
1841 652 1922 700 fibi
1958 652 2244 714 videbantur,
2297 657 2446 720 cultus

435 738 598 769 eorum
621 738 678 769 ex
701 721 919 780 fimilibus
942 722 1148 783 inceptus
1174 721 1224 767 ὅτ
1252 719 1488 783 permissus
1510 719 1590 777 est,
1627 721 1732 768 inde
1761 736 1920 767 eorum
1953 720 2101 768 cultus
2126 721 2254 785 super
2278 726 2446 773 monti-

436 787 538 845 bus,
574 791 712 853 inque
736 787 866 845 luciS,
902 789 950 835 in
974 787 1128 835 medio
1150 787 1381 844 arborum,
1418 787 1523 834 inde
1544 803 1705 834 eorum
1729 786 1885 834 statuae
1902 785 2120 835 subdiales
2142 811 2155 844 ·,
2191 788 2241 836 δε
2264 790 2448 840 tandem

434 856 587 904 altaria
620 857 670 903 δε
703 853 975 912 holocausta,
1012 870 1118 918 quae
1157 854 1420 918 principalia
1459 855 1610 901 omnis
1646 853 1795 901 cultus
1827 852 1978 918 postea
2010 852 2123 902 facta
2161 854 2275 903 sunt.
2345 857 2446 906 Hic

436 923 587 970 cultus
610 924 818 986 inceptus
851 920 915 968 est
937 921 992 968 ab
1014 922 1221 985 Antiqua
1243 920 1461 977 Ecclesia,
1495 921 1545 968 δε
1569 920 1673 968 inde
1696 921 1928 968 emanabat
1970 920 2026 966 ad
2051 921 2267 984 posteros,
2301 923 2447 987 adque

437 1005 602 1038 omnes⁴
637 1001 792 1053 gentes
825 988 1133 1044 circumcirca,
1170 999 1335 1053 praeter
1365 986 1450 1035 alia
1481 987 1626 1050 plura,
1662 987 1719 1035 de
1757 987 1940 1051 quibus,
1977 1003 2035 1035 ex
2060 989 2231 1036 Divina
2253 987 2454 1041 Domini.

440 1055 770 1112 Misericordia,
807 1056 854 1102 in
878 1053 1173 1119 sequentibus.
1225 1095 1235 1120 ;
1658 1105 1663 1113 ‚

509 1116 619 1185 921.
658 1122 806 1187 Qod
858 1121 1106 1169 aedificavit
1150 1120 1314 1180 Noach
1352 1120 1485 1168 altare
1522 1121 1715 1182 Jehovae
1762 1119 1985 1185 significet
2021 1122 2447 1186 repraesentativum

441 1189 652 1246 Domini,
689 1187 860 1236 constat
893 1203 952 1234 ex
979 1188 1066 1234 illis
1089 1204 1195 1251 quae
1219 1187 1362 1235 modo
1401 1203 1524 1235 nunc
1548 1187 1667 1251 diCta
1689 1185 1817 1236 sunt:
1871 1188 2008 1235 Ritus
2048 1204 2207 1236 omnes
2233 1190 2448 1239 Ecclefiae

441 1259 666 1319 Antiquae
692 1253 1038 1320 repraesentativi
1061 1255 1256 1301 Domini
1278 1265 1418 1310 erant,
1443 1254 1556 1306 ficut
1580 1254 1715 1300 etiam
1740 1242 2077 1302 ritusEcclefiae
2094 1256 2301 1316 Judaicae
2322 1280 2335 1313 ;
2373 1257 2448 1305 sed

440 1321 687 1387 principale
701 1319 1120 1385 repraesentativum
1131 1318 1218 1367 fuit
1230 1319 1379 1384 postea
1388 1319 1561 1377 Altare,
1580 1332 1680 1368 tum
1691 1319 2022 1378 holocaustum,
2045 1322 2170 1385 quod
2185 1326 2291 1387 quia
2314 1323 2448 1372 fiebat

440 1406 498 1437 ex
516 1388 664 1436 bestiis
690 1387 931 1435 mundis&
943 1386 1103 1434 avibus
1121 1387 1323 1444 mundis,
1342 1385 1684 1451 repraesentabat
1701 1386 1815 1434 ficut
1831 1386 2125 1450 significabat,
2144 1388 2296 1437 befliae
2313 1406 2448 1437 mun-

404 1487 409 1490 -
441 1455 516 1504 dae
541 1454 660 1503 bona
681 1455 922 1511 charitatis,
957 1455 1007 1502 &
1031 1470 1134 1502 aves
1170 1453 1360 1502 mundae
1381 1469 1486 1501 vera
1508 1453 1645 1509 fidei,
1681 1470 1787 1517 quae
1826 1469 1936 1501 cum
1960 1453 2276 1513 offerebantur,
2310 1455 2448 1520 figni-

442 1522 638 1570 ficabant
672 1522 795 1586 apud
818 1523 1075 1584 Antiquam
1089 1519 1354 1577 Ecclesiam,
1373 1520 1502 1584 quod
1517 1519 1731 1568 offerrent
1746 1521 1955 1568 Domino
1971 1520 2076 1568 inde
2100 1538 2319 1578 munera3
2344 1524 2445 1572 Do-

393 1584 395 1588 ’
444 1590 573 1636 mino
588 1588 700 1636 nihil
724 1588 863 1645 aliud,
889 1588 1017 1652 quod
1042 1587 1224 1650 gratum
1249 1589 1290 1634 ei
1306 1587 1376 1645 fit,
1402 1585 1554 1634 offerri
1577 1586 1746 1651 potest:
1772 1586 1847 1634 sed
1863 1585 2048 1650 posteri,
2070 1601 2122 1635 ut
2145 1601 2317 1652 genteS,
2342 1602 2446 1637 turn

442 1657 579 1710 etiam
597 1654 768 1717 Judaei,
803 1655 901 1702 haec
926 1653 1254 1718 pervertebant,
1290 1670 1347 1701 ne
1371 1653 1560 1717 quidem
1585 1655 1766 1701 scientes
1782 1653 1910 1716 quod
1942 1653 2048 1700 talia
2070 1655 2443 1718 significarentur,

443 1723 620 1771 cultum
638 1721 785 1769 solum
806 1722 852 1768 in
876 1721 1067 1768 externis
1088 1733 1320 1785 ponentes.
1392 1720 1540 1785 Qod
1565 1719 1725 1767 Altare
1746 1717 1882 1767 fuerit
1897 1720 2143 1784 principale
2161 1721 2446 1786 repraesenta-

439 1792 592 1836 tivum
615 1789 824 1845 Domini,
861 1786 1061 1835 constare
1085 1803 1269 1851 quoque
1293 1786 1398 1834 inde
1421 1785 1587 1851 potest,-
1621 1785 1747 1850 quod
1771 1797 2011 1850 antequam
2050 1791 2201 1835 caeteri
2241 1789 2352 1836 ritus
2377 1790 2446 1836 in-

441 1855 600 1912 stituti,
637 1856 686 1902 &
710 1867 953 1918 antequam
978 1870 1078 1902 arca
1099 1853 1334 1911 exstrueta,
1370 1854 1419 1901 δε
1457 1865 1696 1916 antequam
1735 1852 1966 1917 templum
2006 1853 2304 1912 aedificatum,
2339 1855 2446 1904 alta-

440 1924 504 1969 ria
535 1920 718 1976 fuerint,
752 1923 890 1969 etiam
936 1922 1050 1968 inter
1079 1933 1261 1985 gentes-,
1314 1920 1372 1967 de
1410 1919 1619 1968 Abramo
1658 1918 1845 1976 constat,
1881 1919 2008 1983 quod
2043 1936 2151 1967 cum
2190 1922 2363 1969 venerit
2400 1924 2447 1970 in

442 1989 661 2036 Montem
685 1987 742 2034 ab
780 1990 948 2035 oriente
972 1987 1167 2034 Bethelis
1203 1986 1468 2034 exstruxerit
1500 1986 1671 2043 Altare,
1706 1987 1757 2033 &
1780 1987 2058 2033 invocaverit
2095 1987 2283 2043 quen
2307 1987 2445 2049 Jeho-

442 2071 534 2111 vae,
571 2055 702 2102 Gen:
736 2070 846 2100 x11:
875 2058 917 2103 8.
963 2053 1091 2116 quod
1130 2054 1171 2100 ei
1203 2052 1377 2117 juffum
1418 2053 1581 2102 offerre
1620 2051 1822 2100 Isaacum
1870 2053 1916 2099 in
1956 2051 2270 2100 holocaustum
2317 2052 2448 2118 super

444 2121 610 2178 Altari,
647 2121 778 2168 Gen:
825 2136 967 2167 xxrr:
1010 2138 1056 2175 2,
1095 2135 1141 2181 9,
1192 2119 1319 2183 quod
1367 2120 1565 2181 Jacobus
1605 2118 1898 2166 aedificaverit
1937 2117 2091 2165 Altare
2130 2118 2188 2165 ad
2233 2119 2333 2167 Lus
2372 2120 2445 2169 seu

445 2186 623 2242 Bethel,
659 2188 791 2235 Gen:
819 2202 976 2234 xxxv:
1015 2187 1062 2242 6,
1090 2202 1131 2251 7.
1168 2186 1295 2248 quod
1322 2185 1473 2233 Moses
1513 2185 1806 2233 aedificaverit
1828 2184 1983 2233 Altare
2006 2183 2085 2231 sub
2116 2185 2282 2233 Monte
2304 2186 2445 2245 Sinai,

442 2255 493 2302 &
518 2253 848 2310 sacrificaverit,
886 2254 987 2302 Ex:
1014 2268 1166 2299 xxiv:
1191 2269 1240 2311 4,
1269 2269 1315 2315 5,
1343 2253 1386 2301 6.
1423 2251 1551 2315 quod
1584 2249 1673 2298 fuit
1711 2263 1951 2314 antequam
1992 2249 2217 2312 sacrificia,
2245 2251 2449 2302 instituta

442 2319 559 2376 sunt,
595 2321 644 2368 δι
683 2331 923 2382 antequam
947 2335 1046 2366 arca
1088 2318 1322 2375 exstrueta,
1375 2317 1454 2365 ubi
1493 2317 1642 2366 cultus
1680 2316 1787 2364 dein
1815 2317 2127 2381 ,peragebatur
2166 2317 2215 2365 in
2259 2318 2444 2368 deserto.

443 2386 659 2442 Similiter
683 2382 984 2450 quodlal'taria
1007 2384 1172 2432 fuerint
1196 2384 1318 2447 apud
1357 2397 1530 2447 gentes,
1567 2383 1738 2432 constat
1777 2400 1834 2431 ex
1857 2384 2078 2440 Bileamo,
2114 2386 2193 2447 qui
2234 2385 2291 2433 ad
2321 2387 2447 2435 Bala-

445 2452 564 2500 kum
590 2454 723 2510 dixit,
760 2452 886 2515 quod
910 2451 1158 2499 aedificaret
1195 2450 1363 2515 septem
1388 2451 1597 2514 Altaria,
1624 2451 1674 2499 ὅτ
1699 2462 1871 2514 pararet
1894 2450 2064 2515 septem
2089 2450 2244 2510 boves,
2280 2452 2330 2500 ὅτ
2354 2452 2449 2518 sep·

443 2532 537 2566 tem
561 2521 732 2575 arietes,
784 2519 946 2566 Num:
972 2534 1134 2566 xxm:
1167 2537 1184 2567 1
1216 2518 1272 2565 ad
1301 2533 1346 2578 7,
1389 2535 1444 2580 15
1483 2518 1540 2565 ad
1587 2522 1660 2574 18,
1706 2532 1783 2577 29,
1828 2534 1903 2579 30.
1965 2530 2065 2570 tum
2101 2518 2228 2581 quod
2261 2520 2447 2567 manda-

443 2598 564 2643 tum,
603 2587 731 2649 quod
756 2587 967 2648 gentium
991 2585 1172 2632 Altaria
1218 2583 1562 2640 destruerentur,
1615 2596 1667 2631 ut
1707 2585 1862 2632 Deut:
1903 2600 1979 2630 vti
2005 2603 2016 2631 :
2046 2600 2089 2646 5.
2127 2584 2251 2644 Jud:
2280 2601 2356 2634 11:
2384 2603 2444 2634 2:

440 2669 576 2715 quare
599 2654 765 2700 Cultus
790 2653 989 2699 Divinus
1029 2667 1108 2714 per
1131 2651 1352 2698 altaria&
1374 2650 1598 2707 sacrificia,
1635 2667 1726 2698 non
1765 2648 1853 2696 fuit
1891 2665 2068 2696 novum
2104 2649 2339 2712 quoddam
2379 2652 2447 2698 in-

447 2717 654 2767 stitutum
687 2720 807 2783 apud
832 2719 1037 2780 Judaeos.
1108 2719 1213 2765 Imo
1242 2717 1395 2764 altaria
1425 2719 1558 2782 ¹prius
1595 2717 1820 2776 aedificata
1859 2715 1984 2771 sunt,
2033 2718 2173 2778 quam
2218 2730 2445 2764 noverunt

405 2779 409 2783 ’
441 2784 569 2847 super
593 2787 644 2832 iis
675 2787 867 2833 ma&are
891 2785 1030 2832 boves
1054 2786 1103 2832 &
1125 2785 1337 2848 pecudes,
1373 2785 1423 2832 δε
1447 2784 1636 2848 quidem
1676 2785 1722 2830 in
1748 2778 2019 2828 memoriale.
2091 2780 2249 2846 Qod‘
2272 2781 2446 2832 Altaria

439 2850 700 2912 significent
731 2843 1146 2914 repraesentativum
1169 2851 1380 2907 Domini,
1417 2852 1464 2897 ὅτ
1487 2847 1766 2897 Holocausta
1808 2847 1986 2893 cultum
2017 2845 2156 2910 Ipsius
2181 2847 2300 2905 inde,
2326 2866 2448 2914 'con-

437 2916 519 2963 stat
553 2916 780 2976 manifeste
821 2918 941 2980 apud
966 2917 1229 2980 Prophetas,
1265 2928 1317 2963 ut
1357 2915 1477 2979 apud
1516 2914 1680 2961 Mosen
1720 2913 1776 2959 de
1820 2912 1958 2968 Levi,
2013 2914 2087 2971 cui
2127 2912 2445 2975 sacerdotium,

440 2988 472 3009 “
507 2982 753 3029 Docebunt
770 2981 944 3044 judicia
963 2996 1039 3030 tua
1052 2983 1301 3044 Jacobum,
1321 2981 1535 3043 &legem
1559 2993 1685 3026 tuam
1700 2978 1901 3026 Israelem
1923 3001 1936 3033 ς
1974 2992 2149 3045 ponent
2173 2979 2375 3029 suffitum
2398 2984 2445 3031 in

440 3054 473 3077 “
510 3049 689 3096 naribus
712 3050 844 3102 Tuis,
881 3050 928 3095 δι
953 3051 1104 3095 Totum
1139 3046 1496 3107 (holocaustum)
1529 3045 1660 3108 super
1699 3045 1850 3093 Altam·
1875 3045 2036 3100 Tuo,'’
2078 3047 2230 3093 Deut:
2256 3063 2443 3097 xxxm:

441 3133 511 3164 10.
547 3115 627 3162 ubi
650 3130 735 3178 pro
778 3116 905 3160 omni
930 3115 1057 3160 cultu
1078 3137 1091 3169 3
1128 3114 1254 3176 quod
1279 3113 1491 3159 docerent
1506 3109 1679 3175 judicia
1696 3111 1942 3173 Jacobum,
1969 3112 2017 3158 δε
2041 3111 2196 3174 legem
2220 3112 2443 3172 Israelem,

432 3197 518 3244 pro
541 3182 665 3229 cultu
691 3182 900 3234 intern03
935 3180 1060 3243 quod
1085 3191 1303 3242 ponerent
1335 3178 1536 3226 suffitum
1571 3179 1617 3226 in
1641 3177 1837 3234 naribus,
1875 3178 1922 3224 &
1967 3190 2119 3225 toturn
2146 3178 2282 3241 super
2299 3179 2442 3237 altari,

428 3264 515 3311 pro
538 3248 664 3297 cultu
689 3260 870 3297 externo
894 3245 1296 3310 correspondente,
1325 3246 1386 3293 ita
1423 3261 1510 3309 pro
1544 3245 1673 3293 omni
1706 3245 1848 3293 cultu.
1921 3244 2067 3309 Apud
2091 3242 2291 3300 Esaiam,
2331 3249 2363 3271 “
2389 3249 2442 3294 In

404 3306 419 3320 '
839 3317 841 3322 ’
2309 3315 2341 3337 “
2367 3313 2440 3361 dic
