2788 3736
762 233 1896 330 cAPuT'NoNUM.
2269 266 2394 348 361

393 407 508 461 nihil
527 406 612 458 nifi
627 406 748 456 bona
767 406 819 455 &
841 420 964 463 vera,
1000 405 1051 453 δε
1074 419 1183 469 quae
1208 401 1326 450 mala
1346 401 1398 451 &
1421 399 1524 449 falsa
1555 400 1674 460 sunt,
1708 401 1952 458 excusant3
1983 415 2044 450 ex
2061 454 2079 462 ,A
2113 400 2248 451 uibus
2288 419 2398 452 con-

387 477 488 534 stat,
521 475 649 539 quod
672 473 794 538 apud
810 489 903 530 eos,
939 473 1084 536 quiin
1107 469 1234 518 nulla
1254 468 1466 516 charitate
1487 466 1605 524 sunt,
1643 469 1938 516 dominentur
1958 463 2066 516 masi
2080 417 2277 535 ἓῇῑίωε,
2317 486 2400 535 per

390 534 507 606 quos
521 542 833 590 communicat
850 539 994 588 homo
1016 551 1126 586 cum
1155 535 1333 583 inferno
1349 558 1365 591 3
1398 534 1451 582 ὅτ
1473 534 1602 596 quod
1625 535 1749 598 apud
1774 551 1852 583 eos
1874 535 1957 599 qui
1979 537 2027 583 in
2050 535 2278 595 charitate,
2313 538 2397 585 do*-

389 610 625 657 minentur
647 607 812 670 angeli,
847 622 930 671 per
953 619 1070 668 quos
1092 602 1410 651 communicat
1428 615 1539 647 cum
1563 600 1699 647 coelo.
2224 633 2226 635 .
2287 663 2290 666 Δ

464 679 603 740 1089.
639 672 779 721 Vers:
817 687 895 732 24.
924 672 989 718 Et
1008 668 1324 732 expergefabi‘us
1345 667 1502 717 Noach
1519 668 1663 718 evino
1687 668 1786 729 suo,
1823 667 1880 716 &²
1912 669 2086 731 rescivit
2109 669 2220 734 quod
2227 668 2338 732 fecit
2356 673 2399 717 ‘ei

373 740 500 800 filius
521 743 610 803 ejus
632 755 781 788 mmor.
851 734 1211 800 Expergefactus
1233 732 1402 782 Noach
1439 750 1465 780 e
1490 733 1602 779 vino
1624 731 1723 789 suo,
1748 733 1969 795 fignificat
1993 735 2105 782 dum
2144 736 2306 783 melius
2330 738 2399 783 in-

387 807 609 854 structus:
645 807 696 853 ὅτ
719 803 901 852 rescivit
936 803 1065 866 quod
1087 799 1196 848 fecit
1228 800 1270 848 ei
1295 799 1418 847 filius
1440 797 1546 863 ejus
1571 799 1739 856 minor,
1775 799 2004 863 fignificat
2042 801 2171 864 quod
2214 803 2313 850 talis
2344 802 2400 851 fit

386 872 540 921 cultus
564 884 775 920 externus
798 868 1020 933 separatus
1044 868 1101 915 ab
1125 868 1321 922 interne,
1357 878 1411 912 ut
1431 865 1625 912 irrideat.

464 933 605 1004 1090ss
644 936 790 1002 Qod
807 933 1149 1000 expergefaetus
1165 932 1332 980 Noach
1361 948 1386 978 e
1402 932 1512 979 vino
1529 930 1625 988 suo,
1664 930 1890 994 fignificet
1906 931 2022 979 dum
2040 932 2200 980 melius
2237 932 2376 981 instru
2389 962 2400 971 -

385 1005 503 1061 stus,
539 1003 713 1052 constat
756 1019 784 1050 a
824 1001 1150 1066 fignificatione
1206 996 1452 1061 expergisci
1501 997 1605 1061 post
1633 997 1929 1055 ebrietatem,
1986 1014 2096 1046 cum
2143 999 2398 1057 inebriatus,

387 1070 517 1119 vers:
559 1085 635 1118 21.
656 1067 965 1132 significavit,
998 1066 1127 1130 quod
1150 1064 1198 1112 in
1234 1079 1406 1112 errores
1439 1063 1606 1128 lapsus,
1640 1079 1779 1128 quare
1802 1065 2055 1129 expergisci
2079 1081 2170 1113 non
2194 1065 2316 1114 aliud
2338 1066 2402 1114 est

386 1153 530 1202 quam
550 1135 607 1183 ab
628 1133 868 1183 erroribus.
2001 1154 2003 1157 *

464 1219 605 1266 1091.
643 1198 792 1262 Qod
807 1196 916 1252 fecit
937 1198 979 1246 ei
1013 1198 1137 1246 filius
1160 1194 1256 1260 ejus
1279 1197 1451 1254 minor,
1485 1196 1713 1261 fignificet
1734 1198 1861 1261 quod
1877 1197 1976 1246 talis
2006 1197 2062 1247 fit
2085 1198 2235 1247 cultus
2256 1210 2400 1247 exter-

386 1283 473 1316 nus
490 1266 710 1330 separatus
733 1264 789 1313 ab
810 1266 988 1312 interno
1024 1277 1078 1312 ut
1100 1265 1280 1311 irrideat
1305 1286 1320 1319 3
1355 1279 1413 1312 ex
1435 1263 1558 1311 sensu
1572 1264 1715 1311 literae
1738 1263 1811 1311 seu
1834 1263 2048 1312 historico
2070 1277 2254 1329 apparet
2285 1266 2400 1313 ficut

387 1349 470 1398 per
506 1333 658 1380 filium
683 1332 908 1380 minorem
933 1331 1212 1394 intelligatur
1234 1329 1403 1386 Cham,
1439 1329 1514 1376 sed
1531 1346 1589 1376 ex
1614 1330 1814 1393 sequenti
1836 1330 1965 1377 versu
1989 1331 2163 1379 constat
2178 1332 2307 1395 quod
2330 1334 2400 1380 in-

387 1399 618 1463 telligatur
639 1399 837 1454 Canaan,
872 1413 980 1445 narn
1003 1397 1188 1456 dicitur,
1242 1395 1508 1443 maledictus
1556 1396 1736 1444 Canaan
1763 1418 1778 1452 3
1813 1397 1952 1444 etiam
1992 1398 2038 1445 in
2084 1396 2214 1444 versu
2254 1398 2400 1446 subse-

388 1478 558 1530 quente
598 1466 660 1514 26
693 1465 745 1512 &
781 1466 878 1528 27,ι
893 1463 1024 1528 quod
1046 1464 1228 1511 Canaan
1250 1463 1336 1510 erit
1357 1460 1510 1510 servus
1533 1485 1549 1518 3
1585 1463 1635 1510 δε
1658 1462 1786 1525 quod
1809 1461 1920 1509 nihil
1944 1463 2001 1510 de
2019 1463 2199 1511 Chamo
2223 1480 2400 1512 memo·

387 1544 530 1590 retur,
566 1529 692 1580 causa
713 1530 762 1579 in
784 1529 996 1594 sequente
1033 1527 1162 1577 versu
1185 1529 1408 1576 videatur.
1479 1529 1580 1577 Hic
1607 1529 1753 1577 modo
1777 1529 2147 1586 memorandum,
2181 1545 2264 1577 cur
2286 1530 2401 1578 ordo

387 1598 489 1646 talis
511 1597 582 1654 fit,
617 1597 747 1662 quod
770 1597 924 1660 primo
946 1597 1051 1644 loco
1091 1596 1353 1643 nominetur
1373 1595 1558 1652 Schem,
1594 1594 1796 1643 secundo
1818 1595 1986 1652 Cham‚
2023 1597 2158 1643 tertio
2181 1596 2413 1659 Japheth,

388 1664 441 1711 &
464 1676 628 1728 quarto
650 1664 830 1711 Canaan
857 1680 867 1709 :
905 1662 1095 1710 charitas
1112 1660 1176 1708 est
1207 1663 1414 1724 primum
1440 1661 1654 1708 Ecclefiae
1689 1660 1762 1708 seu
1786 1661 1986 1717 Schem3
2022 1662 2135 1709 fides
2158 1661 2222 1709 est
2244 1662 2399 1710 secun-

388 1730 508 1778 dum
522 1729 594 1777 seu
618 1729 767 1776 Cham
792 1750 807 1784 ς
833 1728 982 1775 cultus
1005 1744 1063 1775 ex
1085 1726 1297 1774 charitate
1319 1726 1383 1773 est
1400 1727 1586 1774 tertium
1610 1725 1683 1773 seu
1700 1727 1898 1790 Japheth
1916 1749 1932 1782 3
1968 1727 2118 1774 cultus
2142 1729 2189 1774 in
2206 1732 2399 1778 externis

390 1794 556 1859 absque
572 1793 664 1842 fide
684 1795 735 1842 ὅτ
768 1794 978 1842 charitate
1001 1793 1065 1840 est
1080 1803 1294 1857 quartum
1320 1792 1393 1839 seu
1427 1793 1632 1841 Canaan:
1670 1793 1858 1840 charitas
1890 1791 1954 1839 est
1975 1791 2111 1840 frater
2133 1793 2256 1850 fidei,
2292 1795 2399 1842 inde

389 1875 578 1973 ‹sluoque
617 1859 765 1908 cultus
799 1874 859 1908 ex
882 1859 1112 1917 charitate,
1146 1857 1222 1906 sed
1244 1858 1394 1907 cultus
1416 1859 1464 1906 in
1486 1858 1680 1907 externis
1714 1858 1879 1922 absque
1910 1858 2120 1907 charitate
2161 1858 2225 1907 est
2248 1858 2400 1923 servus

414 1941 643 1974 ervorum.

467 2009 556 2055 109
567 2008 605 2038 z.
622 1991 760 2040 Vers:
780 2009 857 2055 25.
879 1994 944 2041 Et
959 1991 1087 2049 dixit,
1106 1990 1349 2039 maledib'tus
1363 1992 1559 2048 Canaan,
1560 1992 1718 2055 servus
1723 1992 1952 2055 servorum
1966 1993 2051 2039 erit
2062 1990 2286 2054 fratribus
2291 1993 2399 2056 suis.

390 2057 674 2106 Maledicstus
719 2058 917 2115 Canaan,
952 2057 1178 2121 fignificat
1223 2059 1351 2121 quod
1394 2058 1542 2106 cultus
1586 2070 1795 2105 externus
1815 2056 2036 2121 separatus
2076 2057 2132 2104 ab
2156 2059 2332 2106 interno
2355 2058 2399 2106 se

388 2135 562 2171 avertat
579 2139 605 2171 a
626 2124 862 2172 Domino:
901 2122 1054 2179 servus
1071 2123 1302 2172 servorum
1325 2124 1411 2172 erit
1426 2122 1636 2172 fratribus
1659 2123 1765 2182 suis,
1799 2123 2024 2188 fignificat
2046 2124 2312 2172 viliffimum
2349 2127 2398 2173 in

394 2189 612 2238 Ecclesia.

468 2273 615 2319 1093.’
643 2257 791 2320 Qod
815 2257 1082 2305 maledictus
1121 2257 1318 2314 Canaan,
1354 2256 1578 2320 significet
1599 2257 1727 2321 quod
1751 2256 1900 2305 cultus
1929 2268 2140 2305 externus
2175 2255 2398 2321 separatus

394 2320 453 2367 ab
476 2321 652 2370 interno
676 2321 717 2369 se
740 2335 914 2371 avertat
935 2340 960 2370 a
981 2323 1207 2380 Domino,
1242 2322 1414 2371 constat
1447 2341 1473 2371 a
1496 2324 1820 2387 fignificatione
1856 2324 2088 2380 Canaanis,
2124 2325 2174 2370 ὅτ
2198 2340 2223 2371 a
2261 2323 2399 2388 figni-

393 2386 604 2434 ficatione
623 2387 829 2435 maledici
855 2410 871 2444 3
905 2390 1033 2452 quod
1058 2390 1239 2437 Canaan
1257 2389 1312 2436 fit
1334 2389 1485 2438 cultus
1508 2402 1718 2439 externus
1743 2390 1963 2454 separatus
1986 2389 2043 2437 ab
2065 2391 2259 2447 interne,
2286 2406 2397 2437 con-

395 2450 481 2498 stat
503 2468 559 2498 ex
582 2451 670 2499 illis
693 2468 798 2515 quae
814 2453 939 2516 prius
959 2454 1016 2501 de
1030 2455 1232 2502 Canaane
1255 2455 1392 2513 dicia,
1429 2469 1532 2504 tum
1553 2457 1714 2504 exinde
1738 2457 1865 2519 quod
1883 2456 2148 2503 maledictus
2187 2457 2362 2504 dicatur
2378 2478 2396 2512 3

394 2518 448 2564 δε
465 2533 491 2564 a
512 2516 796 2580 sequentibus
828 2519 957 2582 quod
978 2520 1033 2566 fit
1055 2519 1206 2567 servus
1227 2520 1490 2578 servorum;
1527 2524 1577 2570 δε
1600 2523 1779 2585 utrique
1803 2534 1896 2570 tarn
1919 2522 2116 2570 Schemo
2153 2538 2292 2586 quam
2316 2523 2395 2583 Ja-

393 2583 536 2645 pheto
553 2583 720 2640 servus,
757 2585 884 2647 quod
908 2600 999 2631 non
1023 2584 1145 2632 aliud
1167 2586 1313 2648 potest
1335 2588 1418 2634 effe
1439 2604 1580 2651 quam
1611 2587 1864 2651 separatum
1888 2588 2002 2650 quid
2036 2588 2092 2634 ab
2116 2587 2210 2651 ipsa
2230 2588 2394 2635 Eccle-

398 2648 476 2705 fia,
513 2649 646 2712 quale
667 2649 732 2696 est
758 2650 904 2698 cultus
928 2650 1046 2698 solus
1068 2652 1116 2697 in
1144 2652 1354 2699 externis,
1422 2654 1473 2700 A
1500 2653 1823 2716 significatione
1848 2653 2072 2709 maledici,
2107 2654 2234 2716 quod
2261 2653 2313 2700 fit
2351 2652 2394 2707 se

395 2727 612 2771 avertere,
647 2732 752 2763 narn
783 2717 1015 2764 Dominus
1054 2715 1274 2780 nusquam
1298 2717 1430 2765 alicui
1453 2718 1698 2775 maledicit,
1734 2735 1790 2765 ne
1834 2719 2024 2782 quidem
2064 2719 2281 2774 irascitur,
2317 2718 2394 2766 sed

394 2780 538 2828 homo
560 2781 638 2838 est,
674 2784 755 2845 qui
778 2781 858 2829 fibi
882 2782 1112 2829 maledicit
1142 2799 1223 2845 per
1246 2782 1294 2830 id
1315 2784 1444 2847 quod
1467 2783 1508 2831 se
1531 2796 1700 2832 avertat
1736 2801 1762 2832 a
1783 2786 2007 2840 DominO,
2042 2784 2098 2831 de
2128 2785 2294 2849 quibus
2318 2787 2392 2832 vi.-

396 2845 585 2892 deantur
606 2863 711 2909 quae
726 2849 851 2911 prius
875 2849 994 2896 dieta
1017 2850 1065 2895 δε
1101 2848 1268 2896 ostensa
1291 2848 1409 2907 sunt,
1445 2866 1476 2897 n
1497 2869 1508 2898 ε
1546 2866 1603 2899 22
1613 2867 1658 2913 3,
1695 2868 1810 2913 245,
1848 2866 1957 2911 592.
1983 2862 2164 2897 tantum
2198 2850 2318 2899 abest
2338 2864 2393 2900 ut

395 2911 627 2958 Dominus
637 2913 767 2960 alicui
778 2914 1013 2961 maledicat
1021 2915 1069 2961 δε
1081 2913 1300 2972 irascatur,
1312 2928 1537 2978 quantum
1551 2917 1638 2963 coel
1645 2932 1730 2980 um!
1739 2932 1763 2962 a
1771 2929 1887 2964 terra
1897 2939 1911 2972 3
1930 2918 2030 2980 quis
2039 2917 2216 2964 credere
2226 2917 2391 2980 potest,

399 2975 526 3036 quod
543 2977 788 3035 Dominus,
825 2981 925 3042 Qui
948 2980 1189 3028 omniscius
1206 2983 1255 3028 ὅτ
1280 2984 1586 3045 omnipotens,
1605 2984 1654 3029 &
1678 2985 1796 3046 regit
1814 2982 2025 3046 sapientia
2046 2983 2321 3040 universum,
2340 2987 2393 3032 δε

403 3040 463 3086 fic
499 3041 671 3088 infinite
705 3041 835 3105 supra
858 3061 1014 3093 omnes
1037 3047 1335 3105 infirmitates,
1371 3048 1579 3096 irascatur
1595 3049 1772 3112 pulveri
1793 3062 1886 3096 tarn
1910 3049 2162 3107 miserabili,
2199 3051 2286 3102 hoc
2309 3049 2389 3105 est,

398 3105 674 3162 hominibuS,
698 3110 789 3170 ¹qui
811 3111 892 3157 vix
917 3113 1165 3174 quicquam
1197 3112 1342 3165 sciunt
1378 3115 1491 3180 quid
1526 3113 1712 3172 faciunt,
1747 3116 1798 3163 ὅτ
1822 3115 1931 3163 nihil
1953 3116 2133 3179 poffunt
2162 3131 2216 3162 ex
2240 3115 2280 3162 se
2304 3116 2387 3162 nisi

400 3171 595 3226 malum,
630 3187 766 3234 quare
810 3175 934 3236 apud
970 3177 1230 3225 Dominum
1264 3179 1484 3242 nusquam
1504 3181 1567 3228 est
1589 3181 1730 3238 irasci,
1766 3180 1842 3229 sed
1866 3182 2072 3229 misereri.
2143 3180 2290 3248 Qod
2312 3181 2386 3232 hic

401 3251 557 3291 arcana
578 3239 908 3297 contineantur,
942 3239 1089 3290 solum
1111 3258 1168 3292 ex
1190 3244 1270 3292 illo
1294 3246 1437 3292 videri
1452 3247 1616 3309 potest,
1651 3247 1779 3312 quod
1798 3263 1889 3298 non
1913 3247 2058 3297 Cham
2077 3247 2388 3300 maledicatur,

1313 3312 1360 3359 A
1394 3327 1420 3359 a
1452 3328 1478 3361 a
2278 3325 2388 3362 cum
