2788 3736
717 197 1236 293 CAPUT
1344 196 2008 265 PRIMUM.
2329 217 2384 282 7*

318 359 391 408 cui
418 357 526 406 nihil
550 355 697 405 vitale.
765 356 1019 410 Involvunt
1052 357 1209 405 eadem
1244 357 1289 404 in
1325 358 1564 406 communi
1587 357 1894 405 vastationem
1934 353 2150 412 hominis,
2185 355 2244 403 de
2279 371 2370 420 qua

318 426 439 490 apud
480 424 723 488 prophetas
762 424 907 487 plura,
942 425 1299 488 quaepraecedit
1336 425 1762 487 regenerationem3
1800 439 1903 471 nam
1944 437 2185 487 antequam
2225 422 2370 469 homo

319 493 426 540 scire
450 490 597 555 potest
631 489 745 553 quid
778 505 959 546 verum,
995 492 1045 538 &
1082 491 1201 538 affici
1237 491 1376 547 bono,
1412 490 1690 537 removenda
1730 491 1831 536 sunt
1865 506 1972 553 quae
2008 489 2285 553 impediunt,
2318 490 2370 537 δι’

318 575 425 624 quae
449 571 702 621 repugnant
722 579 736 612 ;
774 559 834 604 ita
855 570 987 607 vetus
1011 557 1153 604 homo
1177 558 1445 612 moriturus,
1481 570 1721 618 antequam
1747 571 1893 603 novus
1917 558 2095 621 concipi
2117 555 2279 620 potest.

391 642 464 687 19.
504 626 608 677 Per,
631 624 859 687 Spiritum
889 623 1281 685 Deirintelligitur
1310 622 1625 669 Misericordia
1645 623 1860 677 Domini,
1894 623 1951 669 de
1983 639 2072 685 qua
2097 623 2370 686 praedicatur

320 695 545 746 motitare,
583 690 695 741 ficut
736 689 843 746 solet
873 688 1042 752 gallina
1074 687 1205 751 super
1226 704 1332 744 ova,
1370 687 1441 734 hic
1465 688 1596 751 super
1623 688 1712 743 illa,
1747 704 1855 751 quae
1878 688 2109 735 Dominus
2139 690 2260 750 apud
2285 688 2373 736 ho·

319 761 493 806 minem
533 757 755 811 recondit,
790 757 839 802 &
875 754 1161 817 appellantur
1190 756 1348 818 paffim
1382 754 1613 816 Reliquiae
1652 756 1698 801 in
1722 754 1912 810 Verbo,
1948 755 2048 801 sunt
2072 756 2370 817 Cognitiones

318 826 487 871 veri&
527 824 652 879 boni,
687 837 795 884 quae
835 820 1057 884 nusquam
1095 821 1140 868 in
1179 821 1329 868 lucem
1370 834 1449 868 aut
1486 821 1610 869 diem
1647 821 1854 878 veniunt,
1889 819 2149 885 priusquam
2189 834 2370 869 externa

319 892 487 937 vastata
510 891 641 944 sunt3
677 887 975 950 cognitiones
993 888 1084 934 illae
1108 901 1328 935 vocantur
1351 888 1424 934 hic
1446 886 1579 935 facies
1599 903 1835 951 aquarum.
2118 915 2127 921 s
2235 900 2238 902 ’

389 972 465 1006 20.
499 954 630 1002 -Vers
659 970 702 1016 3.
757 957 819 1002 Et
858 956 967 1001 dixit
993 955 1129 1009 Deus,
1150 956 1216 1015 fit
1248 955 1367 1011 Lux,
1402 955 1458 1002 &³
1477 953 1609 1016 fabJa
1648 954 1702 1014 est
1737 954 1827 1002 lux.
1898 954 2108 1001 Primum
2144 952 2226 1012 est,
2261 968 2370 1001 cum

321 1024 469 1071 homo,
486 1022 644 1084 incipit
668 1020 792 1076 scire,
826 1020 954 1084 quod
979 1020 1031 1067 fit
1055 1020 1229 1068 bonum
1255 1023 1304 1068 &
1329 1036 1490 1067 verum
1514 1021 1699 1084 aliquod
1734 1019 1934 1084 superius
1956 1039 1967 1068 ε
2003 1021 2211 1067 homines
2241 1035 2372 1083 pror-

322 1091 391 1142 sus
413 1089 604 1142 externi,
638 1104 693 1135 ne
715 1088 903 1152 quidem
928 1087 1089 1143 sciunt,
1124 1087 1235 1150 quid
1262 1086 1456 1142 bonurn,
1491 1088 1538 1134 ὅτ
1564 1087 1677 1152 quid
1700 1103 1882 1144 verum,
1919 1103 2026 1134 nam
2057 1087 2228 1142 omnia,
2263 1101 2372 1149 quae

323 1156 423 1203 sunt
447 1155 610 1205 amoris
636 1153 716 1209 sui,
752 1156 800 1201 &
826 1155 994 1200 amoris
1021 1155 1201 1210 mundi,
1239 1165 1399 1217 putant
1421 1154 1504 1200 effe
1530 1154 1679 1208 bdna3
1714 1156 1762 1201 &
1797 1156 1968 1211 omnia,
2002 1169 2111 1217 quae
2139 1154 2373 1200 amoribus

322 1224 412 1269 istis
438 1221 610 1276 favent,
638 1233 801 1283 putant
823 1221 1051 1276 effe‘vera,
1073 1221 1134 1267 ita
1157 1220 1414 1276 nescientes,
1439 1220 1566 1283 quod
1591 1219 1708 1267 bona
1730 1219 1808 1267 ista
1833 1220 1919 1267 sint
1945 1220 2075 1275 mala,
2099 1221 2148 1268 δῑ
2167 1236 2271 1267 vera
2294 1219 2375 1267 ista

322 1290 408 1336 fint
425 1287 546 1336 falsa:
578 1291 645 1333 At
665 1303 772 1334 cum
794 1287 1051 1350 concipitur
1071 1287 1212 1335 homo
1228 1303 1252 1333 e
1269 1303 1410 1343 novo,
1436 1289 1641 1350 Primum
1669 1285 1773 1334 scire
1799 1287 1976 1350 incipit,
1999 1288 2124 1350 quod
2144 1286 2261 1334 bona
2277 1285 2374 1350 ejus

325 1372 415 1403 non
443 1355 526 1401 lint
548 1355 695 1409 bona·,
732 1369 931 1417 cumque
951 1355 1094 1416 magis
1118 1354 1171 1400 ad
1193 1354 1343 1400 lucem
1370 1356 1513 1410 venit,
1553 1353 1680 1417 quod
1699 1354 1931 1400 Dominus
1956 1355 2024 1410 sit,
2049 1356 2097 1401 &
2122 1354 2246 1417 quod
2274 1355 2374 1400 Do-

327 1425 478 1469 minus
504 1420 555 1468 fit
580 1420 727 1484 ipsum
756 1420 931 1469 bonum
951 1421 999 1467 δε
1019 1436 1207 1468 verum:
1246 1419 1372 1484 quod
1392 1421 1498 1467 scire
1522 1420 1729 1476 debeant,
1765 1420 1892 1483 quod
1917 1421 2149 1467 Dominus
2173 1420 2241 1476 sit,
2277 1419 2376 1483 Ipse

326 1490 439 1536 dicit
462 1487 582 1552 apud
609 1487 884 1547 Johannem,
913 1491 955 1513 ·“
979 1487 1077 1534 Nifi
1101 1487 1399 1544 credideritis,
1434 1486 1561 1550 quod
1585 1486 1694 1549 Ego
1719 1485 1820 1542 firn,
1858 1488 2113 1534 moriemini
2138 1488 2184 1533 in
2220 1502 2377 1549 pecca-

327 1561 361 1582 “
399 1557 454 1602 tis
479 1553 686 1610 vestris,”
721 1569 844 1601 vni.
871 1570 949 1614 24.
1000 1554 1120 1600 Dein
1146 1554 1271 1616 quod
1297 1554 1530 1600 Dominus
1565 1553 1619 1600 fit
1654 1552 1800 1616 ipsum
1842 1553 2035 1609 bonum,
2072 1553 2143 1600 seu
2180 1554 2289 1608 vita,
2325 1555 2374 1601 δε

326 1622 475 1685 ipsum
501 1637 658 1667 verum
685 1618 758 1666 seu
783 1620 886 1676 lux,
919 1634 971 1667 ac
1008 1621 1086 1676 ita,
1120 1621 1246 1683 quod
1273 1620 1451 1667 nullum
1475 1618 1650 1667 bonum
1678 1622 1723 1666 &
1753 1634 1931 1675 verum,
1968 1620 2055 1667 nifi‘
2088 1635 2113 1667 a
2147 1620 2374 1675 Domino,

327 1692 461 1736 etiam
503 1687 622 1752 apud
662 1687 937 1748 Johannem,
992 1691 1026 1714 “
1061 1687 1113 1733 In
1148 1687 1375 1751 principio
1412 1698 1504 1733 erat
1538 1686 1750 1742 verbum,
1797 1687 1847 1733 &
1887 1687 2082 1734 verbum
2120 1699 2215 1733 erat
2254 1687 2379 1749 apud

329 1759 363 1782 “
397 1755 570 1810 Deum,
620 1754 667 1800 δε
709 1754 834 1800 Deus
867 1765 961 1800 erat
1000 1753 1214 1808 verbum,
1248 1754 1401 1800 omnia
1433 1769 1515 1815 per
1548 1753 1706 1816 Ipsum
1743 1751 1859 1800 facta
1894 1751 2012 1810 sunt,
2061 1754 2111 1800 &
2151 1753 2242 1800 fine
2276 1751 2380 1816 Ipso

331 1826 366 1848 “
402 1819 572 1867 factum
596 1818 657 1865 est
682 1820 811 1874 nihil,
845 1817 976 1881 quod
998 1816 1171 1865 faetum
1195 1817 1290 1874 est;
1322 1819 1372 1865 in
1413 1818 1519 1882 Ipso
1554 1820 1648 1864 vita
1688 1830 1798 1874 erat,
1833 1820 1883 1866 &
1905 1821 2002 1866 vita
2042 1832 2134 1866 erat
2171 1820 2253 1866 lux
2295 1821 2378 1866 ho-

335 1892 371 1914 “
409 1888 606 1939 minum,
643 1884 724 1930 lux
763 1898 915 1931 autem
954 1885 1000 1944 in
1037 1883 1230 1931 tenebris
1259 1897 1473 1947 apparet3
1511 1884 1608 1947 Ipse
1632 1897 1726 1931 erat
1763 1885 1844 1932 lux
1869 1899 1989 1942 vera,
2024 1901 2130 1948 quae
2153 1886 2383 1933 illuminat

333 1957 368 1982 ‘⁶
402 1967 590 2001 omnem
617 1950 850 1997 hominem
880 1951 1132 1997 venientem
1168 1951 1213 1996 in
1240 1950 1522 1997 mundum.’‘
1564 1965 1612 1997 1:
1648 1967 1689 2006 ι,
1718 1967 1764 2010 3,
1785 1967 1835 2008 4,
1863 1969 1909 2014 9.

400 2034 478 2069 21.
515 2015 638 2064 Vers
667 2034 717 2075 4,
744 2037 787 2079 5.
839 2019 902 2064 Et
925 2015 1041 2064 vidit
1065 2017 1185 2064 Deus
1206 2018 1380 2073 Lucem,
1414 2016 1525 2081 quod
1550 2016 1676 2072 bona,
1712 2015 1767 2063 ⁴&
1790 2016 1979 2071 distruxit
2002 2017 2120 2064 Deus
2152 2019 2266 2064 inter
2290 2019 2384 2065 Lu-

332 2102 417 2134 cem
440 2082 498 2132 &
517 2089 630 2130 inter
646 2083 870 2131 Tenebras.
909 2085 974 2130 Et
995 2085 1174 2130 vocavit
1191 2084 1311 2131 Deus
1332 2088 1506 2140 Lucem,
1530 2084 1675 2139 Diem,
1698 2082 1753 2131 {9³
1768 2085 1978 2130 Tenebras
1994 2088 2174 2130 vocavit
2188 2087 2383 2134 Nobiem.

334 2153 445 2200 Lux
469 2151 636 2197 dicitur
660 2149 792 2203 bona,
818 2150 925 2212 quia
947 2165 1002 2197 ex
1023 2150 1244 2205 Domino,
1271 2150 1373 2213 Qi
1390 2149 1453 2197 est
1475 2148 1626 2213 ipsum
1646 2149 1844 2196 bonurn:
1881 2150 2107 2197 Tenebrae
2132 2151 2251 2206 sunt,
2277 2167 2385 2215 quae

333 2231 573 2281 antequam
614 2234 638 2263 e
680 2232 804 2263 novo
837 2216 1095 2279 concipitur
1130 2217 1177 2262 δι
1223 2216 1415 2264 nascitur
1454 2216 1619 2272 homo,
1652 2229 1958 2280 apparuerunt
1993 2216 2106 2264 sicut
2145 2217 2243 2274 lux,
2278 2221 2389 2281 quia

335 2287 508 2332 malum
533 2284 646 2330 ficut
668 2282 863 2339 bonum,
898 2283 947 2330 ὅτ,
970 2281 1132 2330 falsum
1156 2281 1269 2330 ficut
1292 2299 1473 2339 verum,
1509 2281 1580 2329 sed
1607 2282 1945 2339 sunt‘tenebrae,
1981 2282 2172 2347 suntque
2205 2286 2389 2347 propria

327 2352 553 2406 hominis,
587 2365 695 2413 quae
734 2361 932 2396 manent.
1002 2349 1177 2397 Omnia
1211 2365 1500 2412 quaecunque
1532 2350 1728 2396 Domini
1765 2351 1882 2406 sunt,
1919 2363 2239 2413 comparantur
2262 2352 2387 2405 Diei,

334 2419 443 2481 quia
480 2416 594 2464 lucis
630 2417 760 2470 sunt3
796 2418 844 2463 &
872 2415 1041 2470 omnia,
1079 2431 1366 2480 quaecunque
1406 2416 1590 2480 propria
1628 2415 1846 2473 hominis,
1882 2429 2204 2480 comparantur
2226 2418 2387 2475 Nocti,

336 2485 443 2547 quia
467 2482 669 2544 caliginis
691 2501 703 2529 x
741 2484 799 2529 ita
822 2482 989 2546 pluries
1013 2483 1058 2529 in
1083 2482 1252 2530 Verbo.

407 2564 486 2598 22.
511 2549 637 2595 Vers.
665 2564 706 2610 5.
758 2551 819 2596 Et
845 2549 945 2610 fuit
978 2549 1174 2610 vespera,
1209 2551 1264 2599 ὅ
1276 2549 1374 2611 fuit
1409 2565 1547 2605 mane,
1581 2548 1669 2597 dies
1697 2552 1876 2611 primus.
1948 2549 2081 2611 Quid
2107 2550 2302 2614 vespera,
2334 2551 2389 2611 ¹81

336 2616 448 2680 quid
470 2631 618 2670 mane,
643 2615 748 2662 inde
756 2612 853 2677 jam
875 2616 1087 2663 noscitur.
1126 2615 1321 2680 Vespera
1336 2614 1399 2662 est
1416 2617 1566 2662 omnis
1591 2615 2023 2679 statuspraecedens,
2059 2618 2165 2678 quia
2190 2617 2387 2675 umbrae,

337 2683 411 2730 seu
435 2682 631 2729 falsi-tatis
651 2681 700 2727 ὅτ
728 2681 893 2728 nullius
918 2681 1025 2727 fidei
1044 2703 1060 2736 ·,
1099 2682 1238 2728 Mane
1260 2681 1323 2729 est
1346 2683 1497 2728 omnis
1522 2681 1670 2729 status.
1688 2682 1873 2745 sequens
1897 2684 2002 2745 quia
2036 2682 2168 2740 lucis,
2209 2683 2283 2736 seu
2310 2700 2390 2731 ve-

290 2814 300 2824 ,
336 2749 478 2797 ritatis
501 2749 548 2796 &
575 2748 894 2810 cognitionum
920 2747 1038 2794 fidei.
1110 2746 1303 2811 Vespera
1337 2748 1383 2794 in
1423 2763 1586 2810 genere
1618 2747 1843 2810 fignificat
1872 2750 2043 2805 omnia,
2079 2765 2186 2812 quae
2208 2753 2390 2814 propria

338 2813 441 2862 sunt
476 2815 706 2870 hominis3
747 2816 884 2861 Mane
922 2826 1091 2869 autem,
1127 2830 1234 2876 quae
1269 2815 1370 2861 sunt
1393 2814 1620 2870 Domini3
1655 2827 1707 2860 ut
1737 2830 1817 2877 per
1840 2815 2089 2872 Davidem,
2126 2822 2163 2844 ‘⁸
2197 2817 2392 2880 Spiritus

339 2887 377 2910 “
413 2881 604 2941 Jehovae
627 2880 843 2942 loquutus
866 2879 930 2927 est
968 2882 1014 2927 in
1056 2896 1146 2937 me,
1183 2882 1232 2928 &
1268 2880 1414 2928 sermo
1444 2880 1582 2944 ipsius
1617 2879 1746 2943 super
1781 2880 1935 2944 lingua
1971 2883 2239 2938 mea,.dixit
2263 2885 2390 2931 Deus

341 2952 376 2976 ‘⁶
391 2984 394 2986 v
411 2946 595 3003 lsraeliS,
630 2947 744 2994 mihi
767 2947 988 3010 loquutus
1009 2946 1071 2994 est
1095 2948 1228 2995 Petra
1250 2947 1436 3004 Israelis,
1476 2947 1551 2994 llle
1575 2946 1687 2994 ficut
1709 2948 1787 2994 lux
1810 2964 1957 3005 mane,
1994 2944 2107 2995 durn
2132 2951 2277 2998 oritur
2309 2950 2393 3008 sol,

342 3018 378 3042 “
414 3029 544 3062 mane
565 3029 658 3061 non
682 3013 844 3071 nubes,
877 3013 993 3061 dum
1033 3030 1058 3061 a
1096 3013 1345 3078 splendore,
1381 3031 1404 3060 a
1428 3013 1599 3077 pluvia,
1637 3013 1773 3061 herba
1795 3027 1945 3062 tenera
1967 3031 1992 3062 e
2014 3019 2176 3074 terra,”
2215 3035 2237 3064 2
2267 3018 2391 3067 Sam.

340 3096 494 3129 xxm.
511 3093 561 3135 2,
573 3094 619 3142 3,
633 3098 682 3138 4.
704 3079 1035 3144 QuiaVespera
1049 3079 1128 3136 est,
1143 3081 1333 3145 quando
1349 3080 1473 3127 nulla
1487 3080 1615 3136 fides,
1631 3081 1679 3128 &
1697 3081 1836 3129 Mane
1846 3082 2038 3145 quando
2051 3083 2182 3141 fides,
2200 3086 2394 3130 Adven-

342 3159 417 3195 tus
437 3146 630 3194 Domini
653 3147 698 3192 in
720 3146 948 3194 mundum
973 3147 1222 3210 appellatur
1248 3148 1422 3203 Mane-3
1458 3147 1507 3193 ὅτ
1533 3159 1736 3211 tempus,
1774 3148 1960 3211 quando
1976 3150 2117 3206 venit,
2154 3152 2261 3213 quia
2284 3163 2394 3196 tunc

343 3214 468 3267 nulla
489 3213 621 3272 fides»,
655 3212 902 3277 appellatur
923 3213 1136 3279 Vespera,
1169 3213 1294 3280 apud
1318 3213 1577 3271 Danielem,
1615 3219 1649 3242 “
1686 3215 1873 3263 Saucius
1896 3215 2013 3264 dixit
2049 3216 2104 3265 ad
2129 3232 2218 3274 me,
2255 3215 2395 3277 usque.

2268 3287 2301 3308 ιι
2337 3280 2394 3328 ad
