2788 3736
327 190 463 271 498
868 171 1839 246 GENE-Sts.

403 327 479 380 tia
487 324 757 398 spirituum
776 346 791 383 3
820 319 877 373 &
895 316 1147 386 nonsblum
1169 314 1489 386 intelligentia
1514 313 1572 367 &³
1573 312 1843 386 sapientia,
1851 314 1947 388 fid
1964 314 2022 370 ἔθ’
2045 315 2202 370 omnia
2225 315 2333 389 quae

399 400 510 471 funt
535 394 867 466 intelligentiae
890 393 948 446 &
955 389 1235 464 sapientia»,
1274 401 1329 442 ut
1363 387 1556 461 loquela,
1595 387 1839 458 cogitatio,
1869 387 2073 459 gaudia,
2094 392 2328 463 filicita-

386 462 487 538 'tes‚
527 492 638 525 nam
681 470 781 522 haec
825 465 1175 538 correspondent
1222 464 1320 517 luci
1339 491 1355 527 ;
1394 461 1524 516 inde‘
1546 462 1752 534 constare
1776 461 1897 515 mihi
1939 481 2111 535 quoque
2150 466 2328 536 potuit,

403 559 596 621 quantae
622 545 679 598 6⁴5?
700 542 856 616 quales
870 540 1188 614 perfiffliones
1206 538 1480 610 angelorum
1487 536 1612 610 stmt
1635 536 1892 609 respeblive
1916 535 1986 590 ad
1996 535 2211 604 homines,
2248 540 2332 611 qui

406 624 459 674 in
477 620 662 694 obscuro
668 618 792 690 Junt
806 627 921 689 prae
928 614 1209 690 spiritibus.
1400 678 1409 683 ν
1679 674 1681 676 ³
1802 628 1805 638 ²
2003 675 2008 678 Β

344 712 363 748 1
378 709 500 768 525.
542 684 776 767 Ostenfiim
802 689 921 744 mihi
940 688 1198 752 Lucidum,
1237 688 1291 741 in
1313 706 1399 760 quo
1422 687 1619 751 vivunt,
1658 687 1741 760 qui
1755 684 1825 740 ad
1838 686 2080 741 internam
2099 686 2339 759 quandam

391 770 558 843 faciei
596 766 907 841 provinciam
942 765 1189 836 pertinent
1215 790 1231 827 3
1269 774 1380 815 erat
1423 761 1665 822 Lucidum
1689 762 1945 815 variatum
1955 763 2155 834 pulchre
2180 761 2338 815 radiis

394 847 614 920 flammae
629 839 792 896 aureae
802 852 894 913 pro
920 838 1015 891 illis
1047 838 1131 910 qui
1155 838 1207 890 in
1236 835 1561 908 ffbtionibus
1585 836 1694 890 boni
1714 836 1854 908 stim,
1893 838 1950 891 ΕΘ
1975 838 2218 893 Lucidum
2240 859 2339 892 va-

411 921 597 973 riatum
639 915 796 969 radiis
820 914 936 967 lucis
961 925 1202 984 argenteae
1217 923 1306 987 pro
1331 911 1428 964 illis
1451 912 1534 984 qui
1558 911 1611 963 in
1636 910 1962 983 affeblionibus
1999 913 2112 965 veri
2130 941 2145 978 3
2183 935 2335 988 quan-

411 992 553 1065 doque
603 992 762 1045 etiam'
800 987 966 1042 vident
992 987 1173 1050 ccelum,
1195 985 1292 1057 sed
1307 999 1396 1038 non
1440 986 1522 1039 hoc
1547 986 1669 1057 quod
1699 1005 1860 1039 coram
1882 986 2048 1057 nostris
2081 990 2231 1043 oculis⁴
2245 989 2338 1063 ap..

404 1067 571 1142 paret,
595 1065 690 1138 st'd
723 1083 883 1117 coram
908 1063 1004 1115 illis
1048 1060 1438 1133 repraestntatum
1468 1059 1673 1129 stellulis
1701 1060 2026 1130 pulcherrime
2081 1075 2302 1118 ornatum
2319 1088 2338 1119 .-

420 1141 543 1215 quod
563 1132 846 1211 differentia
865 1136 1086 1205 lucisfit,
1118 1135 1260 1205 causa
1298 1134 1374 1201 est,
1413 1134 1530 1204 quia
1553 1152 1702 1200 omnes
1699 1134 1912 1204 spiritus
1932 1134 2040 1188 boni
2057 1139 2268 1209 quisunt
2287 1141 2341 1194 in

408 1216 571 1289 primo
608 1213 733 1274 ccel0,
773 1212 829 1263 ἔθ’
856 1228 1003 1262 omnes
1012 1208 1225 1280 spiritus
1249 1206 1458 1277 angelici
1473 1207 1555 1276 qui
1564 1207 1688 1278 fiunt
1711 1209 1765 1258 in
1789 1209 1941 1262 altero
1964 1211 2089 1274 caele,
2111 1213 2169 1265 δέ’
2194 1233 2342 1269 omnes

366 1294 369 1295 ⁷
416 1290 577 1361 angeli
601 1288 682 1360 qui
701 1287 754 1339 in
771 1282 932 1347 tertio,
970 1282 1035 1334 in·
1042 1286 1215 1354 genere
1250 1280 1608 1353 distinguantur
1650 1281 1704 1333 in
1722 1344 1725 1346 q
1744 1281 1932 1351 caelestes
1951 1284 2343 1355 &spirituales3

369 1384 371 1387 ·
417 1362 729 1435 coelestessitnt
752 1359 836 1432 qui
859 1357 911 1410 in
942 1376 1099 1410 amore
1123 1355 1247 1418 boni,
1267 1354 1557 1427 spirituales
1580 1355 1665 1427 qui
1687 1355 1741 1407 in
1764 1375 1923 1422 amore
1946 1358 2073 1411 veri.
2289 1381 2294 1387 ·

354 1454 373 1491 1
388 1453 415 1508 5
426 1440 509 1493 26.
528 1432 898 1503 Abdub‘lussttm
923 1431 984 1485 ab
1004 1430 1120 1484 ideis
1131 1429 1516 1501 particularium
1523 1428 1614 1502 seu
1629 1430 1850 1500 corporis,
1869 1432 1948 1500 stc
1967 1445 2021 1484 ut
2044 1434 2099 1486 in
2116 1436 2235 1490 ideis
2230 1439 2346 1510 spi.

419 1510 679 1566 ritualibus
699 1507 954 1570 detinerer,
993 1516 1106 1558 tunc
1125 1503 1358 1577 apparuit
1376 1503 1743 1556 rutilatio-viva
1762 1503 1879 1558 lucis
1902 1505 2246 1574 adamantinae,
2286 1513 2345 1565 &

421 1584 503 1646 hoc
522 1585 641 1655 satis
655 1577 767 1646 'diu‚'
806 1582 951 1634 lucem
1000 1598 1096 1650 non*
1139 1579 1286 1631 aliter
1299 1576 1474 1649 poffitm
1512 1576 1786 1648 describere,
1825 1598 1938 1632 nam
1955 1580 2074 1638 ficut
2112 1584 2350 1639 adaman-

423 1648 578 1714 tinum
604 1657 812 1710 rutilans
828 1666 937 1708 erat
962 1654 1015 1707 in
1020 1652 1228 1724 singulis
1248 1653 1459 1723 minimis
1478 1678 1493 1716 3
1533 1652 1590 1705 &
1615 1653 1798 1725 quando
1822 1653 2018 1707 tenebar
2036 1656 2089 1708 in
2110 1657 2196 1711 illa
2229 1659 2346 1725 luce,

420 1732 773 1807 particularia,
819 1748 928 1803 quae
954 1727 1195 1781 mundana
1219 1728 1277 1781 δέ’
1303 1737 1525 1799 corporea
1564 1738 1720 1791 erant,
1756 1728 2081 1800 percipiebam
2124 1725 2352 1806 tanquam

426 1805 575 1881 infra
595 1826 681 1871 me,
721 1806 778 1860 &²
819 1815 999 1858 remota
1020 1830 1035 1868 3
1074 1822 1133 1856 ex
1157 1801 1323 1874 quibus
1367 1801 1621 1867 instruam
1646 1802 1699 1854 in
1740 1815 1923 1874 quanta
1969 1803 2071 1858 luce
2091 1805 2230 1877 sunt,
2253 1809 2353 1881 qui

427 1882 623 1937 abduiti
646 1880 711 1934 ab
755 1879 874 1934 ideis
923 1876 1254 1950 materialibus
1297 1877 1350 1929 in
1358 1876 1705 1949 spiritualibus
1712 1877 1851 1949 sunt.
1928 1879 2187 1934 Praeterea
2229 1884 2352 1936 Lux

413 1953 684 2031 spirituum
708 1956 765 2009 δέ)
786 1954 1057 2026 angelorum
1082 1952 1215 2005 toties
1253 1950 1373 2005 mihi
1395 1950 1506 2024 visa
1528 1950 1603 2022 est,
1643 1963 1698 2004 ut
1725 1953 1929 2024 paginae
1953 1950 2279 2026 implerentur,
2319 1957 2360 2010 si

432 2031 740 2103 experientiae
765 2048 912 2082 omnes
936 2026 1303 2093 recenfi’rentur.

368 2123 388 2160 1
403 2122 524 2178 527.
548 2107 681 2158 'Cum
705 2097 915 2157 Domino
934 2101 1212 2172 beneplacet,
1235 2101 1447 2174 spiritus
1467 2101 1575 2155 boni
1593 2112 1829 2175 apparent
1852 2120 2011 2155 coram
2035 2104 2162 2166 aliis,
2204 2106 2366 2158 etiam·
2447 2160 2450 2162 ,
2491 2101 2494 2102 ’
2574 2094 2579 2100 ’

413 2176 534 2251 sibi,
568 2180 685 2242 ficut
698 2177 858 2249 ‚stellae
883 2175 1069 2239 lucidae,
1108 2175 1398 2248 coruscantes
1405 2175 1666 2247 stcundum
1691 2195 1848 2228 eorum
1863 2175 2133 2229 charitatis
2159 2179 2216 2238 &³
2222 2179 2352 2249 fidei

437 2254 716 2327 qualitatem
736 2279 752 2317 ;
790 2264 846 2304 at
866 2250 1080 2322 spiritus
1105 2251 1223 2303 mali
1246 2250 1399 2318 instar
1432 2248 1724 2320 globulorum
1749 2247 1882 2320 ignis
1901 2249 2199 2304 carbonarii.
2426 2315 2437 2322 ὠ

375 2347 394 2381 1
409 2328 530 2399 528.
572 2328 688 2379 Vita
708 2325 1025 2397 cupiditatum
1049 2324 1107 2376 &3
1126 2323 1235 2376 inde
1257 2323 1552 2396 voluptatum
1576 2334 1779 2394 apparet
1796 2324 2064 2396 quandoque
2059 2326 2191 2396 sicut
2227 2327 2363 2398 ignis

442 2400 753 2456 carbonarius
772 2398 903 2471 apud
905 2397 1118 2469 spiritus
1142 2397 1283 2450 malos
1304 2424 1319 2461 ;
1358 2398 1412 2450 in
1436 2397 1531 2450 tale
1555 2399 1684 2468 qulfi
1703 2398 1892 2468 igneum
1926 2400 2043 2451 vita
2063 2401 2260 2454 Amoris
2297 2404 2358 2458 &⁸

444 2473 800 2547 Mst’ricordiae
838 2471 1060 2536 Domini,
1098 2490 1202 2543 quae
1244 2471 1375 2544 apud
1403 2490 1472 2524 eos
1509 2472 1689 2544 influit,
1727 2483 1948 2525 mutatur
1966 2499 1983 2537 ;
2038 2474 2151 2527 vita
2199 2486 2361 2528 autem

436 2549 799 2624 phantastarum
822 2566 979 2599 eorum
997 2556 1200 2617 apparet
1204 2546 1337 2616 stcut
1361 2545 1512 2598 lumen
1536 2546 1660 2610 inde,
1699 2545 1821 2618 quod
1829 2546 1890 2617 est
1913 2546 2152 2619 obscurum
2167 2549 2240 2601 ad
2249 2549 2360 2601 nul-

447 2625 544 2677 lam
569 2621 902 2694 distantiamst’
926 2620 1201 2684 extenden53
1239 2631 1296 2689 at
1328 2639 1442 2673 vero
1466 2621 1829 2692 approximante
1847 2622 1965 2678 *vita
1988 2623 2165 2685 amoris
2187 2623 2356 2685 mutui,

450 2699 637 2768 igneum
677 2696 798 2749 illud
818 2695 1136 2767 exstinguitur
1160 2695 1218 2748 δέ’
1250 2694 1471 2765 vertitur
1493 2696 1550 2747 in
1554 2695 1749 2766 frigus,
1789 2696 1846 2748 δεῖ
1871 2696 2023 2747 lumen
2061 2694 2185 2747 illud
2197 2695 2362 2766 obscu-

450 2790 560 2822 rum
579 2772 796 2823 vertitur
814 2770 866 2822 in
886 2768 1101 2822 tenebras
1117 2790 1135 2820 .·
1173 2788 1286 2822 nam
1304 2768 1423 2821 mali
1427 2768 1641 2840 spiritus
1662 2769 1838 2840 degunt
1859 2769 1913 2821 in
1927 2767 2146 2833 tenebris,
2187 2770 2244 2822 &³
2270 2770 2369 2823 mi-

387 2873 389 2875 ·
453 2863 578 2906 rum,
614 2844 736 2915 quod
745 2844 889 2896 etiam
909 2842 1100 2915 quidam
1124 2854 1283 2896 ament
1296 2843 1528 2912 tenebras,
1566 2845 1624 2896 δέ)
1661 2844 1779 2913 exosi
1790 2843 1897 2912 sint
1919 2841 2079 2894 lucem.

394 2933 416 2972 1
430 2933 553 2989 529.
590 2918 650 2968 In
691 2917 813 2969 Caelo
851 2917 1123 2985 notiffi'mum
1160 2916 1236 2988 est,
1277 2936 1365 2969 non
1414 2917 1490 2968 ita
1524 2917 1577 2968 in
1601 2916 1767 2969 mundo
1789 2915 2075 2986 spirituum,
2098 2916 2227 2969 unde
2246 2919 2371 2971 Lux

456 3000 615 3054 tanta,
654 2989 774 3061 quod
811 3002 969 3060 nempe
999 3009 1045 3041 a
1069 2991 1314 3053 Domin03
1352 2990 1410 3041 δέ
1433 2989 1555 3060 quod
1572 2990 1765 3052 mirum,
1805 2989 2044 3042 Dominus
2083 3002 2286 3063 apparet
2309 2992 2367 3045 in

460 3063 597 3129 Coelo'
611 3063 754 3117 tertio
778 3063 979 3132 Angelis
998 3062 1244 3132 caelestibus
1258 3074 1312 3114 ut
1332 3062 1424 3125 Sol,
1463 3063 1524 3114 &
1537 3053 1738 3132 Angelis
1744 3063 2088 3134 spiritualibus
2105 3064 2168 3116 ut'
2183 3066 2332 3118 Luna
2346 3092 2368 3129 3

390 3159 394 3162 .
446 3137 565 3212 ,ipstl'
586 3137 716 3244 origo
736 3135 853 3191 lucis
876 3154 964 3190 non
984 3135 1043 3206 est
1065 3135 1294 3201 aliunde3
1331 3146 1394 3191 atv
1410 3146 1638 3209 quantum
1664 3137 1832 3217 caelelle
1866 3138 1924 3192 &2²
1946 3137 2375 3286 spiritucssngpltg
